1635250114774,1.2393,4.1992,8.6953,0.0040,0.0066,0.1017
1635250114789,1.2656,4.0859,8.7422,0.0242,-0.0179,0.1230
1635250114791,1.2998,4.0430,8.7500,0.0572,-0.0445,0.1644
1635250114792,1.3066,4.2031,8.7188,0.0881,-0.0679,0.1964
1635250114797,1.3447,4.2891,8.7344,0.1051,-0.0870,0.2134
1635250114798,1.4355,4.2617,8.7734,0.0987,-0.0945,0.2357
1635250114800,1.5059,4.2422,8.7656,0.0721,-0.0977,0.2654
1635250114801,1.4883,4.2539,8.8047,0.0646,-0.1083,0.2805
1635250114802,1.5322,4.2227,8.8906,0.0828,-0.1168,0.2847
1635250114804,1.6494,4.1836,8.9922,0.1104,-0.1200,0.2964
1635250114811,1.7979,4.2461,9.0625,0.1349,-0.1190,0.3049
1635250114817,1.8955,4.3203,9.0625,0.1541,-0.1083,0.2964
1635250114819,1.8740,4.4063,8.9922,0.1476,-0.0934,0.2847
1635250114820,1.8789,4.5234,8.8984,0.1210,-0.0785,0.2815
1635250114821,1.8906,4.5820,8.8281,0.0923,-0.0636,0.2739
1635250114823,1.9150,4.6367,8.7578,0.0732,-0.0487,0.2666
1635250114824,1.9297,4.6523,8.7500,0.0699,-0.0221,0.2622
1635250114825,1.9365,4.6289,8.7891,0.0636,-0.0072,0.2549
1635250114827,1.9941,4.6445,8.8359,0.0466,0.0109,0.2422
1635250114828,2.0586,4.6484,8.8672,0.0274,0.0290,0.2240
1635250114830,2.0723,4.6055,8.8203,0.0295,0.0460,0.2017
1635250114831,2.0645,4.5195,8.7031,0.0423,0.0566,0.1804
1635250114832,2.0098,4.5273,8.5625,0.0657,0.0598,0.1655
1635250114834,2.0078,4.6445,8.5078,0.0891,0.0513,0.1453
1635250114835,1.9961,4.7656,8.4766,0.0881,0.0449,0.1208
1635250114836,2.0625,4.8281,8.5703,0.0444,0.0460,0.0985
1635250114839,2.1230,4.8594,8.6641,-0.0162,0.0587,0.0751
1635250114842,2.1855,4.7344,8.7344,-0.0598,0.0736,0.0443
1635250114844,2.2070,4.5938,8.8125,-0.0726,0.0822,0.0208
1635250114845,2.2109,4.6250,8.7891,-0.0587,0.0864,0.0177
1635250114847,2.1973,4.7422,8.6797,-0.0353,0.0822,0.0134
1635250114848,2.1426,4.8906,8.5234,-0.0173,0.0790,-0.0004
1635250114850,2.0918,5.0000,8.3516,-0.0056,0.0726,-0.0196
1635250114851,2.0723,4.9453,8.2109,0.0019,0.0566,-0.0398
1635250114854,2.0469,4.8359,8.2500,-0.0002,0.0406,-0.0515
1635250114856,1.9814,4.8086,8.3125,-0.0247,0.0290,-0.0547
1635250114858,1.9531,4.9063,8.4453,-0.0737,0.0247,-0.0600
1635250114860,1.9414,4.9570,8.6172,-0.1396,0.0300,-0.0674
1635250114863,1.8809,4.8750,8.7109,-0.1726,0.0385,-0.0770
1635250114865,1.8115,4.7656,8.6406,-0.1406,0.0332,-0.0856
1635250114876,1.7568,4.7422,8.6016,-0.0460,0.0172,-0.0845
1635250114878,1.7256,4.7734,8.5313,0.0710,-0.0104,-0.0792
1635250114884,1.7256,4.9063,8.4609,0.1466,-0.0338,-0.0792
1635250114981,1.6729,5.0742,8.3984,0.1433,-0.0423,-0.0834
1635250114983,1.5918,5.1563,8.4375,0.0742,-0.0434,-0.0909
1635250114984,1.5723,5.1055,8.4766,-0.0279,-0.0445,-0.1026
1635250114986,1.5771,4.9492,8.6016,-0.1098,-0.0381,-0.1207
1635250114987,1.5938,4.7344,8.6953,-0.1311,-0.0359,-0.1451
1635250114989,1.6279,4.5547,8.6797,-0.1109,-0.0476,-0.1578
1635250114992,1.6133,4.4688,8.6641,-0.0513,-0.0636,-0.1643
1635250114994,1.6396,4.5313,8.6641,0.0093,-0.0817,-0.1707
1635250114997,1.7324,4.6094,8.6953,0.0242,-0.0923,-0.1653
1635250114999,1.7451,4.6836,8.7188,-0.0119,-0.0923,-0.1504
1635250115001,1.7900,4.7109,8.7734,-0.0683,-0.0806,-0.1409
1635250115003,1.7998,4.5820,8.8281,-0.0981,-0.0732,-0.1345
1635250115169,1.8330,4.3594,8.8672,-0.0875,-0.0795,-0.1260
1635250115174,1.7471,4.2734,8.8281,-0.0396,-0.0977,-0.1100
1635250115176,1.7354,4.3281,8.8906,0.0115,-0.1168,-0.0951
1635250115178,1.7451,4.4375,8.8984,0.0327,-0.1190,-0.0856
1635250115181,1.7666,4.4805,8.8672,0.0178,-0.1104,-0.0823
1635250115183,1.7832,4.4375,8.8438,-0.0247,-0.0955,-0.0728
1635250115184,1.7324,4.3633,8.8281,-0.0609,-0.0838,-0.0558
1635250115186,1.6582,4.3711,8.8672,-0.0641,-0.0817,-0.0504
1635250115189,1.6709,4.4023,8.8828,-0.0449,-0.0849,-0.0462
1635250115190,1.6992,4.4258,8.8438,-0.0300,-0.0881,-0.0409
1635250115192,1.7236,4.4688,8.8672,-0.0311,-0.0881,-0.0419
1635250115193,1.8291,4.4922,8.8984,-0.0481,-0.0817,-0.0451
1635250115194,1.9863,4.5195,8.8594,-0.0715,-0.0679,-0.0590
1635250115195,2.0605,4.5195,8.8047,-0.0832,-0.0498,-0.0781
1635250115197,2.0410,4.5000,8.6875,-0.0853,-0.0370,-0.0876
1635250115198,1.9863,4.5977,8.5391,-0.0811,-0.0285,-0.0983
1635250115199,1.9385,4.7656,8.4609,-0.0768,-0.0242,-0.1175
1635250115200,1.9463,4.8516,8.4922,-0.0907,-0.0200,-0.1398
1635250115201,2.0723,4.8359,8.6172,-0.1248,-0.0019,-0.1653
1635250115202,2.1895,4.8203,8.7500,-0.1545,0.0226,-0.1909
1635250115224,2.3906,4.9102,8.8203,-0.1620,0.0555,-0.2345
1635250115226,2.5449,5.2148,8.7266,-0.1683,0.1024,-0.3015
1635250115229,2.5684,5.5117,8.5781,-0.2056,0.1598,-0.3953
1635250115241,2.5820,5.6406,8.3672,-0.3066,0.2300,-0.5024
1635250115244,2.6543,5.6523,8.1328,-0.4844,0.3013,-0.6226
1635250115271,2.7461,5.6797,7.9648,-0.7192,0.3662,-0.7495
1635250115274,2.7617,5.8906,7.8828,-0.9971,0.4226,-0.8770
1635250115279,2.8066,6.0938,7.8945,-1.3252,0.4917,-0.9985
1635250115300,2.8789,6.0820,7.9023,-1.7246,0.5845,-1.1221
1635250115301,2.8457,5.7852,7.9766,-2.1797,0.7021,-1.2578
1635250115309,2.5508,5.3242,8.0156,-2.6387,0.8237,-1.3965
1635250115324,2.2305,4.7539,8.3438,-3.0410,0.9268,-1.5234
1635250115327,2.0117,4.1055,8.6875,-3.3516,1.0176,-1.6104
1635250115353,1.6279,3.6113,8.8594,-3.5527,1.0859,-1.6689
1635250115357,1.1201,3.3203,9.0469,-3.6621,1.1064,-1.6934
1635250115361,0.6821,2.9824,9.2109,-3.6895,1.1133,-1.6875
1635250115383,0.2512,2.6367,9.1719,-3.6895,1.1279,-1.6875
1635250115385,0.0551,2.3340,9.2031,-3.6875,1.1494,-1.7129
1635250115391,-0.1436,1.8984,9.1250,-3.6855,1.1895,-1.7344
1635250115401,-0.5313,1.5195,9.0156,-3.7070,1.2109,-1.7314
1635250115403,-0.9956,1.0889,8.9219,-3.7227,1.2100,-1.7109
1635250115440,-1.4697,0.3901,9.0391,-3.6992,1.2041,-1.6689
1635250115445,-1.8525,-0.5122,9.3047,-3.6387,1.1729,-1.6162
1635250115447,-1.9727,-1.4219,9.4297,-3.5957,1.1084,-1.5693
1635250115461,-1.7852,-2.0547,9.7109,-3.5879,1.0430,-1.5225
1635250115467,-1.6348,-2.5078,9.7891,-3.5820,1.0205,-1.4482
1635250115497,-1.6777,-2.9531,9.7656,-3.5684,1.0156,-1.3545
1635250115501,-1.7852,-3.3262,9.5391,-3.5566,1.0205,-1.2598
1635250115508,-2.0801,-3.6270,9.1094,-3.4922,1.0215,-1.1768
1635250115512,-2.3965,-3.9277,8.8750,-3.3672,0.9609,-1.1055
1635250115530,-2.4883,-4.1641,8.6953,-3.2949,0.8706,-1.0205
1635250115538,-2.4316,-4.1680,8.3984,-3.3223,0.8057,-0.9355
1635250115541,-2.1816,-4.1406,8.3984,-3.3965,0.7769,-0.8706
1635250115544,-1.9678,-4.3906,8.5313,-3.4512,0.7822,-0.8135
1635250115573,-1.8809,-4.5859,8.5781,-3.5000,0.7842,-0.7578
1635250115574,-1.7549,-4.5117,8.4063,-3.5566,0.7949,-0.6890
1635250115575,-1.8477,-4.5391,7.5078,-3.6270,0.7949,-0.6099
1635250115583,-1.6709,-5.0273,6.8516,-3.8066,0.7993,-0.5718
1635250115587,-1.7686,-5.4844,5.8438,-3.7559,0.8193,-0.5186
1635250115619,-2.0527,-6.5664,5.9805,-3.3438,0.8218,-0.4973
1635250115624,-2.1035,-7.6172,6.6523,-2.8164,0.7100,-0.5591
1635250115629,-2.0254,-7.8164,7.0234,-2.2207,0.5864,-0.5708
1635250115636,-1.9678,-7.4336,7.2539,-1.7373,0.4949,-0.4888
1635250115639,-1.7139,-6.8281,7.2773,-1.5625,0.4333,-0.4197
1635250115655,-1.4004,-6.3984,7.0781,-1.6250,0.4397,-0.3909
1635250115656,-1.3613,-6.3320,6.8164,-1.7861,0.4961,-0.3601
1635250115685,-1.8809,-6.2891,5.8477,-1.9990,0.5117,-0.3386
1635250115686,-1.8359,-6.6719,5.4531,-1.9971,0.4609,-0.3706
1635250115689,-1.8047,-7.1523,5.1055,-1.8984,0.4280,-0.3813
1635250115719,-1.8594,-7.5313,4.9570,-1.7588,0.3811,-0.3823
1635250115722,-1.8457,-7.7305,5.2734,-1.6465,0.2991,-0.4058
1635250115723,-1.7236,-7.6445,5.7695,-1.5557,0.2396,-0.4250
1635250115742,-1.5840,-7.2148,6.0234,-1.4834,0.2524,-0.4250
1635250115744,-1.5410,-6.5430,6.1680,-1.4131,0.2791,-0.4558
1635250115746,-1.5010,-6.2305,5.5391,-1.3203,0.2810,-0.5122
1635250115772,-1.5098,-6.9688,4.8164,-1.1875,0.2747,-0.5151
1635250115774,-1.6494,-7.9688,4.2773,-1.0986,0.2407,-0.4792
1635250115775,-1.7139,-8.6328,3.8066,-0.9097,0.1779,-0.4548
1635250115802,-1.5967,-9.2266,3.6230,-0.5620,0.1194,-0.4504
1635250115804,-1.3096,-9.7344,3.8594,-0.2035,0.0662,-0.4697
1635250115805,-1.0889,-9.8359,4.3164,0.1083,0.0183,-0.4729
1635250115834,-0.9385,-9.4844,4.5469,0.3381,-0.0221,-0.4504
1635250115837,-0.8208,-9.0391,4.4414,0.5083,-0.0445,-0.4238
1635250115839,-0.9023,-8.5234,4.3047,0.6465,-0.0646,-0.3931
1635250115860,-0.9575,-7.6758,4.2109,0.7295,-0.1094,-0.3728
1635250115862,-0.7729,-6.9883,4.5039,0.7773,-0.1561,-0.3687
1635250115864,-0.6177,-7.3008,4.7305,0.7285,-0.1775,-0.3557
1635250115891,-0.6245,-8.1016,4.9766,0.5264,-0.1550,-0.3069
1635250115893,-0.7397,-8.1406,5.3789,0.2625,-0.1115,-0.2590
1635250115895,-0.8018,-7.9023,5.6680,0.1678,-0.0923,-0.2505
1635250115924,-0.7275,-7.9922,6.0703,0.2306,-0.0881,-0.2610
1635250115926,-0.6343,-8.1172,6.3594,0.2869,-0.0668,-0.2664
1635250115927,-0.6318,-8.0625,6.3086,0.3337,-0.0476,-0.2546
1635250115952,-0.5171,-7.6914,6.0469,0.3381,-0.0551,-0.2494
1635250115954,-0.2776,-7.3750,5.8203,0.2498,-0.0572,-0.2473
1635250115957,-0.1101,-7.1836,5.7031,0.0210,-0.0455,-0.2250
1635250115982,-0.0311,-7.1797,5.6992,-0.2896,-0.0083,-0.2004
1635250115984,-0.1125,-7.5938,5.5469,-0.5205,0.0439,-0.1824
1635250115986,-0.3159,-8.2422,5.5391,-0.5947,0.0768,-0.1738
1635250116019,-0.4070,-8.7422,5.5586,-0.4834,0.0757,-0.1802
1635250116021,-0.3447,-9.2031,5.6445,-0.1812,0.0492,-0.1866
1635250116025,-0.2106,-9.3281,5.8281,0.1541,0.0162,-0.1844
1635250116037,0.0455,-9.0078,6.0234,0.3987,-0.0157,-0.1675
1635250116049,0.2346,-8.4844,6.2266,0.5210,-0.0189,-0.1228
1635250116062,0.1915,-7.8359,6.1055,0.5093,-0.0051,-0.0823
1635250116064,0.0766,-7.3398,5.9727,0.4189,-0.0019,-0.0696
1635250116067,0.0168,-7.1172,5.9414,0.2434,-0.0062,-0.0760
1635250116092,-0.0239,-7.0977,5.6992,0.0817,0.0024,-0.0781
1635250116094,-0.0958,-7.4570,5.6055,0.0125,0.0002,-0.0664
1635250116096,-0.1460,-7.8320,5.7891,-0.0322,-0.0253,-0.0739
1635250116121,-0.1268,-7.9141,5.6484,-0.0662,-0.0508,-0.0898
1635250116124,-0.0886,-7.8711,5.6953,-0.0364,-0.0646,-0.0781
1635250116134,-0.0024,-7.7734,6.1289,-0.0066,-0.0732,-0.0674
1635250116142,0.0503,-7.6250,6.3984,-0.0513,-0.0604,-0.0845
1635250116144,-0.0239,-7.5547,6.3672,-0.0981,-0.0221,-0.1036
1635250116171,-0.2632,-7.7656,5.9727,-0.0683,0.0130,-0.0983
1635250116173,-0.4211,-8.2109,5.5508,0.0285,0.0109,-0.0898
1635250116176,-0.4116,-8.3281,5.5234,0.1295,0.0002,-0.0962
1635250116201,-0.4500,-8.0469,5.4180,0.2615,-0.0189,-0.1068
1635250116203,-0.4021,-7.7109,5.3984,0.3562,-0.0732,-0.1143
1635250116205,-0.2035,-7.3906,5.4023,0.2603,-0.1094,-0.1132
1635250116231,-0.1652,-7.2266,5.1836,0.0710,-0.0966,-0.0941
1635250116234,-0.2202,-7.5898,5.1992,-0.0620,-0.0891,-0.0887
1635250116237,-0.2083,-8.2031,5.2695,-0.1056,-0.0902,-0.0941
1635250116261,-0.1747,-8.5938,5.4297,-0.0311,-0.0902,-0.0823
1635250116263,-0.1268,-8.6953,5.7773,0.1306,-0.1125,-0.0792
1635250116265,0.0383,-8.6953,6.1719,0.2817,-0.1295,-0.0706
1635250116292,0.3613,-8.3594,6.5781,0.3477,-0.1168,-0.0313
1635250116293,0.5938,-7.8555,6.6289,0.3604,-0.0912,0.0134
1635250116295,0.6436,-8.0391,6.4063,0.3232,-0.0551,0.0421
1635250116323,0.6055,-8.6250,6.4063,0.2211,-0.0115,0.0762
1635250116325,0.2607,-8.6797,6.1641,0.2253,0.0513,0.1357
1635250116327,-0.1293,-8.4297,5.8945,0.4041,0.0609,0.1825
1635250116352,-0.2227,-8.1328,5.7227,0.5762,0.0087,0.1666
1635250116359,-0.2130,-7.7148,5.6211,0.6338,-0.0051,0.1443
1635250116361,-0.2727,-7.2852,5.7734,0.5571,0.0119,0.1559
1635250116372,-0.4812,-6.8320,5.8398,0.4329,0.0056,0.1613
1635250116374,-0.6987,-6.7813,5.9102,0.3816,-0.0179,0.1187
1635250116402,-0.8091,-6.9570,5.8984,0.3274,-0.0296,0.0793
1635250116405,-0.8423,-7.0742,5.8477,0.2551,-0.0455,0.0804
1635250116408,-0.7852,-7.0742,6.0586,0.2231,-0.0679,0.0762
1635250116432,-0.8066,-6.9648,6.1523,0.2402,-0.0881,0.0538
1635250116435,-0.6987,-6.9063,6.4180,0.3220,-0.1115,0.0240
1635250116436,-0.6919,-7.1875,6.3750,0.3860,-0.1168,0.0081
1635250116468,-0.9814,-7.0664,5.6094,0.4158,-0.1444,0.0123
1635250116470,-0.8760,-6.7344,5.3359,0.4424,-0.2147,-0.0185
1635250116474,-0.7466,-6.6602,5.4883,0.4009,-0.2551,-0.0653
1635250116483,-0.6343,-6.5898,5.8906,0.2507,-0.2561,-0.0706
1635250116485,-0.5000,-6.2813,6.2227,0.0562,-0.2539,-0.0441
1635250116519,-0.3447,-6.1563,6.4453,-0.1056,-0.2561,-0.0387
1635250116521,-0.2751,-6.0664,6.4688,-0.2725,-0.2466,-0.0515
1635250116522,-0.2058,-5.9336,6.2969,-0.4546,-0.2349,-0.0504
1635250116543,-0.0646,-6.1211,6.2266,-0.5566,-0.2179,-0.0483
1635250116545,0.1794,-7.1758,6.4297,-0.5801,-0.1572,-0.0419
1635250116546,0.1963,-8.3672,6.4219,-0.5947,-0.0721,-0.0026
1635250116572,0.0694,-8.5469,6.3555,-0.5249,-0.0359,0.0368
1635250116574,0.0383,-7.8945,6.4102,-0.3140,-0.0540,0.0091
1635250116577,0.0837,-7.1914,6.4609,-0.1704,-0.0775,-0.0472
1635250116610,0.1938,-6.7578,6.7188,-0.2651,-0.0466,-0.0590
1635250116611,0.1915,-6.7930,6.6992,-0.4641,0.0449,-0.0260
1635250116612,0.0837,-7.1055,6.5625,-0.6172,0.1109,-0.0058
1635250116633,0.1293,-7.4063,6.3828,-0.7373,0.1354,-0.0217
1635250116635,0.2944,-7.6836,6.2773,-0.8193,0.1661,-0.0196
1635250116636,0.3398,-7.9023,6.2148,-0.7388,0.1918,0.0187
1635250116766,0.1412,-7.9766,6.2031,-0.6470,0.1938,-0.0004
1635250116767,-0.0574,-7.8008,6.0586,-0.5938,0.1927,-0.0185
1635250116770,-0.1652,-7.5547,5.9727,-0.6108,0.1843,-0.0238
1635250116772,-0.2417,-7.4570,5.9336,-0.6865,0.1832,-0.0302
1635250116773,-0.3088,-7.3359,5.7422,-0.7607,0.1907,-0.0313
1635250116775,-0.3040,-7.4219,5.6094,-0.7876,0.1907,-0.0462
1635250116776,-0.3159,-7.6836,5.4453,-0.7842,0.1938,-0.0728
1635250116787,-0.4211,-7.8047,5.3867,-0.7832,0.1970,-0.0898
1635250116789,-0.6079,-7.9531,5.4922,-0.7769,0.1843,-0.1036
1635250116804,-0.7036,-8.1328,5.4883,-0.7896,0.1566,-0.1196
1635250116806,-0.6724,-8.4297,5.6055,-0.8130,0.1343,-0.1302
1635250116807,-0.6772,-8.4922,5.6133,-0.7866,0.1247,-0.1451
1635250116808,-0.5981,-8.4531,5.5156,-0.6929,0.0939,-0.1632
1635250116821,-0.3589,-8.5547,5.4844,-0.6660,0.0726,-0.1536
1635250116824,-0.0742,-8.6094,5.3203,-0.7354,0.0949,-0.1089
1635250116835,0.1005,-8.6641,5.1328,-0.8311,0.1354,-0.0696
1635250116840,0.1221,-8.7891,4.8711,-0.9238,0.1715,-0.0558
1635250116845,0.0694,-8.9375,4.5742,-0.9897,0.2098,-0.0462
1635250116849,-0.0574,-8.9453,4.3281,-1.0176,0.2354,-0.0270
1635250116866,-0.1675,-8.8438,4.2383,-0.9971,0.2417,-0.0132
1635250116871,-0.2920,-8.7891,4.2266,-0.9331,0.2375,-0.0068
1635250116887,-0.3877,-8.8750,4.2383,-0.8608,0.2354,-0.0036
1635250116904,-0.4858,-8.9531,4.1875,-0.7930,0.2385,0.0081
1635250116911,-0.5386,-9.0703,4.2813,-0.6938,0.2385,0.0283
1635250116919,-0.4211,-9.2969,4.5195,-0.5620,0.2365,0.0453
1635250116927,-0.1436,-9.2734,4.6875,-0.4502,0.2385,0.0634
1635250116932,0.0574,-8.8906,4.8008,-0.3811,0.2524,0.0847
1635250116948,0.0862,-8.4531,4.7930,-0.4077,0.2778,0.1028
1635250116953,0.1221,-8.6172,4.5781,-0.5630,0.3098,0.1230
1635250116967,0.0958,-8.9688,4.3086,-0.8462,0.3555,0.1772
1635250116983,-0.0096,-9.3047,4.1094,-1.0908,0.3992,0.2390
1635250116989,-0.1316,-9.7031,3.9492,-1.1641,0.4290,0.2720
1635250117002,-0.2297,-10.0859,3.8613,-1.0957,0.4397,0.2932
1635250117012,-0.2417,-10.3516,3.8223,-0.9653,0.4375,0.3303
1635250117018,-0.2227,-10.4219,3.7969,-0.7969,0.4333,0.3794
1635250117086,-0.2130,-10.4609,3.7813,-0.6079,0.4280,0.4165
1635250117088,-0.0790,-10.6250,3.8809,-0.4333,0.4248,0.4453
1635250117093,0.1460,-10.6172,4.0078,-0.3374,0.4236,0.4976
1635250117095,0.2394,-10.2500,3.8711,-0.3066,0.4172,0.5825
1635250117098,0.1245,-9.8750,3.7012,-0.2886,0.4077,0.6528
1635250117100,-0.0958,-9.6797,3.5020,-0.3130,0.4045,0.6890
1635250117103,-0.3040,-9.6875,3.2090,-0.3726,0.3875,0.7305
1635250117105,-0.4116,-9.9453,3.0020,-0.4185,0.3513,0.7837
1635250117112,-0.5767,-10.1875,3.0469,-0.4099,0.3120,0.8154
1635250117116,-0.7085,-10.1406,3.0781,-0.3171,0.2725,0.8252
1635250117120,-0.8066,-9.8125,3.1113,-0.1992,0.2333,0.8389
1635250117129,-0.9023,-9.3125,3.1621,-0.1758,0.1970,0.8613
1635250117131,-0.9863,-8.9297,3.1953,-0.2629,0.1747,0.8794
1635250117134,-1.0361,-8.7031,3.0996,-0.4036,0.1661,0.8867
1635250117146,-1.1201,-8.6250,2.8027,-0.5181,0.1652,0.8804
1635250117149,-1.2041,-8.8438,2.6094,-0.5586,0.1609,0.8677
1635250117176,-1.3018,-9.2422,2.3301,-0.5234,0.1460,0.8540
1635250117180,-1.3955,-9.3828,2.1230,-0.4397,0.1077,0.8530
1635250117184,-1.4668,-9.0313,2.1563,-0.3301,0.0406,0.8604
1635250117197,-1.4619,-8.5391,2.1543,-0.2109,-0.0200,0.8477
1635250117201,-1.4238,-8.2344,2.2090,-0.1503,-0.0359,0.8145
1635250117230,-1.3877,-8.0781,2.2520,-0.1886,-0.0306,0.7847
1635250117233,-1.3975,-7.9492,2.1855,-0.2439,-0.0296,0.7593
1635250117239,-1.4268,-7.9102,2.1641,-0.2534,-0.0306,0.7241
1635250117245,-1.4912,-7.8594,2.1973,-0.2428,-0.0253,0.6807
1635250117248,-1.5195,-7.8164,2.0293,-0.2471,-0.0179,0.6411
1635250117275,-1.4580,-7.8359,1.8936,-0.2810,-0.0093,0.6133
1635250117279,-1.4023,-7.6719,1.8145,-0.3789,-0.0147,0.5996
1635250117282,-1.4453,-7.4609,1.6563,-0.4736,-0.0306,0.5752
1635250117294,-1.6348,-7.3477,1.4766,-0.5405,-0.0359,0.5454
1635250117298,-2.0781,-7.2422,1.3311,-0.5874,-0.0413,0.5049
1635250117327,-2.6367,-7.2461,1.5322,-0.5757,-0.0668,0.4399
1635250117330,-3.0195,-7.5313,1.7686,-0.5063,-0.1061,0.3677
1635250117331,-3.0898,-7.9883,1.8242,-0.4004,-0.1392,0.3208
1635250117355,-3.0332,-8.3906,1.9072,-0.2927,-0.1561,0.2942
1635250117357,-2.8340,-8.6172,1.9199,-0.2045,-0.1583,0.2622
1635250117361,-2.6113,-8.5234,1.6465,-0.1641,-0.1360,0.2571
1635250117385,-2.6855,-8.1094,1.5889,-0.1375,-0.1019,0.2856
1635250117387,-3.0195,-7.2891,1.9463,-0.1460,-0.0966,0.2869
1635250117388,-3.3535,-6.9805,1.8936,-0.2024,-0.1083,0.2314
1635250117413,-3.7324,-7.8281,1.8428,-0.3386,-0.0775,0.1921
1635250117415,-4.1133,-8.6719,1.7373,-0.5991,-0.0445,0.2007
1635250117418,-4.3477,-9.1250,1.5586,-0.7183,-0.0732,0.2188
1635250117444,-4.3555,-9.6172,1.5654,-0.5620,-0.1008,0.2102
1635250117452,-4.1836,-9.6016,1.7070,-0.3120,-0.0785,0.2017
1635250117455,-3.9453,-8.8984,1.7139,-0.1237,-0.0604,0.2305
1635250117464,-3.7598,-8.3438,1.7305,-0.0439,-0.0519,0.2612
1635250117466,-3.7051,-7.9141,1.8574,-0.1375,-0.0104,0.2729
1635250117498,-3.7285,-7.6563,1.9219,-0.3013,0.0311,0.2708
1635250117500,-3.7813,-7.8203,1.9033,-0.4067,0.0662,0.2496
1635250117503,-3.8320,-8.2031,1.6777,-0.4290,0.1055,0.2305
1635250117514,-3.9258,-8.6328,1.3955,-0.3757,0.1481,0.2305
1635250117516,-4.0859,-8.7734,1.4404,-0.3035,0.1620,0.2527
1635250117544,-4.1836,-8.4063,1.7588,-0.2407,0.1268,0.2751
1635250117546,-4.1289,-7.9375,1.9121,-0.1907,0.0885,0.2783
1635250117547,-4.0430,-7.7344,2.0332,-0.1672,0.1013,0.2603
1635250117575,-4.0820,-7.6563,2.0430,-0.2236,0.1375,0.2379
1635250117577,-4.1836,-7.5781,2.0547,-0.2896,0.1492,0.2188
1635250117580,-4.2422,-7.6250,1.9150,-0.2908,0.1492,0.1847
1635250117604,-4.3164,-7.9023,1.5537,-0.1587,0.1801,0.1155
1635250117606,-4.5000,-8.1484,1.3662,-0.1257,0.1385,0.0900
1635250117607,-4.3477,-8.2031,1.3135,-0.0715,0.0779,0.0602
1635250117634,-4.1836,-8.2422,1.3213,-0.0013,0.0513,0.0357
1635250117636,-4.1680,-8.1719,1.4102,0.0795,0.0375,0.0091
1635250117638,-4.1875,-8.0313,1.4717,0.1699,0.0311,-0.0238
1635250117664,-4.2344,-7.8828,1.6396,0.2391,0.0321,-0.0462
1635250117666,-4.2656,-7.7539,1.6631,0.2625,0.0268,-0.0653
1635250117668,-4.2578,-7.8086,1.7451,0.2656,0.0183,-0.1026
1635250117694,-4.2617,-7.8672,1.8457,0.2688,0.0119,-0.1558
1635250117697,-4.2344,-7.9453,1.8359,0.3337,0.0109,-0.2047
1635250117698,-4.2031,-8.1719,1.9268,0.4551,0.0024,-0.2524
1635250117725,-4.0977,-8.2266,1.9219,0.5591,-0.0168,-0.3079
1635250117726,-3.9297,-8.0391,1.8096,0.6563,-0.0338,-0.3420
1635250117729,-3.8086,-7.8906,1.8311,0.7095,-0.0476,-0.3621
1635250117755,-3.7754,-7.7422,1.9678,0.6602,-0.0689,-0.3972
1635250117758,-3.7676,-7.7734,2.0605,0.5488,-0.0912,-0.4377
1635250117760,-3.7500,-8.2891,2.0957,0.4338,-0.0870,-0.4612
1635250117786,-3.7188,-8.8438,1.9297,0.3350,-0.0615,-0.4622
1635250117792,-3.6328,-9.1875,1.6973,0.3147,-0.0604,-0.4558
1635250117795,-3.5254,-9.3984,1.3838,0.3955,-0.0817,-0.4368
1635250117806,-3.4785,-9.5078,1.1914,0.5244,-0.1136,-0.4153
1635250117808,-3.6055,-9.3828,1.1992,0.6177,-0.1561,-0.3940
1635250117835,-3.7695,-9.2734,1.6152,0.6870,-0.2380,-0.3835
1635250117837,-3.7461,-9.2578,2.4707,0.7710,-0.3337,-0.3750
1635250117838,-3.4961,-9.2422,2.9336,0.8828,-0.3914,-0.3557
1635250117865,-3.1875,-9.7109,2.7852,0.9756,-0.3955,-0.3291
1635250117867,-3.0469,-10.4766,3.2598,0.8828,-0.4041,-0.3120
1635250117869,-2.8438,-10.7969,4.5313,0.6592,-0.4275,-0.2568
1635250117896,-2.7578,-10.4609,4.0078,0.8413,-0.3062,-0.1217
1635250117898,-3.1855,-10.2734,1.6367,1.1426,-0.1327,-0.0600
1635250117899,-3.7695,-9.5000,0.8306,0.9531,-0.1487,-0.1185
1635250117924,-4.0625,-7.6563,0.6895,0.6167,-0.2871,-0.0994
1635250117926,-4.0313,-7.9453,0.6416,0.8052,-0.4158,-0.0036
1635250117928,-3.5918,-10.7031,1.9199,1.2363,-0.5444,0.0017
1635250117956,-2.9297,-11.9609,3.3125,1.5996,-0.6030,0.0325
1635250117958,-2.6328,-10.9063,5.0313,1.9805,-0.5688,0.1335
1635250117960,-2.4707,-8.4609,5.7891,2.1504,-0.4712,0.1570
1635250117985,-2.3438,-6.5391,5.2852,1.8740,-0.2881,0.1506
1635250117987,-2.1426,-6.1836,5.0625,1.1719,-0.1200,0.2028
1635250117989,-2.0508,-7.2344,4.6484,0.5723,-0.0530,0.3186
1635250118015,-2.1426,-8.6797,4.0039,0.3733,-0.0296,0.3750
1635250118017,-2.1777,-9.2344,3.8496,0.3784,-0.0200,0.3569
1635250118020,-2.2383,-8.8672,3.5547,0.4712,-0.0285,0.3804
1635250118047,-2.4121,-8.4688,3.6543,0.6348,-0.0445,0.4304
1635250118050,-2.4297,-8.3047,4.8789,0.7422,-0.0317,0.4146
1635250118051,-2.5313,-8.0469,5.6992,0.8394,0.0332,0.4060
1635250118079,-2.6621,-7.7891,5.8555,0.8755,0.0906,0.4209
1635250118082,-2.6934,-7.3789,5.3867,0.7476,0.1268,0.4431
1635250118083,-2.7637,-7.3086,5.1016,0.5527,0.1747,0.4602
1635250118097,-2.8027,-7.3711,4.9648,0.3232,0.2109,0.4666
1635250118099,-2.9063,-7.6875,4.9766,0.2445,0.2333,0.4773
1635250118126,-3.0488,-7.9648,4.7422,0.2849,0.2439,0.4805
1635250118130,-3.1543,-7.7852,4.5508,0.3467,0.2385,0.4678
1635250118138,-3.1621,-7.4375,4.5117,0.4626,0.2225,0.4475
1635250118146,-3.1445,-7.3711,4.5508,0.5879,0.2109,0.4219
1635250118147,-3.1328,-7.3320,4.8047,0.6372,0.2141,0.3879
1635250118181,-3.1445,-7.2773,4.9453,0.6851,0.2396,0.3708
1635250118183,-3.1914,-7.1680,4.9922,0.7603,0.2683,0.3699
1635250118199,-3.2285,-6.9688,5.2031,0.8062,0.2896,0.3452
1635250118200,-3.2383,-6.4805,5.4453,0.7900,0.3269,0.3103
1635250118202,-3.3008,-5.9805,5.8672,0.7783,0.3865,0.2771
1635250118234,-3.2598,-5.8047,5.9961,0.7124,0.4417,0.2240
1635250118238,-3.1348,-6.1406,5.6992,0.5264,0.4980,0.1921
1635250118239,-3.0664,-6.3203,5.0898,0.2371,0.5547,0.1921
1635250118246,-3.0488,-6.5664,4.7578,0.0253,0.5884,0.1772
1635250118248,-3.0684,-6.9570,4.3828,-0.0119,0.6064,0.1484
1635250118276,-3.1680,-7.1914,4.1758,0.1008,0.6099,0.1272
1635250118277,-3.3672,-6.9258,4.2031,0.2529,0.5884,0.1124
1635250118279,-3.5215,-6.3945,4.2344,0.3550,0.5586,0.0921
1635250118309,-3.7363,-6.0391,4.3477,0.3562,0.5361,0.0613
1635250118311,-3.9180,-5.8828,4.4883,0.2561,0.5132,0.0240
1635250118314,-4.0117,-5.9219,4.6875,0.0806,0.4929,-0.0185
1635250118340,-4.0625,-6.1953,4.7031,-0.1503,0.4758,-0.0504
1635250118343,-4.0898,-6.5234,4.3633,-0.3704,0.4609,-0.0558
1635250118346,-4.2148,-6.7773,4.2188,-0.5376,0.4150,-0.0621
1635250118358,-4.2656,-7.0117,4.1523,-0.6011,0.3269,-0.1005
1635250118361,-4.3438,-7.3477,3.8750,-0.6245,0.2886,-0.1143
1635250118392,-4.5781,-7.6172,3.7695,-0.5991,0.2905,-0.0887
1635250118394,-4.7109,-7.7734,3.7598,-0.5117,0.2290,-0.0674
1635250118397,-4.6406,-8.0078,3.7324,-0.3481,0.1406,-0.0504
1635250118407,-4.5313,-8.1250,3.9395,-0.2067,0.0853,-0.0260
1635250118409,-4.3438,-7.6680,4.3789,-0.1577,0.0513,-0.0036
1635250118438,-4.0859,-6.8086,4.7930,-0.2216,0.0258,0.0049
1635250118441,-4.0000,-6.2969,4.7148,-0.4587,0.0470,0.0123
1635250118446,-4.0820,-6.2461,4.7109,-0.8867,0.1141,0.0283
1635250118470,-4.1914,-6.2969,4.4219,-1.4131,0.1758,0.0496
1635250118472,-4.2500,-6.9063,3.9414,-1.7490,0.2109,0.0847
1635250118475,-4.3320,-7.8945,3.5586,-1.8174,0.2268,0.1124
1635250118498,-4.5234,-8.6797,3.1816,-1.6572,0.2322,0.1219
1635250118502,-4.7344,-8.9922,2.9453,-1.3018,0.2130,0.1357
1635250118504,-4.8789,-9.1641,3.0977,-0.7983,0.1237,0.1251
1635250118530,-4.8672,-9.3125,3.5684,-0.2651,0.0226,0.0751
1635250118533,-4.9766,-9.2734,3.5801,1.2998,0.0247,0.0559
1635250118535,-5.4023,-8.8047,3.3164,1.9883,-0.1104,-0.0323
1635250118559,-4.9961,-7.5469,3.4941,2.2578,-0.2391,-0.0962
1635250118561,-4.6719,-5.9180,3.7910,2.2813,-0.3179,-0.1164
1635250118562,-4.3633,-4.6875,3.9297,2.1270,-0.4082,-0.1844
1635250118590,-3.8965,-4.3203,4.3164,1.7129,-0.4924,-0.2695
1635250118594,-3.4492,-4.5742,4.9258,1.0615,-0.5273,-0.2939
1635250118599,-3.1953,-5.0859,5.0898,0.3508,-0.4902,-0.2771
1635250118617,-3.1523,-5.9375,5.1563,-0.2301,-0.4072,-0.2705
1635250118619,-3.2793,-7.0195,5.3438,-0.6299,-0.3296,-0.2908
1635250118639,-3.3867,-7.7656,5.3477,-0.8545,-0.2583,-0.2920
1635250118641,-3.3906,-7.5391,5.4844,-1.0205,-0.1902,-0.2473
1635250118643,-3.2168,-6.7109,5.3008,-1.1836,-0.1263,-0.2101
1635250118669,-3.0391,-6.3945,4.5625,-1.3398,-0.0338,-0.1770
1635250118671,-3.1016,-7.2852,3.6914,-1.4697,0.0747,-0.1121
1635250118673,-3.4961,-8.9688,3.2363,-1.5313,0.1545,-0.0430
1635250118697,-3.8984,-10.2734,3.1777,-1.3896,0.1704,-0.0058
1635250118699,-4.1016,-10.7344,3.4434,-0.9365,0.1460,0.0102
1635250118701,-4.1289,-10.3047,3.7227,-0.2512,0.1130,0.0240
1635250118727,-4.1484,-9.3438,3.9102,0.3987,0.1013,0.0208
1635250118729,-4.3477,-8.4453,4.5391,0.8828,0.0853,-0.0196
1635250118731,-4.3984,-7.7578,5.1719,1.1563,0.0236,-0.0739
1635250118758,-4.3945,-7.4063,4.8359,1.3486,0.0630,-0.0249
1635250118760,-4.3984,-7.9727,4.5508,1.4873,0.1035,0.0740
1635250118762,-4.0234,-8.2188,4.5977,1.4326,0.0534,0.1315
1635250118789,-3.3008,-7.2969,4.7930,1.1719,0.0130,0.1410
1635250118791,-2.7598,-6.4609,4.7656,0.9106,0.0439,0.1464
1635250118792,-2.5898,-6.2734,4.9336,0.6050,0.1194,0.1517
1635250118819,-2.6758,-6.3672,5.2539,0.1232,0.2045,0.1421
1635250118821,-2.9336,-6.4570,5.3164,-0.3716,0.3003,0.1432
1635250118823,-3.3008,-6.4922,4.9883,-0.7427,0.3950,0.1570
1635250118849,-3.6582,-6.5977,4.6445,-0.9878,0.4587,0.1506
1635250118850,-3.9492,-7.0078,4.5078,-1.1309,0.4961,0.1453
1635250118852,-4.1563,-7.3398,4.3672,-1.2402,0.5244,0.1602
1635250118883,-4.3672,-7.4336,4.1172,-1.2988,0.5513,0.1719
1635250118885,-4.5430,-7.4023,3.8242,-1.2393,0.5703,0.1581
1635250118886,-4.6875,-7.4297,3.5488,-1.1055,0.5728,0.1315
1635250118898,-4.8047,-7.4219,3.3633,-0.9932,0.5493,0.1081
1635250118900,-4.9023,-7.3906,3.3418,-0.9014,0.5078,0.0836
1635250118929,-4.9453,-7.4297,3.4141,-0.7842,0.4651,0.0602
1635250118931,-4.9570,-7.5078,3.4063,-0.6343,0.4268,0.0432
1635250118932,-4.9102,-7.6797,3.3535,-0.4812,0.3970,0.0251
1635250118958,-4.8672,-7.7070,3.2129,-0.3418,0.3672,0.0155
1635250118960,-4.8906,-7.5977,3.0566,-0.1927,0.3342,0.0081
1635250118962,-4.9805,-7.3828,2.8750,-0.0662,0.3076,-0.0015
1635250118989,-5.0938,-7.0273,2.7813,-0.0088,0.2896,-0.0260
1635250118992,-5.2227,-6.6523,2.7520,-0.0322,0.2661,-0.0590
1635250118996,-5.2422,-6.4531,2.7012,-0.1268,0.2396,-0.0866
1635250119020,-5.1992,-6.5781,2.6309,-0.2715,0.2119,-0.1058
1635250119027,-5.1523,-6.9023,2.5391,-0.4290,0.1853,-0.1143
1635250119034,-5.1680,-7.1758,2.2949,-0.5376,0.1587,-0.1143
1635250119041,-5.2930,-7.3516,2.0078,-0.5396,0.1237,-0.1164
1635250119050,-5.4883,-7.6250,1.8164,-0.4226,0.0779,-0.1238
1635250119060,-5.7148,-7.8086,1.6328,-0.2607,0.0311,-0.1398
1635250119067,-5.9219,-7.7969,1.5752,-0.0779,-0.0232,-0.1589
1635250119091,-5.9922,-7.7227,1.7979,0.1392,-0.1008,-0.1653
1635250119093,-5.9180,-7.6094,2.0176,0.3391,-0.1816,-0.1760
1635250119094,-5.7656,-7.3828,2.1328,0.4839,-0.2274,-0.1984
1635250119120,-5.6914,-7.1758,2.3691,0.5913,-0.2520,-0.2228
1635250119122,-5.5820,-6.8125,2.4746,0.6348,-0.2903,-0.2505
1635250119124,-5.4609,-6.3984,2.4980,0.6211,-0.3381,-0.2856
1635250119150,-5.3281,-6.1250,2.5703,0.5454,-0.3828,-0.3250
1635250119151,-5.2031,-5.9297,2.5137,0.3848,-0.4221,-0.3750
1635250119152,-5.1367,-5.9102,2.5293,0.1667,-0.4583,-0.4282
1635250119183,-5.0391,-6.1133,2.5371,-0.0598,-0.4912,-0.4771
1635250119185,-4.8984,-6.5977,2.4727,-0.2333,-0.5073,-0.5088
1635250119188,-4.7969,-7.1250,2.4043,-0.3013,-0.5112,-0.5376
1635250119201,-4.7031,-7.3125,2.3789,-0.2311,-0.5347,-0.5762
1635250119202,-4.5352,-7.2734,2.4199,-0.0290,-0.5859,-0.6323
1635250119233,-4.2852,-7.2422,2.6055,0.2136,-0.6411,-0.7046
1635250119234,-4.0078,-7.1445,2.8750,0.3594,-0.6787,-0.7739
1635250119235,-3.7344,-6.9648,2.9082,0.3284,-0.6953,-0.8237
1635250119261,-3.4961,-6.8984,3.0156,0.1232,-0.6978,-0.8623
1635250119263,-3.3223,-6.8164,3.2656,-0.1938,-0.7007,-0.8857
1635250119264,-3.1719,-6.6406,3.3672,-0.4705,-0.7134,-0.9121
1635250119292,-3.0977,-6.6055,3.4082,-0.5894,-0.7178,-0.9858
1635250119294,-2.9824,-6.9883,3.6328,-0.5737,-0.7231,-1.0908
1635250119295,-2.7930,-7.6563,3.7910,-0.4780,-0.7319,-1.1748
1635250119320,-2.4785,-8.3125,3.6309,-0.3215,-0.7295,-1.2100
1635250119321,-2.0820,-8.9609,3.3770,-0.1248,-0.7188,-1.2197
1635250119324,-1.6084,-9.3125,3.2988,0.0136,-0.7222,-1.2109
1635250119353,-1.1680,-9.2109,3.1660,0.2371,-0.7681,-1.1357
1635250119355,-0.5889,-9.1484,3.5547,0.4114,-0.7710,-1.1182
1635250119357,-0.4714,-9.2188,4.0234,0.5752,-0.7593,-1.1250
1635250119381,-0.5288,-9.3438,4.3789,0.7700,-0.7231,-1.1182
1635250119383,-0.6772,-9.6094,4.6055,0.9678,-0.7021,-1.0947
1635250119385,-0.5503,-9.7656,4.6797,1.0645,-0.7148,-1.0586
1635250119412,-0.1747,-9.4688,4.6875,1.0498,-0.7422,-0.9897
1635250119414,0.2441,-8.8906,4.5273,1.0078,-0.7817,-0.8994
1635250119419,0.5479,-8.6875,4.6016,0.9575,-0.8125,-0.8335
1635250119441,0.7251,-8.7891,5.0586,0.7964,-0.8008,-0.7910
1635250119443,0.8066,-8.9922,5.4727,0.5850,-0.7456,-0.7280
1635250119446,0.7612,-9.3906,5.4961,0.4658,-0.6816,-0.6538
1635250119471,0.6821,-9.7422,5.4766,0.4595,-0.6348,-0.6108
1635250119474,0.6655,-9.7891,5.3594,0.5103,-0.6138,-0.5874
1635250119476,0.6846,-9.6406,5.2070,0.5562,-0.5942,-0.5439
1635250119501,0.7612,-9.2344,5.2617,0.5073,-0.5840,-0.4749
1635250119504,0.8857,-8.5938,5.2383,0.3806,-0.5776,-0.4067
1635250119506,1.0000,-8.2109,5.0625,0.2529,-0.5542,-0.3557
1635250119543,1.0791,-8.3906,5.2344,0.1263,-0.5059,-0.3228
1635250119546,1.0508,-8.8438,5.3281,-0.0119,-0.4604,-0.2844
1635250119548,0.9575,-9.2578,5.2422,-0.0896,-0.4221,-0.2185
1635250119565,0.8257,-9.5938,5.1875,-0.0673,-0.3882,-0.1515
1635250119577,0.7036,-9.7500,5.1484,0.0498,-0.3701,-0.1111
1635250119582,0.6699,-9.6953,5.2305,0.2296,-0.3721,-0.0834
1635250119586,0.7441,-9.5078,5.1211,0.4180,-0.3870,-0.0462
1635250119589,0.8184,-9.2188,5.1133,0.5356,-0.3977,-0.0089
1635250119612,0.7969,-8.7266,5.3477,0.5552,-0.3733,0.0272
1635250119614,0.6128,-7.9688,5.3906,0.5635,-0.3286,0.0666
1635250119617,0.3638,-7.3828,5.3672,0.5752,-0.3135,0.0793
1635250119642,0.2800,-7.2539,5.4922,0.4912,-0.3147,0.0581
1635250119643,0.3494,-7.4688,5.5117,0.3284,-0.2954,0.0421
1635250119646,0.4692,-7.6289,5.4961,0.1541,-0.2742,0.0570
1635250119675,0.6177,-7.6563,5.6914,-0.0013,-0.2678,0.0496
1635250119676,0.6963,-7.5156,5.7539,-0.0939,-0.2488,0.0145
1635250119679,0.6318,-7.4531,5.6875,-0.1630,-0.2190,-0.0196
1635250119692,0.5815,-7.5820,5.6836,-0.2651,-0.1945,-0.0430
1635250119693,0.4932,-7.8672,5.5898,-0.3491,-0.1667,-0.0409
1635250119722,0.3613,-8.1484,5.3242,-0.3428,-0.1412,-0.0238
1635250119724,0.3398,-8.3438,5.0938,-0.2502,-0.1401,-0.0196
1635250119726,0.3687,-8.3750,5.0977,-0.1056,-0.1541,-0.0313
1635250119752,0.3328,-8.2188,5.1016,0.0253,-0.1615,-0.0345
1635250119754,0.2202,-7.8906,5.0469,0.0828,-0.1689,-0.0451
1635250119755,0.1747,-7.6953,5.0195,0.0625,-0.1667,-0.0674
1635250119782,0.1484,-7.7695,5.1211,0.0040,-0.1455,-0.0856
1635250119783,0.1460,-7.8281,5.1875,-0.0556,-0.1338,-0.0972
1635250119785,0.1771,-7.8008,5.0313,-0.0843,-0.1360,-0.1100
1635250119814,0.2441,-7.8398,4.7930,-0.0726,-0.1381,-0.1175
1635250119816,0.2537,-7.9648,4.6367,-0.0577,-0.1274,-0.1260
1635250119818,0.1747,-8.0000,4.8320,-0.0290,-0.1157,-0.1377
1635250119849,0.1053,-7.9141,5.0781,0.0444,-0.1179,-0.1621
1635250119851,0.1891,-7.8945,5.4414,0.0838,-0.1327,-0.1835
1635250119852,0.3040,-7.7930,5.5195,0.0593,-0.1349,-0.1876
1635250119863,0.3040,-7.6836,5.0664,0.0381,-0.1136,-0.1760
1635250119867,0.2512,-7.8281,4.8516,0.0753,-0.0945,-0.1718
1635250119894,0.2178,-8.0156,4.8711,0.1083,-0.0966,-0.1855
1635250119897,0.2537,-7.9531,4.7969,0.1487,-0.1136,-0.1941
1635250119900,0.2800,-8.0078,4.9570,0.2114,-0.1232,-0.1855
1635250119923,0.2512,-7.9414,4.9258,0.1923,-0.1200,-0.1770
1635250119927,0.2106,-7.8281,4.9531,0.1498,-0.1125,-0.1696
1635250119930,0.1699,-7.9414,4.8438,0.1072,-0.1083,-0.1653
1635250119955,0.2058,-8.2422,4.9883,0.0625,-0.0955,-0.1589
1635250119957,0.2656,-8.4922,5.3438,0.0455,-0.0753,-0.1377
1635250119961,0.2394,-8.7422,5.4180,0.0699,-0.0636,-0.1207
1635250119973,0.2106,-8.7891,5.3555,0.1168,-0.0742,-0.1323
1635250119977,0.0958,-8.2891,5.0469,0.2603,-0.0998,-0.1366
1635250120009,-0.0359,-7.6172,4.7188,0.3433,-0.1530,-0.1312
1635250120010,0.0837,-7.1914,4.2539,0.2200,-0.2094,-0.1547
1635250120013,0.2607,-7.3711,4.0586,0.0168,-0.2274,-0.1664
1635250120027,0.4573,-8.1641,4.4648,-0.1311,-0.2211,-0.1558
1635250120029,0.5693,-8.7500,4.7656,-0.2205,-0.2231,-0.1292
1635250120054,0.6294,-8.8438,4.8906,-0.1683,-0.2434,-0.0930
1635250120059,0.6797,-8.6406,5.1172,0.0051,-0.2688,-0.0802
1635250120060,0.7490,-8.2500,5.1289,0.1263,-0.2786,-0.0919
1635250120084,0.8711,-8.0625,5.3633,0.1295,-0.2551,-0.0792
1635250120085,0.9404,-8.1016,5.8047,0.0498,-0.2083,-0.0430
1635250120087,0.9385,-8.0781,6.0117,-0.1248,-0.1476,-0.0217
1635250120113,0.9385,-7.7305,6.0391,-0.3621,-0.1083,-0.0196
1635250120117,1.0391,-7.3633,5.7891,-0.5674,-0.0828,-0.0175
1635250120119,1.2324,-7.4492,5.5078,-0.7056,-0.0391,-0.0036
1635250120144,1.3760,-8.0078,5.4414,-0.7866,0.0215,0.0240
1635250120155,1.4287,-8.7422,5.4727,-0.7173,0.0800,0.0762
1635250120156,1.4385,-9.0781,5.3555,-0.2493,0.1024,0.1484
1635250120174,1.2871,-8.8125,5.1992,-0.0545,0.1088,0.1495
1635250120178,1.0166,-8.3203,5.3828,0.0104,0.1183,0.1357
1635250120181,0.6987,-7.5469,5.3867,-0.0566,0.1375,0.1124
1635250120194,0.5073,-6.9922,5.0078,-0.2002,0.1555,0.0858
1635250120197,0.4907,-7.1836,4.8867,-0.3982,0.1620,0.0687
1635250120224,0.5073,-7.5820,4.6523,-0.6597,0.1779,0.0655
1635250120228,0.6484,-8.3047,4.5352,-0.8438,0.1875,0.0613
1635250120233,0.8950,-9.2578,4.6406,-0.9492,0.1885,0.0729
1635250120245,1.0791,-9.7891,4.7109,-0.9941,0.1875,0.1144
1635250120250,0.8594,-9.6016,4.4258,-0.9258,0.1641,0.1635
1635250120275,0.4644,-8.8672,3.6621,-0.7334,0.0906,0.1868
1635250120280,0.2083,-8.5391,3.3047,-0.4812,0.0119,0.1635
1635250120284,0.0407,-8.7578,3.3105,-0.3513,-0.0423,0.1230
1635250120296,0.0526,-8.8906,3.5762,-0.3970,-0.0912,0.1134
1635250120301,0.1101,-8.8594,4.1289,-0.4482,-0.1263,0.1315
1635250120325,0.1938,-8.8672,4.6602,-0.4397,-0.1360,0.1432
1635250120330,0.2944,-8.7734,4.7227,-0.4290,-0.1136,0.1464
1635250120336,0.2441,-8.4531,4.5664,-0.4290,-0.0732,0.1559
1635250120345,0.0144,-8.1797,4.3008,-0.4407,-0.0423,0.1549
1635250120350,-0.1794,-8.0625,3.8770,-0.4822,-0.0232,0.1283
1635250120376,-0.3040,-7.9844,3.5918,-0.5928,-0.0104,0.0900
1635250120380,-0.3423,-7.9688,3.5273,-0.7607,-0.0157,0.0496
1635250120385,-0.3374,-8.0547,3.9043,-0.9463,-0.0274,0.0177
1635250120396,-0.2417,-7.8281,4.2734,-1.1484,-0.0359,0.0028
1635250120400,-0.0359,-7.6406,4.3203,-1.3262,-0.0253,-0.0121
1635250120426,0.1794,-7.6992,4.0195,-1.4521,0.0226,-0.0398
1635250120430,0.3542,-7.8750,3.5977,-1.5273,0.0811,-0.0813
1635250120435,0.3303,-8.2656,3.2813,-1.5527,0.1130,-0.1345
1635250120446,0.2776,-8.8281,3.0508,-1.5137,0.1130,-0.1760
1635250120450,0.1866,-9.3359,2.3828,-1.3516,0.0939,-0.1993
1635250120478,-0.0287,-9.8594,1.8643,-1.0977,0.0981,-0.2175
1635250120483,-0.3088,-10.0547,1.8740,-0.8237,0.0683,-0.2377
1635250120487,-0.1963,-9.6563,1.9512,-0.5269,-0.0221,-0.2281
1635250120496,0.2130,-9.1797,2.3496,-0.3152,-0.1051,-0.1909
1635250120526,0.6270,-8.6484,2.6875,-0.3289,-0.1295,-0.1844
1635250120531,1.1514,-7.8789,3.1387,-0.5908,-0.1945,-0.1461
1635250120535,1.4072,-7.9453,2.4707,-1.0078,-0.2976,-0.0377
1635250120538,0.9214,-9.1094,2.3086,-1.1523,0.0375,-0.2673
1635250120545,0.4548,-9.9453,2.0098,-1.1953,0.2013,-0.4121
1635250120548,0.3567,-10.0469,1.8428,-1.1211,0.2810,-0.3174
1635250120575,0.4788,-9.6406,1.5195,-1.0117,0.3098,-0.1824
1635250120578,0.6938,-9.4141,1.0771,-0.9214,0.1758,-0.1249
1635250120581,0.8042,-9.5391,1.2393,-0.8281,0.0534,-0.1578
1635250120605,0.7061,-9.5938,1.6396,-0.7822,0.2173,-0.2399
1635250120611,0.5410,-9.6250,1.8291,-0.7778,0.3567,-0.2494
1635250120615,0.6270,-9.6719,1.9678,-0.8569,0.3545,-0.2068
1635250120626,0.8281,-9.7031,1.9512,-1.0186,0.3152,-0.1675
1635250120631,0.9072,-9.5078,1.9033,-1.1963,0.2076,-0.1228
1635250120656,0.7944,-9.2031,1.9268,-1.3438,0.0843,-0.0823
1635250120660,0.5527,-9.0547,1.7617,-1.4160,0.0513,-0.0728
1635250120663,0.2607,-9.2813,1.4023,-1.4111,-0.0221,-0.0685
1635250120675,0.1245,-9.6094,1.1729,-1.3936,-0.1561,-0.0739
1635250120679,0.1819,-9.9688,1.0576,-1.3057,-0.2051,-0.0866
1635250120706,0.3901,-10.3281,0.7275,-1.1143,-0.1561,-0.0856
1635250120712,0.6270,-10.2578,0.2871,-0.9409,-0.1147,-0.0590
1635250120714,0.6680,-9.6797,-0.0958,-0.8174,-0.0476,-0.0526
1635250120736,0.4595,-9.1094,-0.2561,-0.7002,0.0247,-0.0856
1635250120748,0.1986,-8.8828,-0.4475,-0.6343,0.0864,-0.1429
1635250120749,0.0431,-9.1406,-0.7466,-0.6333,0.0970,-0.1855
1635250120765,0.0646,-9.8281,-0.6938,-0.6504,-0.0402,-0.2175
1635250120768,0.2969,-10.4297,0.1460,-0.6675,-0.2073,-0.2578
1635250120771,0.4309,-10.4844,1.5225,-0.6440,-0.3071,-0.2705
1635250120795,0.8496,-10.4375,1.2832,-0.2534,-0.3030,-0.2367
1635250120797,1.3398,-10.1406,0.9189,0.1370,-0.2317,-0.1121
1635250120798,1.3262,-9.2109,0.6079,0.2189,-0.1125,-0.0377
1635250120825,1.0693,-8.7344,0.3447,0.2754,0.0109,-0.0802
1635250120827,0.8662,-9.0000,0.4285,0.3945,0.0587,-0.1260
1635250120829,0.9072,-9.3906,0.4285,0.5103,0.0428,-0.1292
1635250120855,1.0410,-9.5156,0.4189,0.6382,-0.0093,-0.1058
1635250120857,1.2354,-9.6875,0.4453,0.8379,-0.0742,-0.0983
1635250120859,1.3662,-9.8516,0.4858,1.0166,-0.1243,-0.1143
1635250120885,1.3857,-9.7969,0.9097,1.1201,-0.1647,-0.1292
1635250120887,1.3545,-9.5000,1.3047,1.1514,-0.1881,-0.0972
1635250120889,1.3613,-9.0391,1.5410,1.0879,-0.1998,-0.0409
1635250120915,1.4746,-8.6563,1.3281,0.9585,-0.1934,-0.0494
1635250120917,1.5654,-8.7734,0.9668,0.8340,-0.1902,-0.0909
1635250120919,1.5820,-9.0547,0.7397,0.7095,-0.2242,-0.1154
1635250120946,1.6084,-9.3047,0.8257,0.5356,-0.2742,-0.0962
1635250120948,1.6660,-9.4375,0.9023,0.3391,-0.2805,-0.0653
1635250120950,1.7666,-9.4063,1.0029,0.1838,-0.2264,-0.0419
1635250120975,1.7783,-9.0156,1.2568,0.0423,-0.2423,-0.0015
1635250120977,1.9150,-8.6094,1.5820,-0.0683,-0.2615,-0.0036
1635250120979,2.1133,-8.6797,1.5889,-0.0715,-0.1466,-0.0441
1635250121005,1.9121,-9.0781,1.4482,-0.0311,0.0460,-0.0515
1635250121007,1.4336,-9.2969,1.1650,-0.0353,0.1215,-0.0089
1635250121009,1.1631,-9.2969,1.1582,-0.0364,0.0928,0.0262
1635250121037,1.2256,-9.1484,1.1582,-0.0353,0.0449,0.0240
1635250121039,1.4219,-9.0859,1.1270,-0.0034,0.0396,0.0123
1635250121041,1.4551,-9.0547,1.1650,-0.0173,0.0598,0.0070
1635250121067,1.3662,-8.8516,1.1318,-0.1215,0.0822,0.0070
1635250121072,1.2393,-8.6797,1.1416,-0.2620,0.0906,0.0049
1635250121078,1.2109,-8.6406,1.2354,-0.4556,0.0832,-0.0111
1635250121089,1.3789,-9.0313,0.8784,-0.8813,0.1119,-0.0089
1635250121094,1.3789,-9.0313,0.8784,-0.8813,0.1119,-0.0089
1635250121106,1.2471,-9.4922,0.5938,-1.1631,0.1470,0.0230
1635250121110,1.1133,-9.6641,0.3398,-1.1475,0.1652,0.0443
1635250121136,0.9932,-9.9453,0.3782,-1.0361,0.1769,0.0538
1635250121139,0.9648,-9.9609,0.5000,-0.9258,0.1661,0.0591
1635250121142,1.0166,-9.8438,0.4260,-0.7778,0.1620,0.0858
1635250121166,1.0410,-9.9063,0.2394,-0.6279,0.1832,0.1155
1635250121169,0.9502,-9.9375,0.2346,-0.5479,0.1896,0.1240
1635250121172,0.9312,-10.0234,0.3350,-0.4758,0.1661,0.1177
1635250121197,1.0078,-10.2422,0.3494,-0.3770,0.1598,0.1283
1635250121201,1.1006,-10.3984,0.3613,-0.2756,0.1832,0.1624
1635250121205,1.0889,-10.2031,0.2489,-0.2141,0.2109,0.2059
1635250121217,0.9624,-9.8672,-0.0526,-0.1821,0.2439,0.2505
1635250121221,0.8018,-9.7656,-0.3159,-0.2067,0.2629,0.2805
1635250121249,0.7441,-9.7813,-0.2489,-0.3162,0.2247,0.2869
1635250121253,0.8306,-9.7422,-0.1484,-0.4280,0.1587,0.2878
1635250121256,0.9502,-9.8516,0.0215,-0.4438,0.1428,0.2932
1635250121266,0.9526,-10.0313,0.1221,-0.3938,0.1715,0.2837
1635250121268,0.7754,-10.1875,0.0718,-0.3044,0.2056,0.2974
1635250121296,0.6699,-10.4219,0.0263,-0.1875,0.2184,0.3220
1635250121298,0.7324,-10.5313,-0.1197,-0.0673,0.2098,0.3401
1635250121300,0.8711,-10.4219,-0.0191,0.0221,0.1927,0.3730
1635250121330,1.0244,-10.1016,-0.0790,0.0604,0.1927,0.4165
1635250121334,1.0146,-9.8750,-0.1699,0.0551,0.2162,0.4485
1635250121337,0.9336,-9.6563,0.0598,-0.0449,0.2162,0.4614
1635250121347,0.7920,-9.4766,0.1029,-0.1896,0.1896,0.4646
1635250121348,0.7061,-9.6563,0.0407,-0.2607,0.1801,0.4709
1635250121378,0.6367,-9.9766,0.0981,-0.2874,0.1747,0.4751
1635250121380,0.5981,-10.1719,-0.0024,-0.2629,0.1598,0.4963
1635250121382,0.5503,-10.3672,-0.1794,-0.1747,0.1652,0.5313
1635250121407,0.5410,-10.4531,-0.3518,-0.0843,0.1758,0.5698
1635250121409,0.5674,-10.3281,-0.3469,-0.0396,0.1587,0.6040
1635250121411,0.6699,-10.1172,-0.2871,-0.0385,0.1289,0.6221
1635250121437,0.6963,-9.9922,-0.4165,-0.0566,0.1300,0.6357
1635250121439,0.5552,-10.1094,-0.4788,-0.0747,0.1545,0.6538
1635250121440,0.4070,-10.2422,-0.2155,-0.1077,0.1343,0.6621
1635250121467,0.4211,-10.2031,-0.1460,-0.1045,0.0928,0.6816
1635250121469,0.4739,-10.2109,-0.2512,-0.0428,0.1002,0.7188
1635250121471,0.4045,-10.2188,-0.4165,0.0317,0.1300,0.7495
1635250121498,0.3469,-10.1641,-0.4404,0.0806,0.1194,0.7773
1635250121501,0.3328,-9.9219,-0.3997,0.0828,0.0800,0.8018
1635250121503,0.2632,-9.6250,-0.4285,0.0710,0.0566,0.8198
1635250121528,0.1508,-9.5547,-0.4858,0.0423,0.0502,0.8154
1635250121531,0.0239,-9.5469,-0.3518,-0.0141,0.0162,0.8052
1635250121533,0.0359,-9.5859,-0.3184,-0.0524,-0.0402,0.7920
1635250121558,0.1604,-9.7813,-0.5146,-0.0268,-0.0594,0.7935
1635250121559,0.1771,-9.9844,-0.5454,0.0008,-0.0487,0.8154
1635250121561,0.0766,-9.9063,-0.5386,0.0019,-0.0636,0.8423
1635250121597,-0.0215,-9.6797,-0.5215,0.0264,-0.0902,0.8550
1635250121599,-0.1699,-9.4609,-0.5049,0.0615,-0.0934,0.8530
1635250121603,-0.4211,-9.3281,-0.4954,0.0817,-0.1019,0.8350
1635250121607,-0.6484,-9.3281,-0.4548,0.0912,-0.1221,0.8037
1635250121610,-0.8330,-9.4531,-0.4858,0.1093,-0.1412,0.7764
1635250121637,-0.9478,-9.5781,-0.4595,0.1349,-0.1625,0.7676
1635250121639,-0.9385,-9.4063,-0.3230,0.1710,-0.2041,0.7603
1635250121641,-0.8687,-9.0781,-0.1794,0.2328,-0.2306,0.7412
1635250121671,-0.8521,-8.7969,-0.1771,0.3008,-0.2115,0.7080
1635250121672,-0.9360,-8.6250,-0.1364,0.3433,-0.1764,0.6646
1635250121674,-1.0645,-8.5547,-0.0551,0.3499,-0.1636,0.6123
1635250121696,-1.0771,-8.4297,-0.0718,0.3594,-0.1647,0.5562
1635250121698,-1.0840,-8.1563,-0.3926,0.4009,-0.1423,0.5078
1635250121699,-1.1895,-7.9453,-0.5889,0.4722,-0.1210,0.4634
1635250121726,-1.3232,-7.6484,-0.6006,0.4934,-0.1658,0.3975
1635250121728,-1.3691,-7.3828,-0.6416,0.4690,-0.2456,0.3220
1635250121729,-1.4980,-7.3828,-0.5264,0.4180,-0.2986,0.2400
1635250121757,-1.6992,-7.5039,-0.3877,0.3306,-0.3210,0.1443
1635250121759,-1.9248,-7.6602,-0.1005,0.2603,-0.3445,0.0464
1635250121761,-1.9844,-7.8203,-0.0144,0.2328,-0.3647,-0.0409
1635250121787,-1.9629,-8.0078,0.0144,0.2678,-0.3701,-0.0972
1635250121789,-1.8838,-8.0000,-0.0479,0.3242,-0.3711,-0.1420
1635250121792,-1.7832,-7.9883,-0.2681,0.4019,-0.3572,-0.1835
1635250121818,-1.8857,-7.8828,-0.0407,0.4199,-0.3381,-0.2217
1635250121820,-2.0547,-7.5156,0.1555,0.3530,-0.3604,-0.2686
1635250121822,-2.2070,-7.2070,0.3088,0.3103,-0.3914,-0.3367
1635250121848,-2.2715,-7.1875,0.2751,0.2966,-0.3806,-0.4175
1635250121850,-2.3281,-7.5078,0.1963,0.2668,-0.3584,-0.4878
1635250121852,-2.3145,-7.9141,0.1268,0.2200,-0.3667,-0.5356
1635250121878,-2.2656,-8.0938,0.0694,0.1987,-0.3892,-0.5654
1635250121880,-2.1895,-8.1641,0.1340,0.2040,-0.3977,-0.5928
1635250121882,-2.1387,-8.2031,0.2847,0.1891,-0.3914,-0.6226
1635250121908,-2.1523,-8.2188,0.4668,0.1306,-0.3923,-0.6592
1635250121910,-2.1523,-8.4531,0.5649,0.0615,-0.3965,-0.7070
1635250121912,-2.1660,-8.9922,0.6484,0.0434,-0.3923,-0.7397
1635250121938,-2.1523,-9.4375,0.9692,0.1083,-0.4063,-0.7451
1635250121940,-2.0430,-9.5625,0.9624,0.3052,-0.4253,-0.7207
1635250121942,-1.9219,-9.6094,0.9551,0.6211,-0.3914,-0.6782
1635250121968,-1.9385,-9.5625,1.1992,0.8730,-0.3401,-0.6450
1635250121970,-1.9990,-9.2422,1.4121,0.9624,-0.3232,-0.6226
1635250121972,-1.9844,-9.0000,1.6104,0.9434,-0.3242,-0.5981
1635250121998,-1.9053,-8.9766,1.9219,0.8550,-0.3359,-0.5962
1635250122000,-1.6582,-9.1484,1.9580,0.7148,-0.3391,-0.6152
1635250122002,-1.3789,-9.4297,1.7500,0.6094,-0.3062,-0.6025
1635250122028,-1.2754,-9.6641,1.5098,0.6074,-0.2551,-0.5674
1635250122030,-1.2539,-9.9688,1.4141,0.7085,-0.2296,-0.5449
1635250122032,-1.2520,-10.4219,1.3330,0.8730,-0.2242,-0.5239
1635250122061,-1.2803,-10.7969,1.4746,1.2168,-0.2360,-0.4143
1635250122063,-1.2393,-10.6875,1.7949,1.4043,-0.2498,-0.3887
1635250122065,-1.1611,-10.4922,2.1016,1.5215,-0.2211,-0.3835
1635250122088,-1.0869,-10.0078,2.3379,1.4736,-0.2157,-0.3535
1635250122092,-0.9165,-9.4609,2.3164,1.2920,-0.2274,-0.3005
1635250122094,-0.7563,-8.9453,2.5977,0.9819,-0.2274,-0.2473
1635250122120,-0.6582,-8.4453,3.0703,0.5112,-0.2328,-0.1993
1635250122122,-0.5024,-8.6094,3.5801,-0.0268,-0.2317,-0.1483
1635250122123,-0.3423,-9.6797,3.7402,-0.4929,-0.1796,-0.0792
1635250122150,-0.2751,-11.0313,3.4141,-0.7002,-0.0870,0.0113
1635250122152,-0.4260,-12.0781,2.9395,-0.5044,0.0034,0.0836
1635250122153,-0.6128,-12.4609,2.5566,-0.0045,0.0545,0.1335
1635250122180,-0.6655,-12.1406,2.2871,0.5850,0.0609,0.2145
1635250122182,-0.6558,-11.2891,2.1426,1.0518,0.0513,0.3198
1635250122183,-0.5938,-10.1406,2.1426,1.2686,0.0470,0.4038
1635250122210,-0.6606,-9.2578,2.3652,1.2529,0.0598,0.4475
1635250122212,-0.8423,-8.8438,2.6641,1.1279,0.0800,0.4666
1635250122213,-0.9766,-8.7422,3.2148,1.0566,0.1151,0.4729
1635250122239,-0.9336,-8.8672,3.3574,1.1221,0.1395,0.4465
1635250122241,-0.8521,-9.4609,3.2695,1.2998,0.1694,0.4368
1635250122243,-0.8545,-10.1406,3.2871,1.3623,0.1875,0.4783
1635250122268,-0.9072,-10.0234,3.3457,1.2910,0.1918,0.5601
1635250122270,-0.9360,-9.4531,3.5273,1.2998,0.1810,0.6206
1635250122272,-0.8760,-9.0234,3.7246,1.3242,0.1747,0.6167
1635250122298,-0.8496,-8.7109,3.8242,1.2617,0.1970,0.6016
1635250122300,-0.9287,-8.4219,3.8711,1.1484,0.2268,0.6206
1635250122302,-1.0479,-8.0859,3.9688,1.0322,0.2258,0.6519
1635250122329,-1.1514,-7.7422,4.0625,0.8872,0.2119,0.6348
1635250122331,-1.2588,-7.8086,3.9902,0.7285,0.2173,0.5996
1635250122333,-1.4912,-8.1016,4.0742,0.5615,0.2396,0.5933
1635250122359,-1.5918,-8.0938,4.2656,0.4189,0.2375,0.5869
1635250122361,-1.4980,-8.0703,4.3281,0.4263,0.2045,0.5688
1635250122363,-1.3643,-8.1641,4.4375,0.5210,0.1981,0.5420
1635250122389,-1.3809,-8.0625,4.6563,0.5850,0.2173,0.5132
1635250122391,-1.4766,-7.8750,4.8516,0.6123,0.2396,0.4890
1635250122393,-1.6016,-7.7969,5.0273,0.5889,0.2651,0.4666
1635250122420,-1.6299,-7.7930,5.1484,0.5166,0.2971,0.4561
1635250122427,-1.5938,-7.8359,5.1563,0.4509,0.3301,0.4602
1635250122428,-1.5557,-7.8633,4.9844,0.4211,0.3652,0.4548
1635250122447,-1.5244,-7.8828,4.7188,0.4285,0.4014,0.4390
1635250122449,-1.5703,-7.8789,4.4805,0.4529,0.4353,0.4250
1635250122468,-1.6758,-7.7617,4.2891,0.4849,0.4429,0.4124
1635250122471,-1.7324,-7.6797,4.2109,0.5210,0.4268,0.3933
1635250122481,-1.7715,-7.6602,4.2461,0.5103,0.4087,0.3699
1635250122488,-1.7568,-7.7031,4.3789,0.4478,0.4077,0.3613
1635250122499,-1.7813,-7.6680,4.5352,0.3477,0.4236,0.3708
1635250122503,-1.7930,-7.5547,4.6758,0.2539,0.4460,0.3740
1635250122530,-1.8457,-7.3945,4.8086,0.2083,0.4749,0.3667
1635250122534,-1.9580,-7.2070,4.7734,0.2125,0.5117,0.3518
1635250122540,-2.1426,-6.9023,4.4688,0.2136,0.5386,0.3293
1635250122550,-2.3379,-6.6406,4.3242,0.1583,0.5415,0.2986
1635250122557,-2.5156,-6.4414,4.3516,0.0434,0.5415,0.2688
1635250122580,-2.6758,-6.4063,4.3789,-0.0970,0.5522,0.2527
1635250122584,-2.8027,-6.5273,4.3086,-0.2471,0.5801,0.2474
1635250122588,-2.9551,-6.6719,4.1680,-0.4163,0.6172,0.2283
1635250122600,-3.1230,-6.6133,4.0859,-0.5757,0.6558,0.2039
1635250122604,-3.3262,-6.3945,3.8965,-0.6812,0.6904,0.1868
1635250122629,-3.5332,-6.2500,3.6816,-0.7310,0.7119,0.1559
1635250122633,-3.6660,-6.2773,3.5137,-0.7705,0.7173,0.1028
1635250122636,-3.7441,-6.4063,3.3125,-0.8076,0.7173,0.0464
1635250122660,-3.7871,-6.6875,3.1973,-0.8428,0.7002,0.0059
1635250122664,-3.8086,-6.9570,3.1133,-0.8916,0.6621,-0.0185
1635250122668,-3.7773,-7.0352,3.0430,-0.9097,0.6045,-0.0504
1635250122683,-3.7695,-7.0977,3.0859,-0.8716,0.5479,-0.0962
1635250122685,-3.7773,-7.1836,3.1836,-0.8154,0.5098,-0.1515
1635250122709,-3.7168,-7.2227,3.0352,-0.7695,0.4875,-0.1909
1635250122713,-3.6934,-7.3594,2.8691,-0.7153,0.4651,-0.2175
1635250122717,-3.6582,-7.4727,2.7734,-0.6479,0.4321,-0.2494
1635250122730,-3.5840,-7.5117,2.7227,-0.5713,0.3884,-0.2876
1635250122735,-3.5313,-7.5391,2.7207,-0.4546,0.3503,-0.3335
1635250122761,-3.4805,-7.5781,2.7090,-0.3206,0.3247,-0.3823
1635250122768,-3.4395,-7.5508,2.7363,-0.1970,0.3054,-0.4399
1635250122772,-3.3398,-7.6055,2.7305,-0.0843,0.2800,-0.5024
1635250122781,-3.1250,-7.8672,2.5996,0.0040,0.2534,-0.5557
1635250122787,-2.8945,-8.2031,2.3906,0.0498,0.2311,-0.5889
1635250122810,-2.7109,-8.4297,2.2813,0.0859,0.1981,-0.6025
1635250122814,-2.6152,-8.4844,2.3164,0.1625,0.1534,-0.6216
1635250122818,-2.5820,-8.4063,2.3086,0.2849,0.1055,-0.6602
1635250122829,-2.5293,-8.3984,2.4004,0.4370,0.0609,-0.7080
1635250122832,-2.4004,-8.4922,2.4961,0.5879,0.0151,-0.7432
1635250122859,-2.2539,-8.5703,2.5313,0.7168,-0.0338,-0.7539
1635250122867,-2.0332,-8.6250,2.5781,0.8223,-0.0881,-0.7524
1635250122870,-1.7949,-8.7031,2.8105,0.8965,-0.1434,-0.7432
1635250122878,-1.6182,-8.6250,3.1777,0.9180,-0.1945,-0.7397
1635250122880,-1.5029,-8.3906,3.4785,0.9043,-0.2264,-0.7485
1635250122909,-1.4717,-8.2188,3.7109,0.8911,-0.2402,-0.7632
1635250122911,-1.4746,-8.1172,3.8633,0.8872,-0.2507,-0.7793
1635250122913,-1.4004,-8.1016,3.9414,0.8955,-0.2710,-0.7993
1635250122939,-1.2920,-8.1953,4.0352,0.9106,-0.2827,-0.8301
1635250122941,-1.0957,-8.2656,4.0352,0.9043,-0.2710,-0.8535
1635250122944,-0.9238,-8.2500,4.0977,0.8647,-0.2583,-0.8418
1635250122969,-0.8306,-8.0469,4.1758,0.7744,-0.2646,-0.8271
1635250122971,-0.7061,-7.7813,4.2656,0.6147,-0.2764,-0.8354
1635250122973,-0.5840,-7.6641,4.4805,0.4148,-0.2773,-0.8516
1635250122999,-0.4668,-7.7891,4.5820,0.2125,-0.2795,-0.8481
1635250123001,-0.3064,-8.1719,4.5078,0.0583,-0.2786,-0.8418
1635250123003,-0.1652,-8.8281,4.4063,-0.0407,-0.2678,-0.8472
1635250123029,-0.0551,-9.4531,4.3203,-0.0790,-0.2529,-0.8442
1635250123034,0.0551,-9.5859,4.3047,-0.0534,-0.2507,-0.8003
1635250123036,0.0862,-9.1719,4.5742,0.0434,-0.3040,-0.7070
1635250123063,0.3040,-8.6406,4.7227,0.0466,-0.2954,-0.6792
1635250123065,0.3040,-8.6406,4.7227,0.0466,-0.2954,-0.6792
1635250123067,0.3950,-8.9922,5.1133,-0.0917,-0.2615,-0.5952
1635250123089,0.4355,-9.2734,5.1680,-0.0939,-0.2529,-0.5527
1635250123091,0.4883,-9.7344,5.0273,-0.0130,-0.2274,-0.5132
1635250123092,0.5981,-10.1484,4.9609,0.1136,-0.1913,-0.4653
1635250123119,0.7563,-10.2969,5.0156,0.2571,-0.1859,-0.3823
1635250123120,0.8115,-10.3359,5.0000,0.3914,-0.1965,-0.2856
1635250123121,0.7852,-10.1563,4.8281,0.5073,-0.1838,-0.2101
1635250123149,0.6606,-9.7734,4.9219,0.5923,-0.1625,-0.1504
1635250123177,0.5503,-9.2734,5.1758,0.6255,-0.1700,-0.1036
1635250123178,0.5073,-8.8203,5.4531,0.6411,-0.1678,-0.0770
1635250123190,0.3997,-8.6641,5.5508,0.6602,-0.1285,-0.0515
1635250123191,0.3135,-8.6953,5.5742,0.6709,-0.0945,-0.0132
1635250123192,0.2466,-8.9063,5.5820,0.6772,-0.0870,0.0155
1635250123200,0.1938,-8.9609,5.5273,0.6763,-0.0742,0.0294
1635250123202,0.0958,-8.8281,5.4922,0.7305,-0.0572,0.0421
1635250123233,-0.0407,-8.5625,5.4648,0.7925,-0.0689,0.0410
1635250123236,-0.0598,-8.1953,5.4766,0.8188,-0.0923,0.0208
1635250123239,-0.0718,-7.7773,5.5195,0.8330,-0.1200,0.0038
1635250123252,-0.0886,-7.4727,5.4844,0.8477,-0.1487,-0.0196
1635250123256,-0.1771,-7.2422,5.3125,0.8149,-0.1870,-0.0558
1635250123280,-0.1938,-6.9922,5.2070,0.6670,-0.2242,-0.0909
1635250123283,-0.1915,-6.8320,5.4297,0.4360,-0.2466,-0.1121
1635250123284,-0.1699,-6.8359,5.6445,0.1998,-0.2488,-0.1345
1635250123310,-0.1412,-7.1133,5.7109,0.0210,-0.2306,-0.1578
1635250123311,-0.0191,-7.7656,5.6680,-0.0566,-0.2030,-0.1675
1635250123313,0.0551,-8.3984,5.4844,-0.0279,-0.1753,-0.1664
1635250123340,0.0479,-8.5313,5.0977,0.0912,-0.1700,-0.1578
1635250123341,0.0191,-8.3516,5.0078,0.2700,-0.1913,-0.1578
1635250123343,0.0048,-8.1406,5.1406,0.4136,-0.2222,-0.1727
1635250123370,0.1005,-7.8672,5.3047,0.4646,-0.2507,-0.1770
1635250123371,0.3015,-7.6133,5.4844,0.4316,-0.2688,-0.1653
1635250123373,0.4932,-7.4531,5.6133,0.3572,-0.2615,-0.1387
1635250123400,0.6367,-7.4727,5.7813,0.2656,-0.2413,-0.1334
1635250123401,0.7515,-7.8086,5.7695,0.1327,-0.2296,-0.1260
1635250123403,0.7588,-8.2891,5.5938,-0.0109,-0.2030,-0.0823
1635250123430,0.6484,-8.3594,5.5039,-0.0481,-0.1721,-0.0419
1635250123432,0.5239,-8.5469,5.6094,0.1433,-0.1689,-0.0228
1635250123434,0.4739,-8.8750,5.6406,0.4646,-0.1859,-0.0036
1635250123460,0.5313,-8.3438,5.3633,0.7319,-0.2051,0.0294
1635250123462,0.6460,-7.7930,5.5586,0.9097,-0.2498,0.0570
1635250123464,0.8091,-7.2109,6.2930,0.8755,-0.2391,0.0357
1635250123490,0.7563,-6.7891,6.2891,0.6509,-0.1849,0.0496
1635250123492,0.6631,-7.0625,6.2813,0.3806,-0.1392,0.0964
1635250123494,0.6558,-7.1641,6.1602,0.0349,-0.0828,0.1198
1635250123520,0.6699,-7.1484,6.1875,-0.2588,-0.0274,0.1294
1635250123522,0.6509,-7.3789,6.2734,-0.3982,0.0098,0.1421
1635250123524,0.5073,-7.4219,6.3555,-0.5044,0.0279,0.1283
1635250123551,0.3542,-7.1680,6.4648,-0.6162,0.0321,0.0900
1635250123553,0.2825,-6.8945,6.3906,-0.6938,0.0385,0.0602
1635250123555,0.2705,-6.8516,6.3086,-0.7407,0.0406,0.0325
1635250123581,0.4404,-7.2656,6.1445,-0.7417,0.0406,0.0070
1635250123583,0.6460,-7.7695,5.9688,-0.6919,0.0534,0.0028
1635250123586,0.7251,-8.0391,5.9648,-0.5737,0.0715,0.0102
1635250123611,0.6460,-7.9961,6.0273,-0.4302,0.0800,0.0028
1635250123613,0.5361,-7.7734,6.0313,-0.3374,0.0779,-0.0143
1635250123615,0.4978,-7.5742,6.0664,-0.3364,0.0790,-0.0249
1635250123641,0.5693,-7.5078,6.0430,-0.4216,0.0928,-0.0313
1635250123643,0.7324,-7.5938,6.0195,-0.5610,0.1183,-0.0334
1635250123645,0.8472,-7.7109,5.9609,-0.7246,0.1587,-0.0217
1635250123671,0.8379,-7.9453,5.7422,-0.8618,0.2056,0.0006
1635250123673,0.7251,-8.3047,5.5664,-0.9438,0.2471,0.0230
1635250123675,0.5791,-8.5625,5.5078,-0.9717,0.2693,0.0474
1635250123700,0.5171,-8.5469,5.3281,-0.9502,0.2639,0.0687
1635250123702,0.5264,-8.5703,5.0781,-0.8799,0.2524,0.0836
1635250123703,0.4932,-8.7578,5.1055,-0.8398,0.2651,0.0942
1635250123730,0.4739,-8.8203,5.1797,-0.8716,0.2886,0.1134
1635250123731,0.4788,-8.9531,5.2539,-0.8994,0.3076,0.1475
1635250123733,0.4165,-9.1172,5.2617,-0.8916,0.3289,0.1890
1635250123760,0.3469,-9.1094,5.1445,-0.8633,0.3513,0.2219
1635250123762,0.2106,-9.0156,4.9688,-0.8184,0.3684,0.2422
1635250123764,0.1053,-9.0234,4.7773,-0.7813,0.3801,0.2612
1635250123791,0.0694,-9.0078,4.6836,-0.7803,0.3865,0.2910
1635250123793,0.0526,-8.9688,4.6172,-0.7876,0.3884,0.3154
1635250123795,0.0000,-8.9844,4.5195,-0.7598,0.3853,0.3315
1635250123821,0.0311,-9.0703,4.4609,-0.7100,0.3662,0.3420
1635250123823,0.1364,-9.2031,4.4961,-0.6855,0.3513,0.3667
1635250123825,0.1963,-9.1797,4.3750,-0.7046,0.3555,0.4050
1635250123851,0.2058,-9.1641,4.2227,-0.7310,0.3586,0.4368
1635250123853,0.1293,-9.2266,4.1836,-0.7515,0.3586,0.4561
1635250123855,0.1245,-9.3359,4.1836,-0.7749,0.3599,0.4836
1635250123881,0.1555,-9.5313,4.0078,-0.7778,0.3586,0.5293
1635250123883,0.2607,-9.8516,3.8203,-0.7568,0.3599,0.5869
1635250123885,0.3589,-10.0156,3.7539,-0.7334,0.3545,0.6484
1635250123911,0.3518,-9.7891,3.7930,-0.6992,0.3406,0.7090
1635250123913,0.1604,-9.4063,3.7715,-0.6299,0.3320,0.7432
1635250123915,-0.1245,-9.0859,3.6660,-0.5693,0.3342,0.7520
1635250123941,-0.3567,-8.9609,3.5020,-0.5493,0.3301,0.7593
1635250123943,-0.4954,-8.9609,3.4277,-0.5703,0.3130,0.7739
1635250123945,-0.4883,-8.9922,3.2656,-0.5981,0.2959,0.7900
1635250123971,-0.4548,-9.0625,3.0996,-0.6025,0.2854,0.8062
1635250123973,-0.4211,-9.0078,2.9375,-0.6001,0.2810,0.8164
1635250123975,-0.4380,-8.8125,2.8457,-0.6045,0.2693,0.8188
1635250124001,-0.5024,-8.5859,2.7617,-0.6143,0.2502,0.7974
1635250124003,-0.6846,-8.4766,2.7012,-0.6333,0.2450,0.7646
1635250124005,-0.9287,-8.4063,2.7402,-0.6777,0.2407,0.7368
1635250124031,-1.1221,-8.3906,2.7734,-0.7090,0.2236,0.7153
1635250124033,-1.3018,-8.5156,2.6270,-0.6885,0.2087,0.6909
1635250124035,-1.4268,-8.6406,2.4141,-0.6426,0.2056,0.6689
1635250124070,-1.4912,-8.6719,2.2773,-0.6162,0.1927,0.6572
1635250124078,-1.5146,-8.4531,2.1230,-0.6055,0.1620,0.6504
1635250124094,-1.5391,-8.2344,1.8213,-0.5674,0.1247,0.6284
1635250124106,-1.5869,-8.1797,1.6279,-0.5078,0.0800,0.5195
1635250124111,-1.6563,-8.0859,1.6230,-0.5078,0.0800,0.5195
1635250124115,-1.7832,-7.9102,1.6826,-0.4695,-0.0030,0.4368
1635250124119,-2.0527,-7.8594,1.8213,-0.4109,-0.0179,0.3867
1635250124123,-2.2324,-7.9648,1.8740,-0.3726,-0.0189,0.3420
1635250124128,-2.3711,-8.0313,1.6299,-0.3364,-0.0285,0.3069
1635250124154,-2.4102,-8.1875,1.3545,-0.2705,-0.0455,0.2729
1635250124158,-2.3770,-8.2578,1.2969,-0.2184,-0.0817,0.2336
1635250124161,-2.3574,-8.1250,1.4580,-0.1896,-0.1370,0.1868
1635250124171,-2.3359,-7.9414,1.6299,-0.1492,-0.1753,0.1335
1635250124173,-2.3711,-7.8203,1.6201,-0.0768,-0.1700,0.0825
1635250124201,-2.4668,-7.8086,1.6201,-0.0056,-0.1444,0.0325
1635250124202,-2.6250,-7.7930,1.7041,0.0359,-0.1392,-0.0164
1635250124204,-2.8027,-7.7305,1.6826,0.0753,-0.1572,-0.0706
1635250124231,-2.9492,-7.6875,1.5176,0.1189,-0.1732,-0.1281
1635250124232,-2.9844,-7.8711,1.4619,0.1498,-0.1870,-0.1835
1635250124234,-2.9863,-8.1563,1.5361,0.1487,-0.2242,-0.2207
1635250124262,-2.8945,-8.3047,1.4932,0.1221,-0.2859,-0.2408
1635250124264,-2.7480,-8.3750,1.5869,0.1381,-0.3318,-0.2642
1635250124266,-2.6895,-8.3906,1.9053,0.1774,-0.3264,-0.3025
1635250124292,-2.7910,-8.4297,2.1348,0.2488,-0.3103,-0.3386
1635250124294,-2.9609,-8.5703,2.2715,0.3584,-0.2998,-0.3525
1635250124296,-3.0566,-8.6016,2.3027,0.4595,-0.2944,-0.3516
1635250124322,-3.0469,-8.5313,2.3145,0.5200,-0.3093,-0.3547
1635250124324,-2.9805,-8.5391,2.4824,0.5444,-0.3201,-0.3547
1635250124326,-2.9004,-8.6172,2.6895,0.5229,-0.3232,-0.3535
1635250124352,-2.8223,-8.7813,2.7285,0.4829,-0.3103,-0.3472
1635250124356,-2.7754,-8.9766,2.7754,0.4817,-0.2903,-0.3354
1635250124358,-2.7402,-9.1875,2.7617,0.5435,-0.2891,-0.3313
1635250124382,-2.7090,-9.3359,2.7637,0.6655,-0.3052,-0.3291
1635250124384,-2.6445,-9.2656,2.7793,0.7871,-0.3147,-0.3250
1635250124386,-2.6445,-9.1406,3.1074,0.8755,-0.3188,-0.3164
1635250124412,-2.6016,-8.9609,3.4902,0.9009,-0.3306,-0.3057
1635250124414,-2.4219,-8.8672,3.6582,0.8965,-0.3252,-0.2813
1635250124416,-2.2754,-9.0547,4.0586,0.8223,-0.2913,-0.2408
1635250124442,-2.2070,-9.2109,4.3633,0.6753,-0.2423,-0.2122
1635250124444,-2.0684,-9.4297,4.3633,0.6084,-0.1849,-0.1727
1635250124447,-1.9316,-9.6172,4.3281,0.5957,-0.1179,-0.1068
1635250124477,-1.8506,-9.3750,4.1406,0.5723,-0.0615,-0.0632
1635250124479,-1.7617,-8.8203,3.9043,0.5273,-0.0359,-0.0451
1635250124482,-1.7070,-8.6719,3.8672,0.4434,-0.0232,-0.0196
1635250124496,-1.7686,-8.8672,3.9180,0.2700,0.0034,0.0294
1635250124506,-1.8740,-9.1953,4.0469,0.0785,0.0332,0.0772
1635250124514,-1.9072,-9.7500,4.1172,-0.0151,0.0470,0.1208
1635250124516,-1.9248,-10.2109,4.1055,0.0200,0.0598,0.1698
1635250124545,-1.9551,-10.2656,4.0820,0.1636,0.0811,0.2070
1635250124549,-1.9121,-9.9219,4.0625,0.3477,0.0885,0.2198
1635250124553,-1.9102,-9.4063,3.9902,0.5059,0.0864,0.2443
1635250124563,-1.9746,-8.7500,4.0820,0.5869,0.0928,0.2739
1635250124565,-2.0176,-8.1875,4.1484,0.5732,0.1013,0.2739
1635250124595,-2.0039,-8.1641,3.9805,0.5049,0.1066,0.2729
1635250124597,-1.9961,-8.6953,3.8359,0.3965,0.1205,0.3037
1635250124600,-2.1055,-9.2109,3.8066,0.2944,0.1226,0.3433
1635250124622,-2.1563,-9.4063,3.7695,0.3179,0.1141,0.3538
1635250124624,-2.1211,-9.3281,3.9160,0.4478,0.0928,0.3357
1635250124625,-2.0156,-9.0313,4.1563,0.5796,0.0715,0.3230
1635250124652,-1.9531,-8.6953,4.4688,0.6221,0.0757,0.3325
1635250124654,-1.9199,-8.5625,4.7109,0.5581,0.0960,0.3474
1635250124661,-1.8555,-8.5938,4.6641,0.4497,0.1300,0.3762
1635250124683,-1.8408,-8.6875,4.4961,0.3828,0.1715,0.4177
1635250124685,-1.9150,-8.8672,4.3516,0.3945,0.1981,0.4453
1635250124686,-2.0156,-8.8047,4.2422,0.4360,0.2130,0.4517
1635250124712,-2.1426,-8.5781,4.3516,0.4817,0.2236,0.4539
1635250124714,-2.2266,-8.2500,4.5820,0.4795,0.2375,0.4539
1635250124716,-2.2734,-7.8359,4.6875,0.4167,0.2620,0.4443
1635250124742,-2.3340,-7.5781,4.7305,0.3115,0.2959,0.4326
1635250124744,-2.4102,-7.5000,4.7070,0.2104,0.3469,0.4348
1635250124746,-2.4512,-7.5547,4.6250,0.1157,0.3843,0.4272
1635250124774,-2.4707,-7.6875,4.4023,-0.0066,0.3906,0.4272
1635250124776,-2.5156,-7.6875,4.1914,-0.1109,0.3992,0.4399
1635250124778,-2.6230,-7.5625,4.0938,-0.1503,0.4077,0.4282
1635250124803,-2.7305,-7.3672,4.0820,-0.0875,0.3843,0.3899
1635250124805,-2.6582,-7.2500,3.7988,0.0487,0.3535,0.3550
1635250124807,-2.6211,-7.2344,3.7988,0.1530,0.3374,0.3176
1635250124833,-2.7012,-7.1211,4.0039,0.1710,0.3311,0.2688
1635250124835,-2.8203,-7.0586,4.2148,0.1317,0.3386,0.2357
1635250124837,-2.8867,-7.0938,4.3047,0.0657,0.3577,0.2336
1635250124863,-2.8867,-7.1445,4.3203,-0.0215,0.3735,0.2400
1635250124865,-2.8750,-7.1406,4.2891,-0.1077,0.3970,0.2443
1635250124867,-2.8594,-7.0234,4.1523,-0.1907,0.4333,0.2432
1635250124894,-2.9629,-7.0664,4.1172,-0.2673,0.4790,0.2294
1635250124896,-3.1250,-7.1328,4.0859,-0.3503,0.5313,0.2188
1635250124897,-3.3223,-7.0781,3.8945,-0.4258,0.5820,0.2208
1635250124923,-3.5469,-6.9219,3.6289,-0.4651,0.6172,0.2283
1635250124925,-3.7461,-6.7852,3.3887,-0.4790,0.6362,0.2177
1635250124928,-3.8535,-6.6641,3.1621,-0.4993,0.6426,0.1974
1635250124953,-3.9355,-6.4063,2.9082,-0.5630,0.6470,0.1741
1635250124956,-4.0820,-6.1094,2.5566,-0.6748,0.6460,0.1389
1635250124958,-4.2734,-6.0273,2.1660,-0.8130,0.6343,0.0879
1635250124984,-4.4102,-6.0625,1.8330,-0.9746,0.5991,0.0294
1635250124986,-4.5508,-6.2344,1.5537,-1.1367,0.5376,-0.0260
1635250124988,-4.6367,-6.6484,1.4141,-1.2402,0.4534,-0.0643
1635250125014,-4.6367,-7.2031,1.3184,-1.2646,0.3684,-0.0930
1635250125017,-4.6289,-7.6133,1.2949,-1.2305,0.2939,-0.1207
1635250125019,-4.6289,-7.8359,1.2656,-0.9746,0.1587,-0.1835
1635250125045,-4.6328,-7.9844,1.3613,-0.7598,0.0949,-0.2079
1635250125047,-4.5430,-7.8086,1.2900,-0.5171,0.0247,-0.2408
1635250125049,-4.4258,-7.5742,1.2754,-0.2908,-0.0434,-0.2983
1635250125074,-4.2852,-7.4531,1.3398,-0.0949,-0.1104,-0.3601
1635250125078,-4.0117,-7.5781,1.3398,0.0636,-0.1753,-0.3984
1635250125080,-3.7441,-7.8398,1.4453,0.1913,-0.2274,-0.4133
1635250125104,-3.5469,-7.9727,1.6182,0.3008,-0.2805,-0.4419
1635250125106,-3.4277,-7.9922,1.8096,0.4316,-0.3328,-0.4973
1635250125109,-3.3750,-7.9492,1.8164,0.5806,-0.3562,-0.5591
1635250125134,-3.3535,-7.7227,1.9219,0.6509,-0.3689,-0.6226
1635250125136,-3.2715,-7.4063,2.1738,0.6040,-0.4104,-0.6748
1635250125138,-3.0547,-7.2539,2.4258,0.5283,-0.4829,-0.7036
1635250125164,-2.7617,-7.3125,2.6328,0.4678,-0.5371,-0.7378
1635250125166,-2.4551,-7.4648,2.5352,0.4402,-0.5498,-0.7876
1635250125168,-2.2402,-7.7227,2.3672,0.4744,-0.5435,-0.8418
1635250125194,-2.1895,-8.0469,2.3379,0.5498,-0.5625,-0.8950
1635250125196,-2.1523,-8.1172,2.7168,0.6167,-0.6328,-0.9517
1635250125198,-1.9775,-8.1250,3.0879,0.6743,-0.7305,-1.0059
1635250125224,-1.6895,-8.3750,3.1328,0.7085,-0.8008,-1.0391
1635250125226,-1.3711,-8.7656,3.2480,0.7085,-0.8179,-1.0361
1635250125228,-1.1611,-8.9531,3.7051,0.6968,-0.8198,-1.0195
1635250125254,-0.9238,-9.1484,4.2852,0.7915,-0.8384,-1.0166
1635250125256,-0.6724,-9.6172,4.9258,1.0313,-0.8296,-1.0059
1635250125258,-0.3950,-10.0078,5.3984,1.2744,-0.7783,-0.9688
1635250125284,-0.1388,-10.0547,5.6680,1.4561,-0.7266,-0.9131
1635250125286,-0.0048,-9.6797,5.5664,1.6016,-0.6816,-0.8408
1635250125288,0.0239,-9.0000,4.8945,1.6846,-0.6636,-0.7793
1635250125314,0.1149,-8.5859,4.7109,1.6943,-0.6553,-0.7485
1635250125316,0.2274,-8.3125,5.0156,1.5918,-0.6348,-0.7153
1635250125318,0.2394,-8.1563,5.3594,1.4385,-0.6157,-0.6772
1635250125344,0.2274,-8.4766,5.9648,1.2773,-0.5957,-0.6558
1635250125346,0.2561,-8.9375,6.5039,1.0938,-0.5581,-0.6387
1635250125348,0.3303,-9.1641,6.7227,0.9712,-0.5229,-0.5874
1635250125374,0.5435,-9.0547,6.8477,0.9043,-0.5029,-0.5176
1635250125376,0.7563,-8.7891,6.8203,0.8447,-0.4680,-0.4749
1635250125378,0.8208,-8.4219,6.5977,0.7637,-0.4126,-0.4558
1635250125407,0.8164,-8.0547,6.3047,0.6563,-0.3625,-0.4250
1635250125409,0.7754,-7.9453,6.0547,0.5444,-0.3252,-0.3867
1635250125411,0.7251,-8.2500,6.0742,0.4668,-0.2913,-0.3484
1635250125435,0.6895,-8.6563,6.0820,0.4465,-0.2678,-0.3047
1635250125437,0.6392,-8.8516,5.9531,0.5093,-0.2754,-0.2546
1635250125439,0.6772,-8.6094,6.0273,0.5581,-0.3391,-0.2334
1635250125465,0.8643,-8.0234,6.1719,0.5200,-0.3945,-0.2441
1635250125467,0.9814,-7.4258,6.2461,0.3848,-0.3933,-0.2388
1635250125469,1.1035,-7.3594,6.2695,0.1710,-0.3647,-0.2164
1635250125494,1.1875,-7.9141,6.0898,-0.0757,-0.3232,-0.1749
1635250125496,1.2441,-8.8438,6.0938,-0.2343,-0.2656,-0.1164
1635250125498,1.1416,-9.3047,6.0273,-0.2098,-0.2125,-0.0430
1635250125524,0.8330,-8.8828,5.8320,0.0008,-0.2179,0.0219
1635250125526,0.5625,-8.2578,5.8359,0.3147,-0.2615,0.0421
1635250125528,0.5024,-7.8867,5.9219,0.5464,-0.2615,0.0304
1635250125555,0.4475,-7.7188,6.4727,0.6157,-0.2041,0.0517
1635250125559,0.3518,-7.2852,6.7148,0.5645,-0.1604,0.0921
1635250125561,0.3589,-7.0273,6.6016,0.4988,-0.1349,0.1028
1635250125586,0.4165,-7.2852,6.6328,0.4019,-0.0838,0.0815
1635250125589,0.4236,-7.6133,6.3945,0.2434,-0.0093,0.0793
1635250125591,0.3279,-7.9258,6.1211,0.1753,0.0406,0.1091
1635250125620,0.2322,-8.1953,6.0625,0.2539,0.0534,0.1187
1635250125623,0.1149,-8.1953,6.0859,0.3625,0.0375,0.1028
1635250125625,0.1580,-7.8086,6.1094,0.3965,0.0056,0.0974
1635250125635,0.2417,-7.4063,6.1641,0.3486,-0.0125,0.1251
1635250125638,0.1747,-7.1484,6.1445,0.2200,0.0024,0.1443
1635250125667,0.0072,-7.1328,5.9258,0.0987,0.0236,0.1421
1635250125669,-0.1460,-7.4609,5.7500,0.0934,0.0364,0.1506
1635250125671,-0.2871,-7.8945,5.7070,0.2222,0.0311,0.1592
1635250125699,-0.3853,-8.0625,5.7383,0.4456,-0.0062,0.1432
1635250125700,-0.4236,-7.8711,5.7813,0.7007,-0.0657,0.1251
1635250125704,-0.3901,-7.6133,5.8516,0.9009,-0.1285,0.1081
1635250125729,-0.2751,-7.4414,5.9297,0.9927,-0.1678,0.0900
1635250125732,-0.1340,-7.0938,5.9844,0.9819,-0.1721,0.0868
1635250125734,-0.1029,-6.7070,5.8164,0.9316,-0.1732,0.1017
1635250125761,-0.0598,-6.5781,5.6875,0.8613,-0.1775,0.1060
1635250125763,-0.0886,-6.5078,5.4805,0.7520,-0.1796,0.1060
1635250125766,-0.3135,-6.4766,5.5313,0.6338,-0.1913,0.1006
1635250125779,-0.4331,-6.2031,5.9180,0.4829,-0.2285,0.0804
1635250125782,-0.2369,-5.8789,6.3242,0.2773,-0.2615,0.0613
1635250125806,-0.0814,-6.0156,6.4727,0.0923,-0.2539,0.0623
1635250125808,-0.0431,-6.3516,6.5117,-0.0939,-0.2253,0.0719
1635250125810,-0.0048,-6.5742,6.5820,-0.2162,-0.1956,0.0783
1635250125835,-0.0215,-6.6641,6.3984,-0.1790,-0.1785,0.0634
1635250125837,-0.0144,-6.8281,6.2734,-0.0566,-0.2008,0.0304
1635250125838,0.0383,-6.9922,6.4141,0.0274,-0.2264,0.0091
1635250125867,0.1293,-7.0039,6.6367,0.0710,-0.2339,0.0006
1635250125868,0.2776,-6.9180,6.8750,0.1243,-0.2296,-0.0132
1635250125870,0.3877,-6.7539,7.0156,0.1583,-0.2231,-0.0196
1635250125895,0.5171,-6.5742,7.0859,0.1295,-0.2094,-0.0111
1635250125897,0.5479,-6.4258,7.0352,0.0200,-0.1913,-0.0015
1635250125899,0.6196,-6.3633,7.0430,-0.1438,-0.1550,0.0070
1635250125925,0.7827,-6.4609,7.4922,-0.3140,-0.0955,0.0198
1635250125927,0.8950,-6.5820,7.8633,-0.5034,-0.0306,0.0336
1635250125928,0.9165,-6.6133,7.7305,-0.6865,0.0290,0.0421
1635250125956,0.8950,-6.6719,7.3555,-0.7876,0.0800,0.0506
1635250125958,0.7178,-6.8594,7.1094,-0.8101,0.1183,0.0315
1635250125960,0.5171,-6.8945,6.8320,-0.7832,0.1289,-0.0100
1635250125986,0.4309,-6.9805,6.6719,-0.7344,0.1130,-0.0387
1635250125988,0.5049,-6.9805,6.7305,-0.7671,0.1066,-0.0409
1635250125990,0.7803,-6.8242,6.7930,-0.9292,0.1428,-0.0356
1635250126016,0.7705,-6.9102,6.5859,-0.9600,0.1652,-0.0281
1635250126018,0.7275,-7.1602,6.4609,-0.9448,0.1885,-0.0302
1635250126020,0.6436,-7.4570,6.3945,-0.9365,0.2141,-0.0334
1635250126046,0.5337,-7.6563,6.2852,-0.9546,0.2385,-0.0334
1635250126048,0.4788,-7.7422,6.2813,-0.9834,0.2588,-0.0323
1635250126050,0.4070,-7.7188,6.3125,-1.0098,0.2822,-0.0409
1635250126078,0.3015,-7.6367,6.3438,-1.0186,0.2981,-0.0494
1635250126081,0.1986,-7.5820,6.2070,-1.0479,0.3035,-0.0504
1635250126083,0.1412,-7.6133,6.0195,-1.1279,0.3120,-0.0430
1635250126108,0.1843,-7.7734,5.8711,-1.2520,0.3247,-0.0323
1635250126110,0.2202,-8.3984,5.9414,-1.3311,0.3716,-0.0175
1635250126112,0.0359,-8.5078,5.7148,-1.3232,0.4163,0.0113
1635250126138,-0.1388,-8.6641,5.3438,-1.2148,0.3992,-0.0015
1635250126140,-0.2155,-8.8906,5.0898,-1.1074,0.3833,-0.0047
1635250126142,-0.3208,-8.9141,4.9531,-1.0449,0.3865,0.0208
1635250126168,-0.3782,-8.8125,4.8125,-0.9683,0.3716,0.0357
1635250126169,-0.4045,-8.5938,4.8047,-0.8906,0.3418,0.0325
1635250126171,-0.3877,-8.4375,4.7305,-0.8618,0.3225,0.0283
1635250126198,-0.3972,-8.4453,4.5859,-0.8940,0.3171,0.0389
1635250126199,-0.3853,-8.5703,4.5000,-0.9482,0.3193,0.0613
1635250126201,-0.3613,-8.8516,4.4648,-0.9556,0.3257,0.0804
1635250126228,-0.3328,-9.0547,4.4531,-0.9023,0.3301,0.0995
1635250126230,-0.2944,-9.1328,4.5078,-0.8110,0.3269,0.1240
1635250126231,-0.2466,-9.0469,4.4141,-0.7236,0.3269,0.1484
1635250126265,-0.2776,-8.8750,4.1797,-0.6621,0.3320,0.1730
1635250126267,-0.3733,-8.7656,3.9512,-0.6479,0.3418,0.1899
1635250126269,-0.5146,-8.7031,3.8223,-0.6758,0.3481,0.1974
1635250126278,-0.5718,-8.6953,3.7324,-0.7163,0.3428,0.2081
1635250126280,-0.5889,-8.7813,3.6523,-0.7397,0.3333,0.2166
1635250126307,-0.5337,-8.9141,3.5156,-0.7427,0.3237,0.2177
1635250126308,-0.4907,-8.9766,3.4180,-0.7256,0.3108,0.2230
1635250126309,-0.5386,-8.9766,3.3789,-0.6685,0.3022,0.2294
1635250126337,-0.6963,-8.8906,3.3652,-0.5801,0.2981,0.2219
1635250126338,-0.8330,-8.7422,3.4004,-0.4885,0.2874,0.2070
1635250126339,-0.8809,-8.7109,3.4805,-0.4194,0.2629,0.1953
1635250126367,-0.8306,-8.8203,3.5527,-0.3938,0.2450,0.1964
1635250126368,-0.6680,-8.9766,3.5801,-0.3928,0.2460,0.2124
1635250126369,-0.4404,-9.0469,3.4727,-0.3896,0.2544,0.2336
1635250126398,-0.3184,-9.0469,3.2813,-0.3704,0.2725,0.2549
1635250126402,-0.3757,-8.9375,3.0371,-0.3748,0.2971,0.2729
1635250126404,-0.4309,-8.8281,2.8652,-0.4302,0.3022,0.2869
1635250126429,-0.4236,-8.7500,2.8320,-0.5288,0.2832,0.3005
1635250126431,-0.2369,-8.9531,2.9590,-0.6333,0.2566,0.3176
1635250126433,0.0191,-9.2578,3.1211,-0.7407,0.2428,0.3506
1635250126458,0.2130,-9.5391,3.1387,-0.8057,0.2460,0.4028
1635250126459,0.3064,-9.7188,3.1387,-0.7896,0.2588,0.4592
1635250126460,0.3374,-9.7188,3.0449,-0.7344,0.2725,0.5132
1635250126489,0.2083,-9.5625,2.9082,-0.6929,0.2800,0.5625
1635250126491,-0.0335,-9.3359,2.7617,-0.6675,0.2864,0.6016
1635250126492,-0.2920,-9.1953,2.6094,-0.6460,0.2822,0.6221
1635250126517,-0.5146,-9.2109,2.4551,-0.6270,0.2620,0.6284
1635250126519,-0.5840,-9.3438,2.3145,-0.6128,0.2354,0.6338
1635250126520,-0.5840,-9.5000,2.2480,-0.5684,0.2076,0.6440
1635250126549,-0.5552,-9.6250,2.2344,-0.4695,0.1843,0.6421
1635250126553,-0.5454,-9.6094,2.1582,-0.3269,0.1726,0.6313
1635250126555,-0.6655,-9.3828,2.2559,-0.1832,0.1672,0.6274
1635250126570,-0.9189,-8.9609,2.4043,-0.0747,0.1534,0.6187
1635250126572,-1.2207,-8.5547,2.5586,-0.0034,0.1354,0.5869
1635250126597,-1.4619,-8.4219,2.5938,0.0189,0.1215,0.5430
1635250126599,-1.5918,-8.5781,2.5449,0.0072,0.1141,0.5039
1635250126602,-1.5938,-8.8125,2.4980,-0.0130,0.1045,0.4795
1635250126627,-1.4961,-8.9453,2.2500,-0.0268,0.0949,0.4656
1635250126629,-1.4053,-8.7969,1.8242,-0.0237,0.0875,0.4517
1635250126631,-1.4316,-8.4297,1.5078,-0.0183,0.0662,0.4314
1635250126657,-1.5146,-8.0391,1.2920,-0.0556,0.0183,0.3899
1635250126659,-1.6680,-7.8398,1.2920,-0.1322,-0.0370,0.3220
1635250126661,-1.9248,-7.8086,1.4766,-0.2236,-0.0764,0.2571
1635250126687,-2.2930,-7.8984,1.7070,-0.2864,-0.1051,0.2007
1635250126689,-2.6348,-8.1016,1.8379,-0.3003,-0.1263,0.1475
1635250126691,-2.7578,-8.3516,1.8291,-0.2842,-0.1487,0.1081
1635250126717,-2.7266,-8.4531,1.8506,-0.2661,-0.1816,0.0762
1635250126720,-2.6309,-8.4844,1.9414,-0.2385,-0.2179,0.0453
1635250126721,-2.5684,-8.4297,2.0273,-0.2002,-0.2328,0.0155
1635250126748,-2.5586,-8.1797,1.9199,-0.1598,-0.2296,-0.0185
1635250126750,-2.6035,-7.9883,1.6367,-0.1045,-0.2200,-0.0632
1635250126752,-2.7363,-8.0625,1.5244,-0.0598,-0.2274,-0.1207
1635250126777,-2.8438,-8.2734,1.4795,-0.0492,-0.2561,-0.1675
1635250126779,-2.9121,-8.4766,1.5098,-0.0322,-0.2891,-0.1887
1635250126780,-2.9102,-8.6797,1.7402,0.0125,-0.3179,-0.2068
1635250126807,-2.8379,-8.7031,2.0586,0.0562,-0.3328,-0.2250
1635250126809,-2.7617,-8.6563,2.2207,0.1104,-0.3306,-0.2388
1635250126810,-2.7500,-8.7344,2.1816,0.1998,-0.3062,-0.2451
1635250126838,-2.7402,-8.9141,2.2949,0.2849,-0.2742,-0.2505
1635250126840,-2.7539,-8.9922,2.5176,0.3711,-0.2605,-0.2505
1635250126842,-2.7754,-9.1719,2.5488,0.5283,-0.2445,-0.2367
1635250126868,-2.8379,-9.3828,2.6094,0.7339,-0.2008,-0.2142
1635250126870,-2.9336,-9.3906,2.7363,0.9097,-0.1615,-0.2026
1635250126872,-2.9336,-9.1719,2.8066,1.0234,-0.1444,-0.1909
1635250126898,-2.8887,-8.8828,2.8457,1.0586,-0.1519,-0.1727
1635250126900,-2.8047,-8.6328,2.8281,1.0137,-0.1625,-0.1621
1635250126902,-2.7285,-8.1953,2.8809,0.9424,-0.1583,-0.1621
1635250126928,-2.6445,-7.7813,2.8535,0.8242,-0.1647,-0.1887
1635250126930,-2.4766,-8.2109,3.2891,0.6519,-0.1370,-0.1770
1635250126932,-2.4746,-8.5547,3.3301,0.4063,-0.1072,-0.1409
1635250126958,-2.5195,-9.0391,3.4902,0.2030,-0.0785,-0.0876
1635250126960,-2.5391,-9.4688,3.6133,0.0923,-0.0466,-0.0323
1635250126962,-2.4043,-9.7188,3.5840,0.1263,-0.0083,0.0017
1635250126988,-2.2031,-9.7813,3.4102,0.2200,0.0332,0.0230
1635250126990,-2.0918,-9.6484,3.3691,0.2913,0.0704,0.0581
1635250126992,-2.0469,-9.4453,3.2949,0.3816,0.1077,0.1134
1635250127018,-2.1484,-9.2031,3.4355,0.4583,0.1449,0.1687
1635250127021,-2.2539,-8.9453,3.6816,0.4668,0.1598,0.1910
1635250127023,-2.2969,-8.8594,3.9766,0.4414,0.1790,0.2059
1635250127049,-2.2559,-8.9063,4.1367,0.3914,0.2119,0.2390
1635250127051,-2.1953,-8.8672,4.2461,0.3147,0.2375,0.2729
1635250127053,-2.0859,-8.8594,4.1992,0.2317,0.2620,0.2900
1635250127094,-2.0586,-9.0078,3.9492,0.1678,0.3022,0.3049
1635250127096,-2.1328,-9.1094,3.6270,0.0977,0.3396,0.3496
1635250127097,-2.2520,-9.1641,3.3789,0.0529,0.3438,0.3921
1635250127104,-2.3594,-9.1875,3.3613,0.0295,0.3279,0.4102
1635250127112,-2.4492,-9.0938,3.3984,0.0168,0.3152,0.4282
1635250127116,-2.5742,-8.8828,3.4688,0.0083,0.3162,0.4517
1635250127129,-2.6641,-8.7422,3.6133,-0.0183,0.3301,0.4656
1635250127133,-2.6895,-8.6250,3.6816,-0.0641,0.3450,0.4751
1635250127159,-2.7070,-8.5938,3.6738,-0.1152,0.3770,0.4976
1635250127162,-2.7539,-8.6484,3.5313,-0.1523,0.4236,0.5249
1635250127165,-2.9160,-8.6094,3.3320,-0.1801,0.4736,0.5537
1635250127190,-3.1953,-8.5234,3.0879,-0.1907,0.5078,0.5718
1635250127194,-3.4531,-8.3906,2.8262,-0.1832,0.5151,0.5698
1635250127202,-3.6367,-8.2188,2.6152,-0.1726,0.4939,0.5654
1635250127209,-3.6934,-8.0313,2.5098,-0.1630,0.4565,0.5601
1635250127214,-3.6816,-7.8828,2.4844,-0.1534,0.4204,0.5483
1635250127240,-3.7500,-7.7109,2.3965,-0.1343,0.3970,0.5283
1635250127244,-3.8672,-7.5859,2.3750,-0.1077,0.3801,0.4954
1635250127248,-3.9473,-7.4336,2.2852,-0.0843,0.3567,0.4529
1635250127260,-4.0352,-7.3008,2.1152,-0.0332,0.3247,0.4028
1635250127264,-4.1484,-7.3320,2.0078,0.0615,0.2842,0.3420
1635250127291,-4.2305,-7.4883,1.8027,0.1827,0.2311,0.2805
1635250127296,-4.2617,-7.6914,1.6611,0.3401,0.1726,0.2305
1635250127300,-4.2422,-7.7734,1.7324,0.5220,0.1066,0.1858
1635250127313,-4.1172,-7.6367,1.7402,0.7275,0.0311,0.1315
1635250127317,-3.9258,-7.3438,1.7881,0.9541,-0.0487,0.0719
1635250127330,-3.8594,-7.1172,2.0059,1.1602,-0.1243,0.0017
1635250127334,-3.8418,-6.9063,2.1563,1.3330,-0.1913,-0.0781
1635250127360,-3.8438,-6.7813,2.3262,1.4756,-0.2561,-0.1526
1635250127364,-3.7852,-6.7422,2.5410,1.5742,-0.3242,-0.2101
1635250127368,-3.6406,-6.6992,2.6992,1.6113,-0.3977,-0.2664
1635250127382,-3.3965,-6.6992,2.9766,1.5947,-0.4785,-0.3237
1635250127387,-3.1191,-6.7617,3.2949,1.5410,-0.5474,-0.3696
1635250127410,-2.8691,-6.8398,3.6230,1.4658,-0.5933,-0.4016
1635250127416,-2.7012,-6.7969,3.8242,1.3750,-0.6123,-0.4346
1635250127417,-2.5586,-6.8086,3.9824,1.2988,-0.6211,-0.4739
1635250127440,-2.4453,-6.9180,4.0859,1.2461,-0.6304,-0.5059
1635250127443,-2.3398,-7.1211,4.2031,1.2383,-0.6455,-0.5142
1635250127446,-2.2598,-7.3477,4.5117,1.2734,-0.6670,-0.5151
1635250127471,-2.1074,-7.4375,4.8711,1.3398,-0.6904,-0.5205
1635250127479,-1.9170,-7.2266,4.9922,1.4043,-0.7178,-0.5303
1635250127485,-1.7021,-6.8867,5.0898,1.3848,-0.7446,-0.5527
1635250127492,-1.4668,-6.7305,5.2891,1.2285,-0.7510,-0.5771
1635250127495,-1.3213,-6.7578,5.6523,0.9966,-0.7178,-0.5693
1635250127519,-1.2900,-6.9805,5.9258,0.7915,-0.6743,-0.5513
1635250127521,-1.1699,-7.3516,6.1641,0.6880,-0.6411,-0.5459
1635250127522,-1.0146,-7.8398,6.4375,0.7231,-0.6050,-0.5420
1635250127551,-0.8906,-8.0703,6.3750,0.8926,-0.5669,-0.5269
1635250127552,-0.8232,-7.9883,6.0469,1.1768,-0.5645,-0.4973
1635250127554,-0.7993,-7.6953,6.0195,1.4063,-0.6138,-0.4792
1635250127580,-0.6919,-7.3008,6.1445,1.4678,-0.6719,-0.4739
1635250127581,-0.6606,-7.0156,6.4219,1.3955,-0.6807,-0.4504
1635250127586,-0.6772,-6.7969,6.8398,1.1953,-0.6763,-0.4282
1635250127609,-0.5361,-6.7461,7.3633,0.9116,-0.6680,-0.4282
1635250127610,-0.3230,-6.9453,7.7031,0.6826,-0.6113,-0.4185
1635250127612,-0.2106,-7.4375,7.6602,0.6455,-0.5317,-0.3867
1635250127640,-0.0981,-7.9141,7.5039,0.7520,-0.4893,-0.3525
1635250127642,-0.0335,-8.0000,7.5078,0.8911,-0.4829,-0.3281
1635250127644,-0.0287,-7.6836,7.5547,1.0088,-0.4817,-0.2930
1635250127669,-0.0814,-7.2227,7.6133,1.0479,-0.4893,-0.2451
1635250127671,-0.0383,-6.8047,7.6563,0.9702,-0.4829,-0.2036
1635250127672,-0.0191,-6.5781,7.6563,0.8296,-0.4478,-0.1718
1635250127702,-0.0622,-6.5508,7.5547,0.7212,-0.4126,-0.1461
1635250127706,-0.0718,-6.7148,7.5039,0.6563,-0.3923,-0.1228
1635250127709,-0.1101,-6.7227,7.4570,0.6274,-0.3796,-0.0951
1635250127721,-0.1699,-6.3281,7.5117,0.6255,-0.3870,-0.0866
1635250127734,-0.1532,-5.9414,7.7617,0.6265,-0.3987,-0.1068
1635250127741,-0.1005,-5.6211,7.9531,0.5308,-0.3860,-0.1302
1635250127744,-0.1101,-5.5391,8.1250,0.3125,-0.3604,-0.1440
1635250127772,-0.0909,-5.7695,8.1797,0.0476,-0.3157,-0.1292
1635250127774,-0.0694,-6.1641,8.0234,-0.1279,-0.2477,-0.0941
1635250127777,-0.1484,-6.5820,7.8281,-0.1172,-0.2019,-0.0749
1635250127802,-0.2155,-6.9102,7.6563,0.2859,-0.1891,-0.0866
1635250127805,-0.3135,-6.9023,7.5781,0.2859,-0.1891,-0.0866
1635250127810,-0.4045,-6.3008,7.6133,0.7627,-0.2136,-0.0919
1635250127821,-0.2825,-5.9531,7.6758,0.8604,-0.2200,-0.1036
1635250127825,-0.1388,-5.5000,7.7578,0.8433,-0.2274,-0.1100
1635250127852,-0.0191,-5.3164,7.7070,0.7485,-0.2285,-0.1143
1635250127856,-0.0072,-5.5234,7.6719,0.6147,-0.2104,-0.1132
1635250127859,-0.0598,-5.6484,7.7734,0.4795,-0.1849,-0.1089
1635250127872,-0.0790,-5.5547,7.9414,0.3914,-0.1785,-0.1058
1635250127877,-0.0383,-5.3555,7.9688,0.3274,-0.1827,-0.1196
1635250127902,0.0551,-5.3125,8.1641,0.2561,-0.1689,-0.1345
1635250127907,0.1388,-5.5156,8.3906,0.1508,-0.1263,-0.1260
1635250127910,0.1986,-5.8398,8.2813,0.0285,-0.0934,-0.1058
1635250127922,0.2825,-6.2266,8.1484,-0.0492,-0.0615,-0.0728
1635250127925,0.2369,-6.4023,8.0469,-0.0620,-0.0306,-0.0398
1635250127951,0.1053,-6.2383,7.9766,-0.0162,-0.0253,-0.0260
1635250127956,0.0909,-6.0078,8.0234,0.0349,-0.0413,-0.0196
1635250127959,0.2250,-6.0156,8.0547,0.0147,-0.0306,0.0038
1635250127972,0.2871,-6.1016,8.1719,-0.0694,0.0290,0.0294
1635250127976,0.0814,-6.0469,8.0078,-0.1035,0.0715,0.0421
1635250128002,-0.0790,-5.7266,8.1016,-0.0630,0.0694,0.0262
1635250128008,-0.1819,-5.4688,8.0313,0.0008,0.0673,0.0113
1635250128017,-0.1412,-5.9727,7.9531,0.0147,0.0651,0.0240
1635250128024,-0.0526,-6.0898,8.0469,-0.0311,0.0620,0.0496
1635250128030,-0.1771,-5.7773,8.0156,-0.0853,0.0513,0.0570
1635250128042,-0.2681,-5.5156,7.8594,-0.0928,0.0311,0.0464
1635250128048,-0.2727,-5.8008,7.6289,-0.0630,0.0066,0.0379
1635250128072,-0.0981,-6.1445,7.8398,-0.0577,-0.0062,0.0389
1635250128078,-0.0120,-6.2383,7.9570,-0.0311,0.0109,0.0410
1635250128082,-0.1604,-6.0820,8.0313,0.0466,0.0194,0.0443
1635250128093,-0.2681,-5.7188,8.1016,0.1019,0.0034,0.0453
1635250128096,-0.2227,-5.9219,8.1953,0.1200,0.0268,0.0294
1635250128122,-0.2417,-5.7500,8.2656,0.0604,0.0513,0.0368
1635250128127,-0.2585,-5.5117,8.2656,0.0051,0.0651,0.0410
1635250128130,-0.2800,-5.6094,8.0781,-0.0683,0.0779,0.0315
1635250128151,-0.3208,-5.5391,8.0469,-0.1683,0.0981,0.0262
1635250128156,-0.2896,-5.5352,8.1797,-0.2598,0.1237,0.0251
1635250128162,-0.2441,-5.5547,8.1250,-0.3694,0.1438,0.0219
1635250128166,-0.1484,-5.7188,7.9609,-0.4587,0.1694,0.0187
1635250128193,-0.1675,-6.1055,7.9570,-0.5000,0.2045,0.0283
1635250128198,-0.1938,-6.4883,7.9180,-0.4705,0.2290,0.0506
1635250128202,-0.0933,-6.7383,8.0938,-0.3757,0.2428,0.0825
1635250128213,-0.1245,-6.7773,8.2891,-0.2725,0.2693,0.1124
1635250128217,-0.1963,-6.6719,8.2422,-0.1981,0.2917,0.1335
1635250128248,-0.2297,-6.4805,8.1563,-0.1630,0.3152,0.1559
1635250128252,-0.2825,-6.3047,8.0625,-0.1896,0.3459,0.1772
1635250128257,-0.3589,-6.1953,8.0781,-0.2620,0.3801,0.1921
1635250128263,-0.3687,-6.1875,8.0234,-0.3472,0.4119,0.2124
1635250128265,-0.3159,-6.3672,7.9648,-0.4268,0.4417,0.2325
1635250128292,-0.2751,-6.6875,8.0469,-0.4758,0.4717,0.2571
1635250128294,-0.2585,-6.9570,8.1094,-0.4800,0.4939,0.2869
1635250128295,-0.2489,-7.1797,8.0625,-0.4397,0.5107,0.3186
1635250128322,-0.2681,-7.3320,7.9336,-0.3833,0.5234,0.3560
1635250128324,-0.3638,-7.2227,7.8281,-0.3418,0.5352,0.3933
1635250128330,-0.5264,-6.9453,7.7773,-0.3206,0.5469,0.4241
1635250128353,-0.6724,-6.7969,7.6797,-0.2959,0.5522,0.4529
1635250128354,-0.7515,-6.7891,7.7031,-0.2927,0.5566,0.4827
1635250128355,-0.7681,-6.9297,7.7109,-0.3044,0.5596,0.5103
1635250128389,-0.8379,-7.1211,7.6172,-0.2991,0.5620,0.5474
1635250128391,-0.8760,-7.1680,7.5234,-0.2493,0.5566,0.5845
1635250128392,-0.9814,-7.0977,7.4063,-0.1566,0.5376,0.6016
1635250128414,-1.0313,-6.8750,7.4063,-0.0726,0.5181,0.6133
1635250128416,-1.0723,-6.5898,7.3398,-0.0375,0.5054,0.6221
1635250128417,-1.1152,-6.3359,7.2734,-0.0598,0.5034,0.6294
1635250128443,-1.1914,-6.2578,7.1367,-0.1205,0.5117,0.6338
1635250128446,-1.2393,-6.4063,6.9922,-0.1927,0.5278,0.6338
1635250128447,-1.2393,-6.6758,6.8633,-0.2556,0.5459,0.6440
1635250128474,-1.3096,-6.6836,6.7383,-0.2725,0.5596,0.6572
1635250128476,-1.4502,-6.4922,6.6289,-0.2439,0.5547,0.6494
1635250128478,-1.6611,-6.1914,6.5469,-0.2354,0.5439,0.6294
1635250128504,-1.9365,-5.8555,6.3516,-0.2810,0.5352,0.6143
1635250128506,-2.1602,-5.6836,6.1445,-0.3555,0.5205,0.6060
1635250128507,-2.2070,-5.8945,6.1445,-0.4429,0.4993,0.5952
1635250128536,-2.0684,-6.3359,6.2578,-0.5234,0.4866,0.5952
1635250128538,-2.0078,-6.7617,6.2578,-0.5342,0.4800,0.6187
1635250128539,-2.0684,-6.9453,6.2109,-0.4385,0.4673,0.6392
1635250128564,-2.2266,-6.8438,6.1641,-0.2791,0.4385,0.6367
1635250128566,-2.4531,-6.4258,6.0234,-0.1577,0.3992,0.6250
1635250128568,-2.6719,-6.0352,5.8438,-0.1024,0.3567,0.6177
1635250128594,-2.7500,-5.8789,5.7813,-0.1332,0.3162,0.6167
1635250128596,-2.7422,-5.8438,5.8789,-0.2333,0.2854,0.6050
1635250128597,-2.6992,-5.8789,5.9727,-0.3289,0.2588,0.5933
1635250128624,-2.6738,-6.1406,5.9844,-0.3662,0.2343,0.5835
1635250128625,-2.6445,-6.3789,5.9531,-0.3738,0.2141,0.5791
1635250128626,-2.6797,-6.3359,5.8047,-0.3599,0.1918,0.5762
1635250128654,-2.8164,-6.1094,5.5938,-0.2939,0.1661,0.5601
1635250128655,-2.9766,-5.8477,5.3242,-0.1949,0.1289,0.5273
1635250128656,-3.0879,-5.6445,5.1406,-0.1109,0.0853,0.4858
1635250128684,-3.1230,-5.6250,5.1953,-0.0428,0.0428,0.4475
1635250128685,-3.1914,-5.6836,5.2578,0.0253,0.0034,0.4102
1635250128687,-3.1465,-5.8438,5.3555,0.2114,-0.0775,0.3325
1635250128714,-3.0703,-5.9336,5.5625,0.2869,-0.1200,0.2986
1635250128716,-3.0273,-5.5742,5.7266,0.3093,-0.1721,0.2603
1635250128717,-2.8984,-5.1211,5.9414,0.2498,-0.2125,0.2208
1635250128745,-2.8223,-4.7852,6.0508,0.1252,-0.2306,0.1879
1635250128747,-2.8379,-4.6445,6.0664,-0.0513,-0.2328,0.1389
1635250128748,-2.8906,-4.7773,5.9961,-0.2607,-0.2179,0.0836
1635250128775,-3.0293,-5.1602,5.8867,-0.4236,-0.1934,0.0421
1635250128778,-3.1621,-5.6445,5.7578,-0.4961,-0.1859,0.0091
1635250128780,-3.2188,-6.0430,5.6875,-0.4727,-0.2051,-0.0249
1635250128809,-3.2695,-6.2813,5.5938,-0.3608,-0.2349,-0.0611
1635250128810,-3.2891,-6.3125,5.6328,-0.2194,-0.2678,-0.0951
1635250128811,-3.2656,-6.0664,5.8672,-0.1300,-0.2998,-0.1281
1635250128834,-3.3535,-5.7188,6.0195,-0.0928,-0.3210,-0.1547
1635250128836,-3.4629,-5.5352,6.1953,-0.0970,-0.3328,-0.1770
1635250128837,-3.4824,-5.5820,6.3281,-0.1417,-0.3391,-0.1973
1635250128865,-3.4414,-5.8008,6.3164,-0.2013,-0.3318,-0.2142
1635250128866,-3.4434,-6.1719,6.2930,-0.2354,-0.3188,-0.2217
1635250128867,-3.5234,-6.4063,6.2422,-0.2311,-0.3147,-0.2250
1635250128894,-3.7461,-6.4063,6.1016,-0.1683,-0.3306,-0.2377
1635250128898,-3.8867,-6.2344,6.0469,-0.0875,-0.3657,-0.2600
1635250128899,-3.9141,-6.0586,6.1641,-0.0343,-0.4031,-0.2844
1635250128925,-3.8594,-5.9805,6.3555,-0.0226,-0.4199,-0.2939
1635250128926,-3.7500,-5.9805,6.4805,-0.0385,-0.4253,-0.2983
1635250128927,-3.6484,-6.2109,6.7227,-0.0417,-0.4104,-0.3088
1635250128956,-3.5645,-6.5313,6.8711,-0.0183,-0.3828,-0.3196
1635250128959,-3.4590,-6.7344,6.8242,0.0444,-0.3540,-0.3281
1635250128965,-3.3789,-6.8633,6.6953,0.1338,-0.3286,-0.3237
1635250128985,-3.3398,-6.8594,6.6602,0.2231,-0.3147,-0.3174
1635250128987,-3.2715,-6.7500,6.6367,0.2944,-0.3093,-0.3186
1635250128989,-3.2207,-6.5508,6.5156,0.3359,-0.3052,-0.3110
1635250129019,-3.1758,-6.3672,6.5039,0.3499,-0.3083,-0.3057
1635250129021,-3.1211,-6.3125,6.6055,0.3337,-0.3083,-0.3110
1635250129023,-3.0879,-6.2891,6.7227,0.3071,-0.2998,-0.3047
1635250129040,-2.9941,-6.4297,6.9922,0.2837,-0.3030,-0.2993
1635250129047,-2.8477,-6.8047,7.4023,0.2520,-0.2913,-0.3005
1635250129057,-2.7422,-7.0313,7.7070,0.2114,-0.2456,-0.2759
1635250129059,-2.6719,-7.0625,7.7266,0.1859,-0.2019,-0.2356
1635250129086,-2.6016,-6.9453,7.5938,0.1848,-0.1753,-0.2026
1635250129088,-2.5840,-6.8047,7.3906,0.1827,-0.1476,-0.1824
1635250129090,-2.6348,-6.6641,7.0430,0.1625,-0.1221,-0.1675
1635250129115,-2.7207,-6.6133,6.8086,0.1147,-0.1115,-0.1547
1635250129119,-2.7695,-6.8203,6.6797,0.0848,-0.1147,-0.1398
1635250129121,-2.7598,-7.2266,6.8086,0.1252,-0.1401,-0.1260
1635250129147,-2.6406,-7.5938,7.1133,0.2328,-0.1658,-0.1005
1635250129150,-2.5469,-7.7852,7.3945,0.4094,-0.1689,-0.0558
1635250129152,-2.5508,-7.9375,7.4766,0.6616,-0.1667,-0.0089
1635250129179,-2.4941,-7.8672,7.5352,0.9341,-0.1775,0.0368
1635250129180,-2.4180,-7.3398,7.3828,1.1621,-0.1998,0.0772
1635250129182,-2.3184,-6.6719,7.2422,1.2939,-0.2328,0.0953
1635250129209,-2.2441,-6.2656,7.4063,1.2803,-0.2456,0.1060
1635250129211,-2.2598,-6.0039,7.4258,1.1572,-0.2157,0.1421
1635250129212,-2.3457,-5.9961,7.5977,1.0381,-0.1742,0.1910
1635250129237,-2.4434,-6.2773,7.9336,0.9668,-0.1498,0.2166
1635250129242,-2.4609,-6.7031,7.5117,1.0010,-0.1667,0.2432
1635250129244,-2.2949,-7.1914,7.5000,1.1943,-0.1816,0.3069
1635250129268,-2.1543,-7.2539,7.6133,1.4229,-0.1827,0.3484
1635250129270,-2.1855,-6.8008,7.5195,1.6631,-0.2125,0.3613
1635250129271,-2.2422,-6.1367,7.9531,1.8906,-0.2688,0.3740
1635250129300,-2.2539,-5.5234,8.3125,2.0020,-0.3179,0.3879
1635250129301,-2.2813,-5.1289,8.3750,1.9668,-0.3274,0.4155
1635250129302,-2.2715,-4.8398,8.4531,1.7646,-0.3210,0.4624
1635250129329,-2.1641,-4.5820,8.3281,1.4795,-0.3157,0.4944
1635250129332,-2.0957,-4.6602,7.9492,1.3047,-0.3242,0.5049
1635250129334,-2.0625,-5.1250,8.0313,1.2646,-0.3616,0.5186
1635250129363,-2.0078,-5.5156,8.0391,1.3223,-0.4063,0.5625
1635250129364,-2.0488,-5.5352,7.8906,1.5137,-0.4348,0.6348
1635250129366,-2.1328,-5.2188,8.1641,1.7881,-0.4646,0.6792
1635250129377,-2.2031,-4.5156,8.5078,2.0137,-0.5083,0.6689
1635250129379,-2.2188,-3.8184,8.6797,2.1367,-0.5498,0.6401
1635250129408,-2.1465,-3.5000,8.8906,2.1406,-0.5571,0.6348
1635250129410,-2.0742,-3.2871,9.0000,2.0391,-0.5474,0.6719
1635250129411,-1.9551,-3.0449,9.1797,1.9512,-0.5347,0.7007
1635250129437,-1.8574,-2.9082,9.4063,1.9258,-0.5020,0.6953
1635250129439,-1.8857,-2.6055,9.4375,1.8613,-0.4839,0.6909
1635250129440,-1.8691,-2.1328,9.3047,1.7383,-0.4946,0.7036
1635250129466,-1.7402,-1.8311,9.0938,1.5752,-0.4829,0.7090
1635250129468,-1.6582,-1.7715,8.8672,1.4004,-0.4285,0.7070
1635250129469,-1.6299,-2.0000,8.9766,1.2598,-0.3892,0.7114
1635250129497,-1.6133,-2.3887,9.2969,1.1709,-0.3838,0.7305
1635250129498,-1.6729,-2.4727,9.6875,1.1670,-0.3752,0.7549
1635250129499,-1.6973,-2.2695,9.9688,1.2188,-0.3679,0.7622
1635250129526,-1.6924,-1.9482,10.0469,1.2744,-0.3530,0.7729
1635250129528,-1.7500,-1.5703,9.9141,1.3125,-0.3264,0.7935
1635250129530,-1.7090,-1.2178,9.6094,1.3438,-0.3040,0.8037
1635250129558,-1.5654,-0.8735,9.4141,1.3623,-0.2805,0.7974
1635250129559,-1.4717,-0.5913,9.4609,1.3457,-0.2402,0.7773
1635250129560,-1.4912,-0.4595,9.5938,1.2881,-0.1636,0.7881
1635250129607,-1.4385,-0.2727,9.2969,1.2676,-0.1572,0.7817
1635250129609,-1.5361,-0.0551,9.3750,1.2285,-0.1487,0.7559
1635250129612,-1.5488,0.0790,9.4297,1.1650,-0.1392,0.7188
1635250129613,-1.5342,0.1915,9.3672,1.0742,-0.1317,0.7017
1635250129614,-1.4648,0.5195,9.2891,0.9443,-0.1370,0.6826
1635250129637,-1.4053,0.7637,9.2813,0.8062,-0.1295,0.6323
1635250129638,-1.4355,0.6724,9.3750,0.6602,-0.0923,0.6104
1635250129639,-1.5605,0.5503,9.4297,0.5127,-0.0519,0.6392
1635250129667,-1.7021,0.4978,9.4766,0.4231,-0.0338,0.6538
1635250129668,-1.7471,0.2991,9.4297,0.4263,-0.0317,0.6392
1635250129669,-1.6826,0.1149,9.4375,0.4817,-0.0434,0.6104
1635250129697,-1.6660,0.2058,9.4141,0.5562,-0.0519,0.5728
1635250129699,-1.6299,0.4285,9.3438,0.6084,-0.0615,0.5391
1635250129700,-1.5605,0.5693,9.3125,0.6211,-0.0583,0.5273
1635250129727,-1.5361,0.9263,9.1641,0.5840,-0.0508,0.5132
1635250129730,-1.4072,0.7705,9.1797,0.5488,-0.0264,0.4985
1635250129732,-1.4932,0.3064,9.2344,0.5356,-0.0040,0.5430
1635250129757,-1.6152,0.1125,9.2891,0.5806,-0.0232,0.5845
1635250129758,-1.6182,0.2944,9.3438,0.6890,-0.0604,0.5742
1635250129760,-1.5605,0.6196,9.3828,0.8286,-0.1051,0.5430
1635250129787,-1.4531,0.9980,9.4375,0.9097,-0.1349,0.5210
1635250129789,-1.3691,1.3594,9.3672,0.8979,-0.1338,0.5103
1635250129791,-1.3809,1.3789,9.3125,0.8638,-0.1094,0.5142
1635250129817,-1.4102,1.1318,9.2266,0.8584,-0.0977,0.5283
1635250129818,-1.3643,0.8569,9.1797,0.9199,-0.1115,0.5327
1635250129819,-1.3359,0.8643,9.1719,1.0371,-0.1370,0.5273
1635250129847,-1.3311,1.2490,9.1875,1.1572,-0.1816,0.5039
1635250129848,-1.2637,1.7852,9.2266,1.2363,-0.2296,0.4624
1635250129849,-1.1797,2.3262,9.2656,1.2256,-0.2477,0.4231
1635250129877,-1.1514,2.7305,9.3828,1.1113,-0.2413,0.3879
1635250129878,-1.1729,2.8438,9.3984,0.9497,-0.2125,0.3655
1635250129879,-1.1631,2.5781,9.4766,0.8267,-0.1881,0.3687
1635250129909,-1.1270,2.1289,9.6016,0.7798,-0.1764,0.3730
1635250129910,-1.2158,1.8789,9.5859,0.8052,-0.1785,0.3699
1635250129912,-1.3164,1.9893,9.5078,0.9019,-0.2051,0.3582
1635250129939,-1.2207,2.3125,9.5000,1.0283,-0.2413,0.3293
1635250129940,-1.1152,2.7461,9.5781,1.1016,-0.2571,0.2856
1635250129942,-1.0391,3.1465,9.6172,1.0762,-0.2507,0.2590
1635250129969,-1.0244,3.4082,9.5938,0.9766,-0.2328,0.2559
1635250129970,-1.0313,3.4824,9.5547,0.8252,-0.2030,0.2400
1635250129972,-1.0908,3.3867,9.4219,0.6904,-0.1658,0.2177
1635250130000,-1.1387,3.2207,9.3359,0.6211,-0.1498,0.2039
1635250130002,-1.1699,3.0801,9.2734,0.6382,-0.1593,0.1921
1635250130003,-1.1484,3.0254,9.3125,0.7178,-0.1838,0.1804
1635250130029,-1.1084,3.1680,9.3672,0.7754,-0.2073,0.1719
1635250130031,-1.1055,3.3828,9.4375,0.7817,-0.2168,0.1644
1635250130032,-1.1201,3.5488,9.4766,0.7563,-0.2115,0.1527
1635250130059,-1.1221,3.6016,9.4531,0.7212,-0.2030,0.1495
1635250130061,-1.0986,3.6582,9.3281,0.6943,-0.1956,0.1484
1635250130063,-1.0459,3.7246,9.2109,0.7095,-0.1902,0.1335
1635250130089,-1.0264,3.7754,9.1328,0.7466,-0.1945,0.1070
1635250130092,-1.0313,3.8672,9.0625,0.7681,-0.2094,0.0921
1635250130094,-1.0078,4.0508,9.1484,0.7446,-0.2231,0.0879
1635250130119,-0.9839,4.1992,9.2188,0.6719,-0.2190,0.0729
1635250130121,-0.9502,4.2188,9.2500,0.5732,-0.2008,0.0570
1635250130122,-0.9312,4.2969,9.2578,0.4763,-0.1849,0.0432
1635250130149,-0.8618,4.3828,9.3125,0.3892,-0.1764,0.0251
1635250130151,-0.7969,4.3828,9.2344,0.2881,-0.1658,0.0028
1635250130152,-0.7515,4.3398,9.2813,0.1519,-0.1487,-0.0058
1635250130179,-0.7397,4.2969,9.4453,-0.0449,-0.1285,0.0017
1635250130181,-0.8760,4.3359,9.4922,-0.2576,-0.1019,0.0134
1635250130183,-0.9932,4.3477,9.4766,-0.3821,-0.0849,0.0017
1635250130209,-0.9741,4.1953,9.4766,-0.3938,-0.0828,-0.0238
1635250130211,-0.8643,4.0117,9.4219,-0.3184,-0.0945,-0.0472
1635250130213,-0.7637,3.8770,9.3047,-0.1843,-0.1221,-0.0536
1635250130239,-0.7178,3.7188,9.2891,-0.0534,-0.1498,-0.0462
1635250130241,-0.7324,3.6309,9.3047,0.0349,-0.1658,-0.0323
1635250130243,-0.7158,3.5996,9.3516,0.0891,-0.1764,-0.0164
1635250130269,-0.6797,3.5898,9.4063,0.1104,-0.1775,0.0038
1635250130271,-0.6245,3.5840,9.4844,0.1125,-0.1647,0.0230
1635250130273,-0.6245,3.6191,9.4922,0.1263,-0.1561,0.0357
1635250130299,-0.5742,3.6797,9.3828,0.1498,-0.1550,0.0506
1635250130301,-0.5386,3.7793,9.3281,0.1732,-0.1530,0.0623
1635250130303,-0.4788,3.8867,9.2266,0.1891,-0.1519,0.0634
1635250130330,-0.4380,3.9609,9.1719,0.1838,-0.1476,0.0559
1635250130331,-0.5049,4.0352,9.1328,0.1561,-0.1360,0.0570
1635250130333,-0.5840,4.0195,9.0547,0.1115,-0.1221,0.0645
1635250130360,-0.6343,3.9512,9.1484,0.0774,-0.1147,0.0613
1635250130361,-0.6343,3.8457,9.2656,0.0625,-0.1157,0.0400
1635250130363,-0.5674,3.6660,9.3594,0.0583,-0.1104,0.0336
1635250130390,-0.4595,3.4629,9.3359,0.0636,-0.0977,0.0496
1635250130391,-0.4141,3.4629,9.3281,0.0859,-0.0870,0.0634
1635250130393,-0.3901,3.5273,9.2656,0.1072,-0.0764,0.0709
1635250130420,-0.3613,3.6172,9.1797,0.1115,-0.0668,0.0762
1635250130422,-0.3328,3.7891,9.1094,0.1093,-0.0540,0.0762
1635250130423,-0.3662,3.9160,9.1719,0.1157,-0.0530,0.0623
1635250130450,-0.3518,3.9395,9.2344,0.1179,-0.0562,0.0496
1635250130452,-0.3254,3.9727,9.2344,0.1104,-0.0551,0.0485
1635250130453,-0.3135,4.0039,9.2188,0.1019,-0.0508,0.0474
1635250130480,-0.3110,3.9824,9.2266,0.0806,-0.0434,0.0474
1635250130482,-0.3806,3.9570,9.1719,0.0466,-0.0359,0.0474
1635250130483,-0.4189,3.9395,9.1641,0.0274,-0.0349,0.0453
1635250130510,-0.3782,3.9063,9.2109,0.0285,-0.0391,0.0368
1635250130512,-0.3494,3.9258,9.1875,0.0444,-0.0413,0.0251
1635250130514,-0.2751,4.0039,9.2656,0.0977,-0.0551,0.0102
1635250130540,-0.2537,4.1211,9.1484,0.0955,-0.0508,0.0155
1635250130542,-0.3040,4.1641,9.1016,0.0838,-0.0530,0.0081
1635250130544,-0.3613,4.2148,9.0703,0.0668,-0.0583,-0.0100
1635250130571,-0.3687,4.2617,9.1094,0.0338,-0.0668,-0.0281
1635250130572,-0.3613,4.2500,9.2344,-0.0279,-0.0732,-0.0451
1635250130574,-0.3135,4.1172,9.3281,-0.0886,-0.0679,-0.0621
1635250130600,-0.2369,3.9883,9.3125,-0.1088,-0.0657,-0.0792
1635250130603,-0.1555,3.8848,9.2813,-0.0704,-0.0764,-0.0919
1635250130606,-0.1293,3.8887,9.1953,0.0104,-0.0945,-0.1026
1635250130629,-0.1268,3.9395,9.1953,0.0998,-0.1168,-0.1068
1635250130633,-0.1149,4.0195,9.1484,0.1487,-0.1401,-0.1026
1635250130636,-0.0862,4.1445,9.2109,0.1381,-0.1487,-0.0994
1635250130659,-0.0718,4.2773,9.2344,0.1040,-0.1466,-0.1143
1635250130662,-0.0790,4.2969,9.3281,0.0742,-0.1401,-0.1366
1635250130666,-0.1340,4.3164,9.3672,0.0359,-0.1317,-0.1483
1635250130689,-0.2297,4.3125,9.3281,0.0061,-0.1221,-0.1589
1635250130693,-0.2632,4.1875,9.2188,0.0051,-0.1232,-0.1738
1635250130696,-0.2274,4.0469,9.0547,0.0178,-0.1306,-0.1792
1635250130719,-0.2227,3.9492,8.9375,0.0498,-0.1487,-0.1781
1635250130723,-0.2083,3.8320,8.8984,0.1072,-0.1742,-0.1696
1635250130727,-0.2346,3.7148,8.9141,0.2083,-0.1881,-0.1600
1635250130750,-0.3328,3.7754,8.9609,0.3433,-0.2157,-0.1494
1635250130754,-0.3447,3.9414,9.0625,0.4595,-0.2520,-0.1302
1635250130763,-0.3088,4.0977,8.9766,0.5059,-0.2742,-0.1058
1635250130769,-0.3230,4.2422,8.9453,0.4785,-0.2827,-0.0749
1635250130771,-0.3398,4.2617,8.7891,0.4126,-0.2720,-0.0526
1635250130799,-0.4595,4.1719,8.6406,0.3594,-0.2583,-0.0419
1635250130801,-0.5913,3.9785,8.6641,0.3657,-0.2561,-0.0302
1635250130804,-0.6558,3.7168,8.6719,0.4414,-0.2678,-0.0175
1635250130830,-0.6724,3.6582,8.6953,0.5840,-0.2891,0.0134
1635250130833,-0.6392,3.9238,8.7891,0.7319,-0.3125,0.0538
1635250130836,-0.6270,4.3555,8.7969,0.8105,-0.3328,0.0868
1635250130860,-0.5815,4.7109,8.7031,0.7935,-0.3455,0.1198
1635250130863,-0.5361,5.0742,8.6797,0.6826,-0.3381,0.1506
1635250130867,-0.5073,5.4023,8.7031,0.5010,-0.3169,0.1581
1635250130890,-0.4834,5.5195,8.7734,0.2922,-0.2998,0.1410
1635250130894,-0.4573,5.3984,8.8906,0.0902,-0.2837,0.1177
1635250130897,-0.3589,5.1172,9.0156,-0.0683,-0.2668,0.0921
1635250130920,-0.2297,4.6172,9.1406,-0.1523,-0.2507,0.0825
1635250130923,-0.1029,4.0859,9.1797,-0.1598,-0.2296,0.0911
1635250130927,0.0215,3.8535,9.1953,-0.0907,-0.2200,0.1166
1635250130950,0.1915,3.9277,9.2266,0.0136,-0.2222,0.1538
1635250130953,0.3015,4.2148,9.2109,0.0881,-0.2168,0.1804
1635250130957,0.3757,4.5781,9.1250,0.1030,-0.2062,0.1879
1635250130980,0.4404,4.9023,9.0781,0.0540,-0.1956,0.1836
1635250130983,0.5576,5.0898,9.1719,-0.0439,-0.1827,0.1761
1635250130987,0.6367,4.9844,9.1406,-0.1428,-0.1689,0.1570
1635250131010,0.7036,4.6875,9.1406,-0.1970,-0.1530,0.1272
1635250131014,0.7852,4.3359,9.2656,-0.1886,-0.1349,0.1134
1635250131017,0.8496,3.9824,9.3203,-0.1406,-0.1200,0.1208
1635250131040,0.8906,3.7910,9.2109,-0.0524,-0.1094,0.1410
1635250131044,0.8687,3.8457,9.1016,0.0838,-0.1157,0.1655
1635250131047,0.8857,4.1484,9.0703,0.2222,-0.1370,0.1804
1635250131071,0.9932,4.6758,9.0469,0.2998,-0.1561,0.1879
1635250131074,1.0605,5.2617,9.0703,0.2710,-0.1561,0.1910
1635250131080,1.1201,5.6875,9.2109,0.1455,-0.1317,0.1730
1635250131091,1.1465,5.6992,9.0703,-0.0205,-0.0923,0.1432
1635250131095,1.2227,5.3828,8.9844,-0.1620,-0.0668,0.1251
1635250131121,1.2305,4.9453,8.9063,-0.2715,-0.0476,0.1346
1635250131124,1.1104,4.5664,8.6797,-0.3003,-0.0402,0.1410
1635250131128,0.9790,4.4219,8.5547,-0.2301,-0.0721,0.1378
1635250131151,1.0342,4.7461,8.5781,-0.1566,-0.1232,0.1410
1635250131154,0.9766,4.6875,8.5625,-0.0928,-0.1476,0.1410
1635250131157,0.8882,4.6836,8.5781,-0.0556,-0.1721,0.1357
1635250131181,0.8906,4.9219,8.6406,-0.0279,-0.1998,0.1335
1635250131184,0.8999,5.0977,8.8047,0.0072,-0.2211,0.1357
1635250131187,0.9551,5.2539,8.8828,-0.0205,-0.2349,0.1049
1635250131211,1.0049,5.2383,8.9141,-0.0704,-0.2380,0.0687
1635250131214,1.0098,5.0234,8.9766,-0.0853,-0.2349,0.0666
1635250131217,1.0098,4.8164,9.0313,-0.0726,-0.2391,0.0847
1635250131241,1.0098,4.6367,8.9609,-0.0353,-0.2477,0.0911
1635250131244,1.0430,4.5977,8.9063,0.0178,-0.2571,0.0889
1635250131247,1.0693,4.6797,8.9219,0.0508,-0.2625,0.0889
1635250131270,1.0361,4.8867,8.9375,0.0391,-0.2571,0.0868
1635250131272,1.2227,4.7773,8.9297,-0.0024,-0.2498,0.0719
1635250131275,3.3691,1.8193,8.6719,-0.0513,-0.1338,-0.2578
1635250131300,-0.6846,7.2539,8.9844,-0.0322,-0.0775,-0.7422
1635250131302,0.0886,4.9844,8.9297,0.1476,-0.4329,0.1847
1635250131304,1.8574,1.7637,8.8438,-0.2607,-0.1891,0.1581
1635250131330,0.2202,5.4297,8.7266,-0.3184,-0.1476,0.1177
1635250131332,0.8618,4.5547,9.3281,0.1987,-0.2817,0.4954
1635250131334,1.5098,3.7227,9.2578,0.1157,-0.2231,0.3230
1635250131362,1.9316,4.2969,9.0000,-0.0800,-0.1625,0.2325
1635250131367,1.4482,4.6523,9.0234,-0.0811,-0.1263,0.2505
1635250131373,1.1348,4.3984,9.0391,0.0040,-0.1541,0.2251
1635250131387,1.0645,4.2266,9.1328,0.0264,-0.1541,0.2070
1635250131395,1.0557,4.3086,9.1016,0.0444,-0.1434,0.2325
1635250131402,1.1484,4.1367,8.8984,0.2157,-0.1604,0.3081
