1635067772287,1.1582,-7.5273,5.6836,-0.0264,0.0098,-0.0073
1635067772288,1.3232,-7.3828,5.6680,-0.0189,0.0035,0.0012
1635067772289,1.3281,-7.4492,5.7539,-0.0370,0.0003,0.0012
1635067772347,1.2754,-7.6055,5.8750,-0.0583,-0.0072,-0.0116
1635067772348,1.3066,-7.7109,5.9336,-0.0455,-0.0157,-0.0020
1635067772350,1.3955,-7.6602,5.9727,-0.0115,-0.0306,0.0086
1635067772351,1.4600,-7.5508,6.0508,0.0226,-0.0348,-0.0020
1635067772352,1.4619,-7.4414,6.1016,0.0268,-0.0423,-0.0233
1635067772381,1.4766,-7.2461,6.1602,-0.0104,-0.0561,-0.0073
1635067772382,1.2949,-6.8555,6.3125,-0.1221,-0.0646,0.0608
1635067772383,1.3838,-7.4688,6.4492,-0.2710,-0.1136,0.0299
1635067772398,1.4619,-7.6055,6.2383,-0.2571,-0.1232,0.0342
1635067772400,1.2012,-7.3906,6.1680,-0.1732,-0.1359,0.0682
1635067772403,1.2441,-7.4336,5.9844,-0.1243,-0.1381,0.0374
1635067772432,1.2061,-7.3398,5.9961,-0.1147,-0.1476,0.0618
1635067772434,1.1563,-7.3086,5.8789,-0.1466,-0.1423,0.0608
1635067772435,1.1563,-7.4141,5.8125,-0.1998,-0.1370,0.0650
1635067772454,1.0840,-7.6523,5.7813,-0.2157,-0.1359,0.0757
1635067772455,1.0293,-7.8047,5.7891,-0.1796,-0.1316,0.0682
1635067772458,0.9717,-7.6523,5.7266,-0.1401,-0.1284,0.0671
1635067772482,0.9790,-7.4766,5.6250,-0.1168,-0.1221,0.0693
1635067772483,0.9648,-7.4102,5.6328,-0.1243,-0.1252,0.0724
1635067772487,0.8472,-7.4141,5.6563,-0.1466,-0.1316,0.0724
1635067772499,0.7705,-7.4141,5.6875,-0.1775,-0.1412,0.0767
1635067772503,0.7397,-7.4492,5.7695,-0.2147,-0.1614,0.0863
1635067772532,0.7134,-7.4766,5.7578,-0.2498,-0.2072,0.1022
1635067772533,1.0508,-7.4688,5.7188,-0.2656,-0.2477,0.1353
1635067772537,1.3379,-7.4844,5.6680,-0.2922,-0.2827,0.1703
1635067772548,1.4004,-7.6680,5.6133,-0.3062,-0.3062,0.1768
1635067772551,1.3838,-7.8477,5.5586,-0.3125,-0.3252,0.1810
1635067772579,1.3477,-7.8164,5.4844,-0.2986,-0.3433,0.1917
1635067772584,1.2686,-7.7578,5.4727,-0.2764,-0.3572,0.1906
1635067772585,1.2441,-7.6758,5.4531,-0.2913,-0.3625,0.1885
1635067772612,1.1914,-7.5391,5.3047,-0.3381,-0.3572,0.1842
1635067772614,1.1270,-7.5977,5.2422,-0.3892,-0.3477,0.1757
1635067772615,1.0195,-7.7969,5.2539,-0.4392,-0.3455,0.1587
1635067772636,0.7852,-7.7656,5.2773,-0.4465,-0.3464,0.1459
1635067772646,0.6055,-7.7031,5.2305,-0.4094,-0.3508,0.1310
1635067772648,0.7466,-7.7617,5.2344,-0.3850,-0.3657,0.1151
1635067772663,1.0342,-7.7852,5.2461,-0.3850,-0.3765,0.1246
1635067772665,1.0938,-7.6602,5.2070,-0.3987,-0.3711,0.1331
1635067772697,0.9839,-7.6563,5.1250,-0.3999,-0.3635,0.1246
1635067772698,0.8594,-7.6758,5.1797,-0.4063,-0.3699,0.1246
1635067772700,0.7876,-7.5391,5.1758,-0.4199,-0.3838,0.1459
1635067772727,0.7061,-7.3516,5.1055,-0.4380,-0.3965,0.1576
1635067772728,0.5864,-7.1250,4.9922,-0.4912,-0.4082,0.1703
1635067772730,0.4380,-6.9883,4.8164,-0.5591,-0.4199,0.1831
1635067772751,0.4429,-7.0156,4.8281,-0.6357,-0.4402,0.2043
1635067772759,0.6797,-6.9727,4.8750,-0.7422,-0.4690,0.2480
1635067772761,0.8643,-6.8945,4.8281,-0.8379,-0.4880,0.2947
1635067772778,1.0313,-6.9180,4.7109,-0.9370,-0.5049,0.3459
1635067772780,1.2207,-6.9141,4.3203,-1.0107,-0.5146,0.4023
1635067772781,1.3115,-6.9766,4.0469,-1.0430,-0.5059,0.4607
1635067772810,1.3359,-7.0508,3.9512,-1.0850,-0.4976,0.5161
1635067772812,1.3857,-7.2344,3.7676,-1.1133,-0.4807,0.5713
1635067772813,1.3711,-7.2266,3.5234,-1.1338,-0.4626,0.6245
1635067772845,1.1875,-6.9453,3.7656,-1.1787,-0.4412,0.6768
1635067772846,1.5771,-8.0391,1.3379,-1.3145,-0.3306,0.6172
1635067772847,2.5918,-12.3906,0.5503,-1.2158,-0.2783,0.3992
1635067772873,2.6055,-12.7344,1.2754,-0.9326,-0.2571,0.4778
1635067772874,1.7158,-10.2031,2.6230,0.2035,-0.2498,0.8120
1635067772875,1.3428,-7.6133,4.1680,1.4346,-0.2720,0.8384
1635067772901,1.3574,-5.4414,5.3281,1.6553,-0.2913,0.8149
1635067772902,1.8164,-4.3398,5.8867,0.9590,-0.3018,0.8745
1635067772905,1.8594,-5.6758,4.7539,-0.0327,-0.1997,0.8247
1635067772930,1.2109,-8.0859,3.0430,-0.9360,-0.0976,0.7617
1635067772931,0.2155,-9.7031,2.2266,-1.3564,-0.0561,0.8184
1635067772932,-0.3469,-10.3906,2.6270,-1.2041,-0.1498,0.8706
1635067772962,0.0933,-9.8438,3.3828,-0.7295,-0.2072,0.9214
1635067772963,0.3926,-9.5156,3.8613,-0.2051,-0.1731,0.9663
1635067772965,0.4619,-9.4141,4.2773,-0.0040,-0.1891,0.9214
1635067772993,0.3469,-9.4766,4.4883,-0.1284,-0.2242,0.8599
1635067772995,0.0646,-9.7031,4.0664,-0.4509,-0.2369,0.8193
1635067772997,-0.0574,-9.9453,3.5859,-0.7563,-0.2529,0.7734
1635067773023,-0.1221,-10.2031,3.4102,-0.8965,-0.2795,0.7705
1635067773025,-0.1580,-10.4531,3.0703,-0.8784,-0.2837,0.7344
1635067773027,-0.1173,-10.2422,2.8027,-0.8286,-0.2922,0.6812
1635067773053,0.1221,-9.6406,2.8145,-0.7744,-0.3350,0.6758
1635067773055,0.5435,-9.4453,2.8906,-0.7051,-0.3848,0.6685
1635067773056,0.9048,-9.3672,2.7793,-0.6860,-0.4221,0.6396
1635067773083,1.0146,-8.6797,2.4941,-0.7251,-0.4329,0.6353
1635067773085,0.7778,-8.3359,2.0293,-0.7476,-0.4158,0.6289
1635067773087,0.5171,-8.2344,1.8145,-0.8647,-0.4063,0.5854
1635067773113,0.3328,-8.5313,1.8838,-0.9966,-0.4082,0.5596
1635067773115,0.3350,-9.3438,1.8574,-1.0449,-0.4050,0.5034
1635067773117,0.3757,-9.8594,1.6973,-0.9902,-0.4082,0.4683
1635067773143,0.3806,-9.8203,1.8555,-0.8159,-0.4146,0.4790
1635067773145,0.4812,-9.6719,1.9365,-0.5977,-0.4146,0.4873
1635067773147,0.6006,-9.4063,1.9170,-0.4712,-0.4221,0.4778
1635067773173,0.6484,-9.2031,1.5127,-0.4988,-0.3923,0.4619
1635067773175,0.5195,-9.3828,0.9956,-0.6030,-0.3296,0.4236
1635067773177,0.1460,-9.4922,1.1992,-0.6953,-0.2783,0.4043
1635067773204,-0.4763,-8.9844,2.1211,-0.8188,-0.2869,0.4641
1635067773206,-1.0625,-9.9375,3.0977,-0.7539,-0.2891,0.4448
1635067773207,-1.1367,-10.0156,3.6367,-0.8765,-0.3816,0.3704
1635067773234,-0.7612,-10.8984,2.8105,-0.5996,-0.3933,0.3564
1635067773235,-0.6699,-11.1953,2.0898,-0.4285,-0.4009,0.2832
1635067773237,-0.8857,-10.6641,0.5791,-0.2211,-0.3433,0.2480
1635067773264,-1.6660,-10.4922,1.5293,-0.0838,-0.3232,0.2321
1635067773265,-1.9385,-10.4141,0.8184,-0.0699,-0.2827,0.2332
1635067773267,-1.6201,-11.8047,0.4021,0.2236,-0.2189,0.0895
1635067773294,-1.1680,-10.9297,0.7515,0.4407,-0.1976,0.1427
1635067773295,-0.9526,-9.7969,1.2588,0.9399,-0.1656,0.2532
1635067773297,-1.1348,-8.5703,2.1875,1.2090,-0.1338,0.2343
1635067773324,-1.4023,-7.6953,2.9551,1.2217,-0.1593,0.2449
1635067773326,-1.5225,-8.1719,3.3027,1.1250,-0.1934,0.2991
1635067773327,-1.5820,-9.0234,3.2617,1.0205,-0.2103,0.2915
1635067773355,-1.5801,-9.3203,2.9727,1.0469,-0.2583,0.2947
1635067773357,-1.6182,-9.0469,3.0332,1.1973,-0.3188,0.3447
1635067773358,-1.8887,-7.6602,3.7695,1.2334,-0.3879,0.4043
1635067773383,-2.1582,-6.4570,4.0195,1.0850,-0.4348,0.4724
1635067773384,-2.2617,-5.8047,4.1406,0.6025,-0.4731,0.4841
1635067773385,-2.4648,-5.6211,4.2695,-0.1519,-0.5166,0.4724
1635067773412,-2.7695,-6.0039,3.7246,-0.9136,-0.5698,0.4841
1635067773413,-2.5723,-7.1914,2.3066,-1.5664,-0.6157,0.4841
1635067773414,-1.9365,-9.0938,-0.1221,-1.9629,-0.6030,0.4331
1635067773442,-2.2813,-10.8984,-1.3164,-1.9414,-0.5562,0.3777
1635067773443,-4.5313,-10.6016,3.0293,-1.7549,-0.6563,0.1736
1635067773444,-3.1680,-7.3945,1.5176,-1.5166,-0.7583,0.3193
1635067773474,-3.2246,-7.8594,1.1484,-1.3145,-0.7847,0.6748
1635067773476,-3.1113,-8.1328,1.0723,-1.5742,-0.8145,0.3086
1635067773477,-2.8242,-8.9766,0.9551,-1.5947,-0.9277,0.1980
1635067773504,-3.2168,-10.4219,0.9956,-1.4854,-1.0107,0.2766
1635067773506,-2.7480,-10.9531,0.5767,-1.0703,-1.1104,0.1479
1635067773507,-1.9844,-10.7734,0.5815,0.2173,-1.2285,0.2108
1635067773534,-1.9316,-9.8906,0.3159,0.6035,-1.2090,0.1437
1635067773536,-2.1465,-9.2266,0.5601,0.9556,-1.2168,0.1459
1635067773537,-2.3613,-8.6563,1.0098,1.3115,-1.2559,0.2991
1635067773564,-1.8643,-7.9570,0.8999,1.7539,-1.2676,0.4692
1635067773566,-1.1729,-8.4531,1.7021,2.1270,-1.1689,0.6235
1635067773567,-1.1416,-9.5156,2.1250,2.2715,-1.1084,0.7212
1635067773594,-1.5195,-9.4219,2.0527,2.5137,-1.1445,0.7598
1635067773596,-1.8789,-8.3594,2.1582,2.9102,-1.2256,0.9014
1635067773597,-1.6660,-7.7031,2.5898,3.4785,-1.2842,1.0469
1635067773624,-1.0938,-7.9844,3.0078,3.8477,-1.2363,1.0400
1635067773626,-0.5815,-7.6367,2.5879,3.6133,-1.1094,1.0400
1635067773627,-0.2202,-7.3516,2.3691,3.0625,-0.9541,1.1094
1635067773654,-0.0407,-7.7930,2.0273,2.5566,-0.7563,1.1299
1635067773656,-0.3374,-8.1484,1.5293,2.1113,-0.5806,1.0996
1635067773658,-0.6963,-7.8594,1.0723,1.7881,-0.4434,1.1045
1635067773684,-0.8403,-8.3203,1.5703,1.7949,-0.3774,1.1113
1635067773686,-0.4834,-8.7422,3.5215,1.7891,-0.2477,1.0781
1635067773687,-0.5264,-7.3828,6.1016,1.2637,-0.0753,1.0625
1635067773714,-1.1006,-6.0469,7.0547,0.4885,0.0130,1.0557
1635067773716,-1.6895,-6.6914,7.2500,-0.3220,0.0215,0.9937
1635067773718,-2.0684,-8.2188,6.4297,-1.1465,-0.0029,0.9321
1635067773744,-1.8740,-9.8281,5.0000,-1.5498,-0.0518,0.8799
1635067773746,-1.3096,-11.1250,3.7070,-1.3086,-0.0433,0.8555
1635067773748,-0.8999,-10.9531,2.8809,-0.6978,0.0130,0.7876
1635067773774,-0.6748,-9.3828,3.0996,-0.0434,-0.0051,0.8022
1635067773776,-0.6245,-7.8320,3.6172,0.4695,-0.0082,0.9248
1635067773778,-1.2568,-7.7773,4.7188,0.6777,0.0035,0.9663
1635067773805,-1.7354,-8.0859,5.0664,0.5503,0.0120,0.8599
1635067773806,-2.0410,-8.6406,5.1914,0.3726,0.0460,0.7598
1635067773808,-2.1230,-8.9844,4.9609,0.2141,0.1013,0.6577
1635067773835,-1.8838,-8.8125,4.6914,0.1077,0.1514,0.5488
1635067773836,-1.9482,-8.9922,4.6992,0.0715,0.1864,0.5479
1635067773838,-2.3828,-9.4297,4.6563,0.0906,0.2238,0.5386
1635067773865,-2.3887,-9.0859,4.6016,0.2141,0.2512,0.4939
1635067773866,-2.2559,-8.1719,4.7344,0.4036,0.2949,0.5151
1635067773868,-2.4785,-7.5664,4.9648,0.4717,0.3003,0.5342
1635067773895,-2.6738,-7.3906,5.0313,0.3333,0.2651,0.5215
1635067773896,-2.7813,-7.2461,5.0000,0.1024,0.2386,0.5063
1635067773898,-3.0273,-7.4609,5.1953,-0.0466,0.1938,0.5161
1635067773925,-3.2715,-7.8633,5.4180,-0.1168,0.1577,0.4980
1635067773926,-3.3789,-7.8750,5.4961,-0.1466,0.1514,0.4587
1635067773928,-3.3887,-7.6992,5.4961,-0.1019,0.1514,0.4492
1635067773955,-3.5391,-7.6836,5.4336,-0.0764,0.1257,0.4258
1635067773956,-3.3320,-7.4648,5.0820,-0.0072,0.1003,0.4226
1635067773958,-3.1777,-7.4258,4.9102,0.1503,0.1162,0.4673
1635067773988,-3.3027,-7.4180,4.9023,0.2683,0.1417,0.4724
1635067773991,-3.6172,-7.3867,4.8242,0.2534,0.1631,0.4290
1635067773993,-3.8457,-7.7070,4.6758,0.1832,0.1886,0.4011
1635067774016,-3.9160,-8.0234,4.6250,0.1311,0.1981,0.3948
1635067774018,-3.8086,-7.9219,4.6133,0.1864,0.2344,0.3948
1635067774020,-3.6543,-7.3945,4.7500,0.2491,0.2842,0.4150
1635067774042,-3.5586,-6.5664,4.6914,0.2205,0.3184,0.4417
1635067774044,-3.6016,-6.2617,4.5977,0.1471,0.3599,0.4619
1635067774045,-3.9805,-6.6484,4.7891,-0.0125,0.3630,0.4448
1635067774072,-4.2930,-6.9453,4.9883,-0.2913,0.3577,0.4192
1635067774073,-4.5547,-7.2734,5.2188,-0.6763,0.3789,0.3928
1635067774074,-4.9648,-7.6875,5.3555,-1.1211,0.3757,0.3555
1635067774105,-5.3125,-7.9961,5.2227,-1.5459,0.3748,0.3203
1635067774106,-5.4609,-8.1484,4.9453,-1.8818,0.3757,0.2852
1635067774108,-5.2891,-7.8789,5.0039,-2.1133,0.3247,0.2629
1635067774135,-4.8281,-6.9102,4.7695,-2.1836,0.2971,0.3181
1635067774137,-4.8828,-6.7578,4.1563,-2.1270,0.2876,0.3628
1635067774138,-4.8984,-7.4336,3.8203,-2.1152,0.2024,0.3342
1635067774165,-4.7227,-7.9336,3.9512,-2.0723,0.0981,0.3311
1635067774167,-4.6992,-8.2813,3.9766,-1.9355,0.0609,0.3396
1635067774168,-4.8867,-8.3984,4.0234,-1.8369,0.0630,0.2852
1635067774195,-4.8984,-8.2109,3.8945,-1.8408,0.0715,0.2097
1635067774197,-4.7969,-7.9727,3.2051,-1.9170,0.1046,0.1671
1635067774198,-4.8086,-7.9688,2.7520,-1.9980,0.1130,0.1353
1635067774225,-4.7656,-8.0078,2.5879,-2.0410,0.0981,0.1108
1635067774227,-4.6836,-8.0703,2.3926,-1.9785,0.1035,0.1065
1635067774228,-4.7188,-8.1719,2.2832,-1.8564,0.1077,0.1108
1635067774255,-4.6328,-8.2734,2.1113,-1.6777,0.1088,0.1151
1635067774257,-4.6289,-8.6797,1.8242,-1.4170,0.1130,0.1288
1635067774258,-4.6719,-9.0078,1.8906,-1.0537,0.0811,0.1405
1635067774308,-4.6094,-8.9063,1.9414,-0.6357,0.0758,0.1479
1635067774311,-4.5859,-8.4063,1.6924,-0.2869,0.1088,0.1490
1635067774313,-4.6484,-8.1016,1.5625,-0.0732,0.1067,0.1512
1635067774326,-4.6172,-7.8984,1.4912,0.0087,0.1141,0.1512
1635067774344,-4.6719,-7.9023,1.5342,0.0098,0.1311,0.1373
1635067774345,-4.8125,-8.0000,1.8906,-0.0498,0.1257,0.1373
1635067774346,-4.9766,-8.1250,2.0840,-0.1221,0.1343,0.1182
1635067774352,-5.0781,-8.3750,1.9102,-0.1550,0.1503,0.0938
1635067774354,-5.1172,-8.5156,1.6201,-0.1284,0.1406,0.1151
1635067774372,-5.0625,-8.2188,1.4434,-0.0264,0.1471,0.1288
1635067774379,-4.9219,-7.7344,1.4004,0.0790,0.1577,0.1151
1635067774380,-4.7617,-7.3281,1.6084,0.0949,0.1492,0.1118
1635067774407,-5.2461,-7.7539,2.0742,0.0151,0.1162,0.1033
1635067774410,-5.5117,-8.4063,2.3457,0.0056,0.0598,0.0895
1635067774412,-5.1484,-8.6484,2.3965,0.1949,0.0109,0.0842
1635067774442,-4.7930,-8.2813,2.2637,0.3960,0.0024,0.0661
1635067774443,-4.8594,-7.8320,1.9150,0.4727,0.0152,0.0608
1635067774444,-5.1914,-7.7383,1.7813,0.4023,0.0311,0.0618
1635067774461,-5.4102,-8.0313,1.7813,0.2896,0.0428,0.0544
1635067774462,-5.6094,-8.4844,1.8096,0.2512,0.0535,0.0544
1635067774463,-5.6875,-8.5781,1.8740,0.3152,0.0694,0.0448
1635067774493,-5.5898,-8.0156,2.0039,0.3748,0.0939,0.0044
1635067774495,-5.5078,-7.5508,1.9961,0.4055,0.0886,-0.0222
1635067774496,-5.2813,-7.3945,2.0957,0.4141,0.0758,-0.0243
1635067774522,-5.0039,-7.5000,2.2070,0.4451,0.0588,-0.0031
1635067774525,-4.6445,-7.6172,2.2344,0.5205,0.0322,0.0246
1635067774526,-4.3711,-7.5547,2.1953,0.6831,0.0407,0.0629
1635067774561,-4.2656,-7.4336,2.0293,0.8193,0.0886,0.0884
1635067774565,-4.2891,-7.1836,2.0039,0.7310,0.1534,0.1437
1635067774572,-4.2539,-6.8828,1.8906,0.6299,0.2109,0.1852
1635067774574,-4.2734,-6.8633,1.7930,0.4651,0.2642,0.2076
1635067774576,-4.4961,-6.7148,1.8838,0.3716,0.2778,0.2267
1635067774608,-4.7852,-7.1406,2.6133,0.3992,0.2130,0.2766
1635067774610,-4.9063,-7.6484,3.0469,0.4438,0.1449,0.3022
1635067774611,-5.0742,-8.0625,3.1641,0.4866,0.0864,0.3013
1635067774633,-5.2070,-8.2188,3.0684,0.5117,0.0535,0.3140
1635067774639,-5.1875,-8.0156,2.8906,0.4854,0.0364,0.2832
1635067774640,-5.1797,-7.6328,2.7754,0.3450,0.0045,0.2500
1635067774656,-5.3555,-7.6445,2.7207,0.1205,-0.0040,0.2352
1635067774657,-5.2383,-7.7266,2.4414,-0.1030,0.0035,0.2118
1635067774686,-4.9219,-7.7109,1.9727,-0.1965,0.0120,0.1980
1635067774687,-4.8438,-7.8633,1.9727,-0.1284,0.0226,0.2214
1635067774689,-4.9336,-7.7344,2.1543,0.0034,0.0524,0.2289
1635067774710,-4.9961,-7.5313,2.3691,0.1758,0.0673,0.2235
1635067774716,-4.9727,-7.3086,2.6348,0.2588,0.0684,0.2118
1635067774718,-4.9961,-7.1602,2.6582,0.2642,0.0609,0.2140
1635067774740,-5.1758,-7.2422,2.7383,0.2524,0.0503,0.2203
1635067774746,-5.4844,-6.8750,3.0020,0.1896,0.0396,0.2012
1635067774747,-5.8164,-6.6914,3.3574,0.1130,0.0215,0.1714
1635067774772,-6.2695,-7.3086,3.3750,-0.0540,-0.0316,0.1256
1635067774773,-6.0898,-7.9688,3.0918,-0.1094,-0.1168,0.1151
1635067774774,-5.7578,-7.9570,3.1973,-0.0019,-0.1667,0.0852
1635067774804,-5.7891,-7.4648,3.4492,0.0641,-0.1678,0.0352
1635067774808,-5.8164,-7.0938,3.4102,-0.0381,-0.1625,0.0140
1635067774816,-5.5898,-6.8398,3.2031,-0.2413,-0.1731,0.0193
1635067774822,-5.3789,-6.8008,2.8633,-0.4392,-0.1465,0.0214
1635067774825,-5.3906,-6.7266,2.4766,-0.6826,-0.0795,-0.0084
1635067774854,-5.7734,-6.9766,2.2207,-0.9199,-0.0210,-0.0233
1635067774860,-6.0859,-7.5586,2.0723,-1.0635,0.0003,-0.0243
1635067774865,-6.2344,-7.9063,2.4570,-1.1846,-0.0008,-0.0382
1635067774872,-6.2773,-7.7227,2.5195,-1.2383,-0.0104,-0.0552
1635067774876,-5.8867,-7.4336,2.1660,-1.1104,-0.0295,-0.0233
1635067774902,-5.8242,-7.3906,2.2637,-0.8882,-0.0572,0.0097
1635067774905,-5.9492,-7.4063,2.4570,-0.7529,-0.0753,-0.0009
1635067774909,-5.9219,-7.4727,2.0547,-0.6851,-0.0838,-0.0052
1635067774932,-5.7891,-7.5547,1.9531,-0.6489,-0.1093,0.0108
1635067774936,-5.5742,-7.4023,1.8789,-0.6265,-0.1040,0.0108
1635067774942,-5.6250,-7.2852,1.8193,-0.6689,-0.0764,0.0001
1635067774953,-5.6953,-7.3008,1.8643,-0.7964,-0.0572,-0.0073
1635067774954,-5.7383,-7.3672,1.7666,-0.9478,-0.0551,-0.0073
1635067774981,-5.6211,-7.5625,1.4102,-1.0195,-0.0412,0.0161
1635067774982,-5.5195,-7.7773,1.3711,-1.0557,-0.0391,0.0140
1635067774983,-5.7578,-8.1875,1.2588,-1.0703,-0.0327,-0.0052
1635067775015,-5.9961,-8.6563,1.0742,-1.0371,-0.0199,-0.0222
1635067775017,-5.9492,-8.6406,1.1348,-0.9443,-0.0274,-0.0605
1635067775018,-5.8516,-8.6563,1.3926,-0.8159,-0.0433,-0.1212
1635067775041,-5.8086,-8.7656,1.6152,-0.7305,-0.0688,-0.1840
1635067775043,-5.5938,-8.6406,1.6152,-0.6553,-0.1040,-0.2169
1635067775045,-5.1250,-8.5234,1.4912,-0.5127,-0.1327,-0.2201
1635067775071,-4.8359,-8.2734,1.2207,-0.3103,-0.1327,-0.2180
1635067775073,-4.7969,-7.8711,1.0049,-0.1370,-0.1093,-0.2095
1635067775075,-4.9570,-7.8086,0.8403,-0.1061,-0.0742,-0.2115
1635067775101,-5.6211,-8.0703,0.6221,-0.2688,-0.0104,-0.2297
1635067775103,-6.4063,-8.5234,0.4907,-0.5400,0.0503,-0.2668
1635067775105,-6.7969,-9.0781,0.3518,-0.8691,0.0864,-0.3457
1635067775132,-6.9297,-9.4531,0.2847,-1.2002,0.1183,-0.4573
1635067775135,-6.8789,-9.6406,0.1532,-1.4795,0.1545,-0.5713
1635067775136,-6.7461,-9.6484,-0.2632,-1.6436,0.1992,-0.6851
1635067775166,-6.8164,-10.2656,-0.5024,-1.6328,0.2407,-0.7842
1635067775168,-7.0234,-11.1016,-0.7036,-1.5176,0.3003,-0.9043
1635067775170,-7.1680,-11.5156,-0.8257,-1.3291,0.3779,-1.0625
1635067775195,-7.1680,-11.3359,-0.7900,-1.1436,0.4536,-1.2256
1635067775196,-6.9570,-10.8359,-0.8784,-0.9785,0.5234,-1.3662
1635067775198,-6.4492,-10.3203,-0.9526,-0.8071,0.5703,-1.4805
1635067775224,-5.6836,-9.9531,-1.2568,-0.5869,0.6143,-1.5430
1635067775225,-4.9844,-10.0078,-1.6064,-0.3052,0.6567,-1.5703
1635067775226,-4.4180,-9.7969,-1.6494,-0.0157,0.7065,-1.5752
1635067775254,-3.8340,-8.9922,-1.7188,0.2576,0.7856,-1.5547
1635067775255,-3.2891,-8.0469,-1.9170,0.4663,0.8750,-1.5059
1635067775256,-2.8340,-7.5234,-1.9463,0.6089,0.9565,-1.4541
1635067775286,-2.4336,-7.7344,-1.7041,0.7207,1.0137,-1.3887
1635067775288,-2.1602,-7.7422,-1.3496,0.7778,1.0693,-1.2979
1635067775290,-1.8330,-7.2813,-1.1699,0.8994,1.1270,-1.1885
1635067775316,-1.3115,-6.9609,-0.9551,1.0264,1.1494,-1.0947
1635067775318,-0.8662,-6.5352,-0.8115,1.0615,1.1689,-1.0225
1635067775320,-0.8232,-6.2422,-0.7827,1.0508,1.2129,-0.8789
1635067775346,-1.0146,-6.5313,-0.5073,1.0156,1.2246,-0.7148
1635067775348,-1.1299,-6.8477,-0.0933,0.9438,1.1807,-0.5894
1635067775350,-0.9526,-7.1680,-0.0263,0.9375,1.1328,-0.4956
1635067775376,-0.8042,-7.3477,0.1627,0.9482,1.0918,-0.4648
1635067775378,-0.7705,-6.8125,0.4045,0.8887,1.0713,-0.4211
1635067775380,-0.7803,-6.0273,0.0790,0.8281,1.0908,-0.3254
1635067775407,-1.0869,-6.0352,-0.1101,0.8438,1.0684,-0.2244
1635067775408,-1.4912,-6.9258,0.0886,0.9800,0.9736,-0.1583
1635067775410,-1.7666,-7.9219,0.5171,1.1914,0.8525,-0.1414
1635067775433,-1.8115,-8.4766,1.4717,1.4063,0.7173,-0.1285
1635067775437,-1.6973,-7.9883,2.2734,1.5820,0.6055,-0.0871
1635067775442,-1.7324,-6.7695,2.7676,1.5361,0.5205,-0.0031
1635067775453,-2.1113,-6.0703,3.0508,1.1719,0.4185,0.0650
1635067775458,-2.5488,-6.0391,3.0234,0.5747,0.2949,0.0852
1635067775483,-2.9746,-6.2852,2.5176,-0.0572,0.2024,0.1235
1635067775488,-3.5039,-7.0117,2.2813,-0.5200,0.1035,0.1353
1635067775493,-3.9688,-8.5391,2.0742,-0.7124,-0.0529,0.1012
1635067775503,-3.9824,-10.0781,2.1172,-0.6060,-0.2646,0.0320
1635067775508,-3.8340,-11.0313,2.4395,-0.2605,-0.4478,-0.0116
1635067775533,-3.8848,-11.0313,3.6660,0.0822,-0.6040,-0.0105
1635067775537,-3.9883,-10.0313,5.4727,0.1471,-0.7466,-0.0148
1635067775543,-4.0938,-8.5625,6.0117,-0.1881,-0.8701,-0.0435
1635067775552,-3.9355,-7.9883,5.0195,-0.6680,-0.9937,-0.0456
1635067775557,-3.4199,-8.2656,3.4648,-1.0498,-1.0908,-0.0265
1635067775582,-2.7090,-8.5469,2.2715,-1.1797,-1.1445,0.0033
1635067775587,-2.0098,-8.3203,1.2539,-1.0225,-1.1279,0.0225
1635067775592,-1.6016,-7.9844,0.8184,-0.6060,-1.0654,0.0512
1635067775603,-1.6367,-7.6914,0.8618,0.1503,-1.0215,0.2458
1635067775608,-1.6348,-7.5039,1.0674,0.1503,-1.0215,0.2458
1635067775633,-1.4316,-7.7969,1.1729,0.3215,-0.9858,0.4214
1635067775638,-1.3428,-7.6367,1.1514,0.2151,-0.9531,0.5181
1635067775643,-1.4170,-7.7852,1.0938,0.0715,-0.8975,0.6226
1635067775653,-1.7852,-8.1641,1.0430,-0.1689,-0.8340,0.7236
1635067775658,-2.1367,-7.6680,0.7729,-0.4307,-0.7837,0.7832
1635067775683,-2.5254,-7.9102,0.5601,-0.4998,-0.7808,0.8374
1635067775688,-2.5566,-8.6172,0.3279,-0.4414,-0.8008,0.9087
1635067775693,-2.4707,-9.0703,0.5386,0.0183,-0.8359,0.9746
1635067775703,-2.2188,-9.7734,0.8950,0.9409,-0.8882,1.0869
1635067775708,-2.2559,-9.7188,1.4355,1.9258,-0.8330,1.1377
1635067775733,-2.7949,-8.9297,1.5938,2.5313,-0.7168,1.1250
1635067775740,-3.2500,-7.6250,1.4102,2.4570,-0.5923,1.0986
1635067775742,-3.9258,-6.7266,0.8735,1.8291,-0.4636,1.0156
1635067775763,-4.5664,-6.7656,0.3567,0.8516,-0.3892,0.9194
1635067775767,-4.9648,-7.7656,-0.3230,-0.1934,-0.3562,0.8257
1635067775771,-5.2305,-9.9453,-1.1875,-1.0342,-0.3369,0.7183
1635067775792,-5.4180,-12.1563,-1.5537,-1.3447,-0.3350,0.6812
1635067775796,-5.2852,-13.0000,-0.8906,-0.9976,-0.3540,0.6553
1635067775799,-4.9766,-12.2656,0.5195,-0.2903,-0.3562,0.5991
1635067775823,-5.2578,-10.5234,2.1465,0.3342,-0.3401,0.5532
1635067775827,-5.7070,-8.8594,2.8750,0.6128,-0.3540,0.5479
1635067775830,-5.4805,-8.2656,2.3613,0.6650,-0.3987,0.4971
1635067775854,-4.7969,-8.7734,1.4863,0.7642,-0.4370,0.4426
1635067775859,-4.2148,-9.5156,0.9404,1.0693,-0.4329,0.4556
1635067775863,-3.9668,-9.5625,0.5171,1.6240,-0.3499,0.4949
1635067775874,-3.9102,-8.6719,0.1699,2.2070,-0.2029,0.5513
1635067775878,-3.8672,-6.9258,0.3303,2.5625,-0.0625,0.6074
1635067775904,-3.9766,-5.1758,0.9146,2.6230,0.0556,0.6470
1635067775909,-4.2109,-4.3203,1.3926,2.3105,0.1514,0.6885
1635067775913,-4.5703,-5.0625,1.9512,1.7646,0.2078,0.6895
1635067775924,-5.0156,-6.9023,2.3770,1.1816,0.2386,0.6343
1635067775928,-5.4570,-8.3750,2.7520,0.8320,0.2693,0.5659
1635067775954,-5.6523,-9.1328,3.2207,0.7896,0.3013,0.5288
1635067775958,-5.5234,-8.8984,3.2090,0.9175,0.3408,0.4800
1635067775964,-5.3633,-8.4531,3.2734,1.1797,0.3225,0.4565
1635067775974,-5.1680,-8.3516,3.4688,1.5313,0.2534,0.4575
1635067775978,-4.8672,-8.1875,3.6602,1.9072,0.2258,0.4492
1635067776004,-4.8047,-7.8477,3.8281,2.2715,0.2238,0.4524
1635067776009,-4.9141,-7.4492,4.1953,2.5156,0.2098,0.4543
1635067776013,-5.1563,-6.9727,4.5000,2.4609,0.2173,0.4065
1635067776024,-5.4219,-6.7617,4.6172,2.1621,0.2120,0.3203
1635067776029,-5.4453,-6.5664,4.5938,1.7373,0.2078,0.2438
1635067776054,-5.4883,-6.7344,4.5195,1.3320,0.1918,0.1991
1635067776059,-5.5039,-7.2656,4.6016,1.0430,0.1428,0.1587
1635067776063,-5.2930,-7.4297,4.8047,0.9644,0.1003,0.1384
1635067776074,-5.0117,-7.4023,5.0859,1.0732,0.0939,0.1479
1635067776078,-4.9297,-7.1602,5.3438,1.2373,0.1003,0.1544
1635067776104,-4.8086,-6.7383,5.4883,1.3789,0.1088,0.1576
1635067776109,-4.7148,-6.1953,5.6445,1.3877,0.1268,0.1554
1635067776113,-4.7930,-5.7969,5.6016,1.2598,0.1311,0.1501
1635067776124,-4.8086,-5.6758,5.4844,1.1025,0.1396,0.1533
1635067776129,-4.6992,-5.8867,5.2109,0.9844,0.1588,0.1437
1635067776154,-4.6016,-6.1641,4.6758,0.9355,0.1938,0.1278
1635067776159,-4.7773,-6.7188,4.5195,0.9927,0.2109,0.1384
1635067776163,-4.8359,-7.0000,4.7070,1.1455,0.2227,0.1310
1635067776174,-4.8750,-6.5781,5.2148,1.2783,0.2810,0.1310
1635067776179,-5.1719,-5.6484,5.7578,1.2197,0.3108,0.1310
1635067776204,-5.3672,-5.0078,6.0977,0.9707,0.2949,0.1246
1635067776209,-5.6523,-5.2617,6.0195,0.5610,0.2450,0.1022
1635067776214,-5.7617,-6.2461,5.7695,0.2119,0.1332,0.0714
1635067776224,-5.3906,-6.8594,5.7930,0.1162,0.0417,0.0799
1635067776229,-5.1016,-6.7344,5.9297,0.2119,0.0567,0.1012
1635067776254,-5.2227,-6.3203,6.1406,0.2949,0.0758,0.1022
1635067776259,-5.4805,-6.2031,6.2930,0.2683,0.0513,0.0991
1635067776264,-5.5117,-6.1953,6.1328,0.1769,0.0141,0.0948
1635067776274,-5.2227,-5.8828,5.6875,0.0906,0.0024,0.0969
1635067776279,-5.1250,-5.1211,5.4922,0.0087,0.0258,0.1033
1635067776304,-5.5352,-5.1055,5.4102,-0.0795,0.0098,0.1022
1635067776309,-5.6445,-5.6602,5.3945,-0.1689,-0.0455,0.0714
1635067776314,-5.6211,-6.3750,5.4727,-0.1658,-0.0699,0.0491
1635067776324,-5.6563,-6.8750,5.5195,-0.0966,-0.0710,0.0086
1635067776329,-5.5938,-6.6523,5.6406,-0.0147,-0.0455,-0.0190
1635067776358,-5.4336,-6.3398,5.8359,0.0077,-0.0104,-0.0478
1635067776360,-5.3281,-6.0234,5.7656,-0.0721,0.0152,-0.0648
1635067776363,-5.3164,-5.9375,5.4609,-0.1647,0.0269,-0.0371
1635067776385,-5.2227,-6.0352,5.3242,-0.2104,0.0311,-0.0180
1635067776391,-5.0625,-5.6641,5.4258,-0.1965,0.0471,0.0086
1635067776396,-5.1484,-5.3867,5.5586,-0.1338,0.0503,0.0522
1635067776404,-5.3164,-5.5742,5.6563,-0.0529,0.0130,0.0852
1635067776407,-4.9648,-5.1602,5.0273,0.0321,0.0279,0.1044
1635067776433,-5.2188,-4.9648,5.3125,0.1045,0.0237,0.1267
1635067776437,-5.5156,-5.7344,5.4258,0.0311,-0.0242,0.1140
1635067776440,-5.1055,-5.5898,4.9258,-0.0476,0.0013,0.0959
1635067776465,-5.3555,-5.4063,5.4844,-0.0083,0.0354,0.1256
1635067776469,-5.9648,-5.7773,6.1875,-0.0721,0.0205,0.0938
1635067776474,-6.1523,-5.0195,6.1328,-0.2805,0.0482,0.0129
1635067776485,-6.5352,-5.1367,6.1797,-0.4199,0.0024,0.0065
1635067776489,-6.6484,-6.4805,6.1680,-0.5103,-0.1221,-0.0424
1635067776515,-6.1367,-7.5313,5.8320,-0.3733,-0.1699,-0.1052
1635067776520,-5.6875,-7.3281,5.4063,-0.0732,-0.1125,-0.1223
1635067776525,-5.6172,-6.3516,5.4727,0.2205,-0.0668,-0.1105
1635067776535,-5.4219,-5.6250,5.5781,0.2991,-0.0455,-0.1020
1635067776540,-5.1641,-5.0469,5.2148,0.1406,-0.0210,-0.1382
1635067776565,-5.3164,-5.5156,5.1641,0.0141,-0.0806,-0.1180
1635067776570,-5.3320,-5.8438,5.3125,-0.0242,-0.1072,-0.1073
1635067776575,-5.3594,-5.0859,5.5820,0.0364,-0.0561,-0.0679
1635067776585,-5.5938,-5.0625,5.6094,-0.0551,-0.0688,-0.0626
1635067776590,-5.6523,-5.2969,5.6797,-0.1168,-0.1348,-0.0382
1635067776615,-5.3984,-6.1836,5.3555,-0.0998,-0.1785,-0.0435
1635067776620,-5.0977,-6.6992,5.1133,0.0013,-0.1582,-0.0594
1635067776625,-4.9648,-6.0586,5.0898,0.1279,-0.1050,-0.0446
1635067776635,-5.1797,-5.3164,4.8164,0.1790,-0.0423,-0.0265
1635067776640,-5.2852,-5.1992,4.6523,0.0906,-0.0051,-0.0275
1635067776665,-5.2773,-5.1836,4.7695,-0.0604,0.0024,-0.0201
1635067776670,-5.2969,-5.2695,4.9805,-0.1466,-0.0051,0.0044
1635067776675,-5.2969,-5.3750,4.9609,-0.1487,-0.0040,0.0331
1635067776686,-5.4414,-5.6836,4.8242,-0.0476,-0.0210,0.0650
1635067776690,-5.4023,-6.4375,5.3672,0.1704,-0.0859,0.0757
1635067776714,-5.0313,-5.8164,5.8242,0.3152,-0.0518,0.0714
1635067776717,-5.2617,-4.9570,5.7188,0.1747,0.0184,0.0374
1635067776720,-5.8672,-5.2305,5.0508,-0.1625,-0.0242,0.0278
1635067776744,-5.5820,-6.0586,4.8711,-0.3721,-0.0614,0.0533
1635067776747,-5.1758,-5.6523,5.0781,-0.4700,-0.0008,0.0384
1635067776750,-5.5508,-5.5898,5.2070,-0.5454,0.0141,0.0469
1635067776774,-5.7227,-5.8867,5.3945,-0.6411,-0.0210,0.0703
1635067776777,-5.4570,-5.9883,5.3867,-0.6787,-0.0423,0.0852
1635067776780,-5.3086,-6.2500,5.3047,-0.6421,-0.0657,0.1044
1635067776807,-5.1328,-6.2148,5.0977,-0.5723,-0.0699,0.1225
1635067776813,-5.2852,-6.2070,4.9883,-0.4529,-0.0731,0.1288
1635067776818,-5.3633,-6.2070,4.9727,-0.3328,-0.0880,0.1331
1635067776828,-5.3906,-6.0117,5.1484,-0.1976,-0.0933,0.1256
1635067776835,-5.5391,-5.9805,5.4258,-0.1349,-0.1019,0.0927
1635067776847,-5.6680,-6.4492,5.3750,-0.1859,-0.1040,0.0459
1635067776862,-5.5508,-6.8867,5.0742,-0.2125,-0.0923,-0.0009
1635067776869,-5.3281,-7.1914,4.8594,-0.1466,-0.0625,-0.0211
1635067776875,-5.1758,-7.1719,4.8477,-0.0828,-0.0093,-0.0435
1635067776887,-5.1289,-6.9531,4.8242,-0.1455,0.0503,-0.1094
1635067776894,-5.1836,-6.6250,4.5547,-0.3955,0.1077,-0.1775
1635067776908,-5.2969,-6.4063,4.2852,-0.7944,0.1449,-0.2041
1635067776914,-5.2617,-6.6055,4.1914,-1.2002,0.1365,-0.2244
1635067776928,-5.1250,-7.0352,4.1367,-1.5508,0.1365,-0.2668
1635067776934,-5.1484,-7.4648,4.0938,-1.7881,0.1343,-0.3137
1635067776948,-5.2422,-7.6016,4.4805,-1.8809,0.0886,-0.3381
1635067776954,-5.2969,-7.4805,4.9492,-1.8535,0.0067,-0.3296
1635067776968,-5.0898,-7.5664,4.9648,-1.6660,-0.0338,-0.3030
1635067776974,-4.8828,-7.6797,4.6133,-1.3506,-0.0327,-0.3020
1635067776988,-4.5625,-7.6406,4.0820,-0.9810,-0.0253,-0.3115
1635067776995,-4.2734,-7.3203,3.5313,-0.6836,0.0215,-0.3042
1635067777006,-4.1914,-6.7578,3.1777,-0.5220,0.0822,-0.2808
1635067777011,-4.2031,-6.4609,2.9219,-0.4614,0.1449,-0.2456
1635067777036,-4.4531,-6.5781,2.9746,-0.4807,0.1981,-0.2201
1635067777041,-4.6953,-6.8750,3.2598,-0.5527,0.2312,-0.2074
1635067777061,-4.8594,-7.0430,3.4941,-0.6191,0.2759,-0.2041
1635067777071,-5.0469,-7.0625,3.8027,-0.6670,0.2939,-0.1775
1635067777076,-5.0781,-7.0508,3.9902,-0.6348,0.2661,-0.1360
1635067777094,-5.0430,-6.8711,4.0977,-0.5625,0.2386,-0.0967
1635067777100,-4.7773,-6.3125,3.9277,-0.5488,0.2162,-0.0616
1635067777104,-4.6914,-6.1445,3.4902,-0.6040,0.2152,-0.0009
1635067777109,-4.8047,-6.5586,3.2246,-0.6699,0.1886,0.0544
1635067777125,-4.6211,-6.8008,2.8887,-0.6934,0.1747,0.0991
1635067777141,-4.4453,-6.0586,2.8242,-0.6826,0.2130,0.1172
1635067777146,-4.9141,-5.7930,3.5352,-0.7437,0.2227,0.1246
1635067777160,-6.0234,-7.4102,4.3359,-1.0830,0.1343,0.1055
1635067777172,-5.7930,-7.8906,3.5781,-1.2324,0.0513,0.0959
1635067777190,-5.3906,-8.3125,3.6699,-0.9126,0.0928,0.1055
1635067777223,-5.6133,-7.8672,3.7773,-0.8105,0.1035,0.0108
1635067777256,-5.8203,-7.5391,3.7402,-0.8340,0.0833,0.0331
1635067777262,-6.0352,-7.7539,3.2949,-0.8223,0.1067,0.0469
1635067777275,-5.6992,-8.1797,2.6719,-0.7852,0.1248,-0.0137
1635067777280,-5.5039,-8.3828,2.3027,-0.6860,0.1652,-0.0488
1635067777285,-5.5820,-8.1875,2.0723,-0.4712,0.2098,-0.0701
1635067777290,-5.9180,-8.1953,2.8418,-0.2306,0.2386,-0.0722
1635067777297,-6.0703,-7.9219,3.3555,-0.0646,0.2301,-0.0818
1635067777322,-5.6641,-7.7344,3.4434,0.1970,0.1981,-0.0648
1635067777355,-4.9375,-6.8398,3.1113,0.4641,0.2141,-0.0499
1635067777372,-4.8789,-6.5352,2.6973,0.4568,0.2375,-0.0626
1635067777390,-5.0938,-6.5859,2.8711,0.0917,0.2056,-0.0754
1635067777395,-5.0586,-6.4180,2.8906,-0.3169,0.1907,-0.0552
1635067777407,-4.9805,-6.6875,2.6016,-0.6616,0.2238,-0.0414
1635067777423,-5.0625,-6.7969,2.6250,-0.9785,0.2238,-0.0499
1635067777440,-5.1719,-6.7383,2.8965,-1.1895,0.1854,-0.0233
1635067777456,-5.2578,-6.7891,3.0449,-1.3320,0.1311,-0.0031
1635067777460,-5.2852,-7.0664,3.1563,-1.4639,0.0364,-0.0094
1635067777465,-5.1680,-7.5156,3.2676,-1.5479,-0.0774,0.0129
1635067777470,-4.9258,-7.6719,3.0996,-1.5859,-0.1338,0.0203
1635067777475,-4.7266,-7.0703,2.2227,-1.5518,-0.1688,-0.0063
1635067777489,-4.8789,-7.4141,2.0801,-1.3115,-0.2380,0.0437
1635067777493,-4.8711,-8.1328,1.9150,-0.8682,-0.2391,0.1118
1635067777505,-4.7656,-8.1328,1.6152,-0.2869,-0.1625,0.1002
1635067777510,-5.0703,-7.9141,1.2373,0.1471,-0.0784,0.0714
1635067777514,-5.5781,-8.4063,1.1797,0.3779,-0.0348,0.0427
1635067777519,-5.6953,-8.8750,1.3594,0.6118,-0.0199,0.0278
1635067777536,-5.4883,-8.4922,1.7637,0.9248,0.0269,0.0033
1635067777553,-5.5742,-7.8945,1.8359,1.1367,0.0833,-0.0254
1635067777571,-5.9180,-8.1484,1.4404,1.2314,0.0992,-0.0286
1635067777588,-5.3164,-8.2969,1.8213,1.3984,0.0694,-0.0584
1635067777593,-5.1797,-7.4375,2.0820,1.3965,0.0886,-0.0733
1635067777604,-5.2070,-6.6016,2.5273,1.2695,0.0928,-0.0552
1635067777618,-5.3867,-6.2617,2.7363,1.0020,0.0673,-0.0328
1635067777637,-5.3086,-6.2383,2.8047,0.6812,0.0247,0.0023
1635067777641,-5.4961,-6.0000,2.9531,0.3472,0.0098,0.0161
1635067777654,-5.8750,-6.1133,3.0430,0.0002,-0.0157,0.0374
1635067777684,-6.1328,-6.8555,2.9414,-0.3870,-0.0529,0.0310
1635067777713,-6.0273,-7.6758,2.7285,-0.6733,-0.1115,-0.0031
1635067777734,-5.7227,-8.3125,2.6152,-0.6689,-0.1487,-0.0126
1635067777751,-5.3438,-8.1406,2.6270,-0.4893,-0.1338,-0.0201
1635067777755,-5.1914,-7.5273,2.7207,-0.2869,-0.1157,-0.0222
1635067777760,-5.3281,-7.1367,2.8711,-0.1913,-0.1072,0.0023
1635067777766,-5.4414,-7.1445,2.8594,-0.2413,-0.1008,0.0086
1635067777771,-5.5664,-7.1641,2.7363,-0.3774,-0.1029,0.0129
1635067777776,-5.6836,-7.0781,2.5449,-0.5327,-0.0859,0.0097
1635067777780,-5.7461,-7.0547,2.6113,-0.7285,-0.0699,-0.0116
1635067777785,-6.1211,-7.3945,2.6055,-0.9199,-0.0710,-0.0318
1635067777790,-6.5156,-8.2734,2.4844,-1.0146,-0.1104,-0.0563
1635067777795,-6.4219,-8.8672,2.3398,-0.9990,-0.1519,-0.1127
1635067777799,-6.3047,-8.8438,2.2266,-0.9253,-0.1625,-0.1882
1635067777804,-6.4961,-8.8047,2.1699,-0.8691,-0.1699,-0.2583
1635067777809,-6.9492,-9.0469,2.2715,-0.8892,-0.1805,-0.3467
1635067777814,-7.3398,-9.5234,2.4297,-1.0000,-0.1976,-0.4626
1635067777818,-7.6719,-9.8281,2.1953,-1.1768,-0.1987,-0.6147
1635067777823,-7.8047,-10.0781,1.6709,-1.3486,-0.1838,-0.7842
1635067777828,-7.8906,-10.3203,1.2686,-1.5264,-0.1561,-0.9702
1635067777833,-7.9336,-10.4297,0.8735,-1.6768,-0.1179,-1.1406
1635067777837,-7.7109,-10.5156,0.6963,-1.7109,-0.0806,-1.2959
1635067777842,-7.2227,-10.3516,0.8594,-1.6445,-0.0338,-1.4189
1635067777848,-6.6953,-10.1641,0.9907,-1.5508,0.0109,-1.5107
1635067777853,-6.2227,-10.3594,1.0742,-1.4434,0.0556,-1.5869
1635067777858,-5.7109,-10.8359,0.9790,-1.2686,0.0960,-1.6699
1635067777863,-5.1484,-10.6719,0.4236,-1.0293,0.1758,-1.7217
1635067777884,-4.6445,-9.9219,-0.4331,-0.8169,0.2747,-1.7119
1635067777885,-3.8008,-8.6953,-1.3711,-0.6953,0.3706,-1.6816
1635067777886,-2.8633,-7.5703,-2.1172,-0.6211,0.4790,-1.6045
1635067777887,-1.9365,-7.1172,-2.5449,-0.5542,0.5918,-1.4785
1635067777888,-1.2373,-7.0352,-2.6641,-0.4446,0.7461,-1.3457
1635067777890,-0.8882,-6.9844,-2.5703,-0.3020,0.9204,-1.2080
1635067777891,-0.6196,-6.7305,-2.4258,-0.1381,1.0684,-1.0586
1635067777896,-0.4500,-6.7344,-1.4766,0.1098,1.1914,-0.9033
1635067777901,-0.3613,-7.2852,-0.6680,0.3694,1.2588,-0.7617
1635067777908,-0.2417,-7.9648,-0.3015,0.7544,1.2227,-0.6445
1635067777917,0.0191,-8.3203,0.1125,1.3271,1.1523,-0.5200
1635067777928,0.2058,-8.3047,0.0072,1.9043,1.1201,-0.4233
1635067777933,0.3423,-7.6250,-0.2537,2.2910,1.0977,-0.3828
1635067777959,0.4573,-5.8750,-0.6270,2.3672,1.1289,-0.3254
1635067777963,0.2297,-4.1602,-0.6270,2.1113,1.1748,-0.1914
1635067777968,-0.4692,-2.8711,0.2727,1.5508,1.1924,-0.0403
1635067778005,-1.3760,-1.8770,1.2227,0.8335,1.1504,0.1044
1635067778010,-2.3398,-2.4961,2.4102,0.0906,0.9995,0.2289
1635067778014,-3.0234,-4.5938,3.6582,-0.6772,0.7651,0.2693
1635067778019,-3.4355,-7.1680,4.0313,-1.3018,0.5259,0.2554
1635067778029,-3.4629,-9.2422,3.7129,-1.6289,0.2534,0.2002
1635067778034,-3.1758,-10.4375,3.1094,-1.6494,0.0077,0.1661
1635067778039,-3.0449,-10.3984,2.6113,-1.5713,-0.1656,0.1703
1635067778044,-3.1133,-9.2734,2.1855,-1.5977,-0.3018,0.1777
1635067778068,-3.2070,-8.1875,1.5771,-1.7998,-0.4136,0.1768
1635067778082,-3.3672,-7.6719,0.7441,-2.1699,-0.4998,0.1661
1635067778100,-3.4199,-7.7031,0.1724,-2.5742,-0.5859,0.1501
1635067778115,-3.4395,-8.2266,0.7563,-2.8770,-0.6860,0.1331
1635067778133,-3.5469,-8.5547,1.4717,-3.0879,-0.7646,0.0959
1635067778138,-3.5625,-8.8438,1.3926,-3.1484,-0.8604,0.0767
1635067778143,-3.2383,-9.0547,0.6436,-3.0234,-0.9561,0.0544
1635067778148,-2.7480,-9.0391,-0.4954,-2.7500,-1.0059,0.0012
1635067778163,-2.2539,-9.1172,-1.5391,-2.3594,-1.0410,-0.0371
1635067778183,-1.8311,-9.3750,-2.3125,-1.9033,-1.0713,0.0522
1635067778188,-1.5078,-9.3906,-2.8105,-1.3848,-1.0449,0.1810
1635067778213,-1.4883,-9.2109,-3.1836,-0.8892,-0.9585,0.2671
1635067778230,-1.8027,-9.0391,-2.8711,-0.4434,-0.8667,0.3577
1635067778248,-2.3496,-8.9063,-1.9482,-0.0625,-0.7646,0.4395
1635067778255,-3.1035,-9.2578,-1.4355,0.3311,-0.7158,0.5288
1635067778261,-3.4258,-9.7813,-1.5078,0.8589,-0.7627,0.6074
1635067778265,-3.1758,-9.8984,-1.6895,1.5898,-0.8052,0.6685
1635067778281,-2.8164,-9.5547,-2.0059,2.3027,-0.7881,0.7407
1635067778298,-2.7949,-9.1094,-2.0195,2.8027,-0.7412,0.7852
1635067778329,-2.9902,-8.5078,-1.6875,3.0059,-0.6445,0.8032
1635067778341,-3.2090,-7.3477,-1.3379,2.8281,-0.4998,0.7993
1635067778346,-3.4746,-6.0703,-1.1992,2.2891,-0.3657,0.8174
1635067778351,-3.8281,-5.6953,-1.2324,1.5391,-0.2551,0.8438
1635067778356,-4.1719,-6.5430,-1.1992,0.8203,-0.1954,0.8354
1635067778364,-4.3828,-8.2109,-1.1035,0.4609,-0.1934,0.8247
1635067778389,-4.5078,-9.9844,-0.9717,0.6074,-0.2062,0.8213
1635067778393,-4.6758,-11.2734,-0.4978,1.1855,-0.2103,0.7959
1635067778398,-4.8438,-11.4063,0.0981,1.9639,-0.2168,0.7490
1635067778402,-4.8984,-10.4219,0.6318,2.6855,-0.2200,0.6948
1635067778407,-4.7773,-8.9141,1.0908,3.1367,-0.2083,0.6724
1635067778411,-4.5703,-7.8828,1.2656,3.2871,-0.1656,0.6714
1635067778417,-4.4219,-7.8086,1.1514,3.1719,-0.0997,0.6191
1635067778444,-4.5703,-8.4531,0.8091,2.8418,-0.0274,0.5425
1635067778477,-4.8164,-9.2578,0.3782,2.3887,0.0471,0.4790
1635067778495,-4.9141,-9.5703,0.1412,1.9023,0.1396,0.4246
1635067778512,-4.9297,-9.5000,0.1627,1.4004,0.2502,0.3757
1635067778528,-5.0586,-8.9063,0.5454,0.7983,0.3301,0.3362
1635067778534,-5.3008,-7.8945,1.2441,0.0949,0.3621,0.3162
1635067778538,-5.8789,-7.6484,1.7637,-1.4375,0.3364,0.2576
1635067778543,-5.9375,-8.1641,1.7588,-1.9248,0.2428,0.2332
1635067778561,-5.7070,-8.4844,1.6631,-2.0957,0.1417,0.2086
1635067778592,-5.3672,-8.3594,1.8027,-2.1113,0.0343,0.1703
1635067778608,-5.1016,-7.8516,1.8740,-2.1191,-0.0412,0.1299
1635067778641,-5.0391,-7.4336,1.6846,-2.2617,-0.0635,0.0916
1635067778660,-5.0664,-7.1953,1.2705,-2.5879,-0.0933,0.0501
1635067778676,-5.0000,-7.2461,0.8643,-2.9453,-0.1232,0.0384
1635067778707,-4.7930,-7.3164,0.2920,-3.2012,-0.1263,0.0555
1635067778740,-4.7070,-7.4648,-0.3423,-3.2754,-0.1179,0.0757
1635067778754,-4.6406,-7.7930,-0.7397,-3.1348,-0.1263,0.1022
1635067778760,-4.5820,-7.9727,-1.0049,-2.8164,-0.1370,0.1353
1635067778765,-4.7852,-8.3047,-0.6177,-2.3594,-0.1604,0.1927
1635067778769,-5.0313,-8.7578,-0.2871,-1.8125,-0.1796,0.2300
1635067778774,-5.1250,-9.0000,-0.3733,-1.2637,-0.1859,0.2203
1635067778779,-5.0195,-8.8125,-0.7563,-0.7852,-0.1764,0.1885
1635067778784,-4.7930,-8.4688,-1.2471,-0.4509,-0.1295,0.1810
1635067778789,-4.9141,-7.9648,-1.5273,-0.4626,-0.0487,0.1512
1635067778793,-5.1055,-7.8633,-2.0547,-0.6851,0.0269,0.1172
1635067778797,-5.1133,-8.2813,-2.1797,-0.8809,0.0524,0.1225
1635067778802,-5.0156,-8.3906,-2.4121,-0.9722,0.0854,0.1193
1635067778806,-5.1953,-8.5000,-2.5605,-1.0088,0.1099,0.1022
1635067778811,-5.5039,-8.5703,-1.8525,-0.9883,0.0694,0.0501
1635067778815,-5.6016,-8.5391,-0.9336,-0.9487,-0.0051,0.0140
1635067778819,-5.6328,-8.4531,-0.4739,-0.9458,-0.0625,-0.0116
1635067778824,-5.3828,-8.4141,-0.2010,-0.9263,-0.1306,-0.0467
1635067778828,-4.6914,-7.9336,-1.1035,-0.7944,-0.1785,-0.0350
1635067778832,-4.4023,-7.8281,-1.9746,-0.4829,-0.1582,0.0076
1635067778836,-4.4805,-7.9844,-2.6758,-0.1785,-0.0966,0.0054
1635067778844,-4.8516,-8.1797,-2.6094,0.0768,-0.0455,0.0225
1635067778848,-5.1719,-8.4609,-1.8262,0.3215,-0.0338,0.0618
1635067778852,-5.1328,-8.1328,-1.5967,0.5630,-0.0285,0.0555
1635067778856,-5.0664,-7.8281,-1.9072,0.7598,-0.0199,0.0671
1635067778861,-5.3047,-8.1328,-1.5557,0.8491,-0.0316,0.0629
1635067778865,-5.3359,-8.4766,-1.2373,0.9058,-0.0497,0.0501
1635067778868,-5.2188,-8.2813,-0.8423,0.9375,-0.0657,0.0395
1635067778871,-5.2500,-7.9141,-0.9741,0.9302,-0.0646,0.0331
1635067778884,-5.3789,-7.6563,-1.3496,0.8813,-0.0497,0.0331
1635067778885,-5.4180,-7.6250,-1.6631,0.8076,-0.0316,0.0406
1635067778886,-5.4375,-7.5820,-1.6182,0.7324,0.0003,0.0257
1635067778887,-5.5664,-7.8672,-1.4336,0.6865,0.0035,0.0193
1635067778888,-5.3789,-8.2891,-1.3135,0.8076,-0.0029,0.0076
1635067778889,-5.4648,-8.3438,-0.9478,0.9844,0.0120,-0.0297
1635067778890,-5.4414,-8.0781,-0.9146,1.2227,0.0077,-0.0201
1635067778891,-5.2383,-8.0781,-0.9717,1.5117,0.0003,0.0193
1635067778892,-5.1289,-8.0703,-0.4763,1.7578,-0.0019,0.0267
1635067778911,-5.4531,-7.6836,-0.4932,1.8145,0.0513,-0.0126
1635067778913,-5.9219,-7.6797,-0.6821,1.6709,0.0801,-0.0371
1635067778916,-6.1094,-7.7344,-0.5693,1.5088,0.0843,-0.0371
1635067778940,-5.9414,-7.8047,-0.3064,1.4424,0.0747,-0.0563
1635067778945,-5.7656,-7.9531,-0.2297,1.4619,0.0907,-0.0978
1635067778949,-5.8047,-8.1328,0.2825,1.4707,0.0854,-0.1276
1635067778972,-5.5508,-7.9023,0.4429,1.4355,0.0897,-0.1520
1635067778977,-5.1719,-7.7344,-0.0359,1.2344,0.1046,-0.1808
1635067778982,-5.2852,-7.3477,-0.3230,0.9385,0.1077,-0.2009
1635067778992,-5.0508,-7.1172,0.2202,0.9941,0.0694,-0.0743
1635067778998,-4.7773,-7.0430,0.8472,1.1416,0.0641,-0.0605
1635067779022,-5.0820,-7.3750,1.0430,1.1846,0.0598,-0.0786
1635067779027,-5.5508,-7.8047,1.1416,1.1572,0.0492,-0.0701
1635067779032,-5.6133,-7.8047,1.0557,1.0781,0.0152,-0.0850
1635067779042,-5.4609,-7.4805,1.0527,0.9980,-0.0104,-0.0861
1635067779047,-5.3711,-7.1953,1.3213,0.9023,-0.0019,-0.0978
1635067779072,-5.4844,-7.1992,1.6660,0.6875,0.0067,-0.1403
1635067779077,-5.6367,-7.6484,1.9004,0.3735,-0.0104,-0.1743
1635067779082,-5.7930,-8.1016,1.5244,0.0183,-0.0157,-0.2126
1635067779092,-6.0352,-8.8750,0.7852,-0.2881,-0.0125,-0.2615
1635067779097,-6.5742,-9.6875,0.2297,-0.5474,0.0035,-0.3542
1635067779122,-7.4688,-9.9688,0.1891,-0.7798,0.0215,-0.4988
1635067779127,-8.2188,-9.7969,0.5693,-1.0205,0.0343,-0.6763
1635067779131,-8.2656,-9.7344,1.0049,-1.2480,0.0130,-0.8491
1635067779142,-7.6914,-10.1406,1.1201,-1.3691,-0.0199,-0.9980
1635067779147,-6.8320,-10.6094,0.8882,-1.2832,-0.0476,-1.1211
1635067779172,-6.0703,-10.4922,0.7085,-1.0303,-0.0487,-1.2129
1635067779177,-5.6250,-10.0391,0.4189,-0.7881,-0.0093,-1.2598
1635067779182,-5.7148,-9.6328,0.2035,-0.7500,0.0588,-1.3467
1635067779192,-5.9336,-9.4375,-0.0862,-0.9795,0.1279,-1.4209
1635067779197,-5.8555,-9.1563,-0.2969,-1.3623,0.1938,-1.4941
1635067779222,-5.3984,-9.1172,-0.6177,-1.7480,0.2544,-1.5693
1635067779227,-4.5938,-9.1406,-1.2422,-1.9951,0.3323,-1.5918
1635067779232,-3.6973,-9.0859,-1.6348,-1.9795,0.4204,-1.5625
1635067779242,-2.8164,-8.7813,-1.7617,-1.7529,0.5151,-1.4717
1635067779247,-2.1055,-8.5234,-1.6826,-1.3955,0.6172,-1.3428
1635067779273,-1.5459,-8.0078,-1.9580,-1.0469,0.7686,-1.2109
1635067779277,-1.2969,-7.4180,-2.6992,-0.7124,0.9409,-1.0596
1635067779283,-1.0840,-7.2969,-3.2363,-0.4595,1.0439,-0.9019
1635067779293,-0.8091,-7.5234,-3.1816,-0.2285,1.1328,-0.7710
1635067779297,-0.7637,-7.6719,-2.6035,0.0620,1.2285,-0.6157
1635067779322,-0.8975,-7.6680,-1.6807,0.5132,1.2803,-0.4275
1635067779327,-0.7227,-7.3398,-1.1035,1.0322,1.2822,-0.2786
1635067779332,-0.4739,-6.6602,-0.6895,1.4121,1.2598,-0.1626
1635067779343,-0.4285,-6.4922,-0.1221,1.4053,1.1533,0.0257
1635067779348,-0.4285,-6.4922,-0.1221,1.4053,1.1533,0.0257
1635067779373,-0.5527,-5.1875,-0.8140,0.8735,1.1270,0.0331
1635067779377,-0.9072,-5.2227,-0.9839,0.6064,1.0879,0.0576
1635067779382,-1.3213,-4.7930,-0.3972,0.2661,1.0088,0.1235
1635067779393,-2.1660,-4.9844,0.7466,-0.0402,0.8970,0.2734
1635067779399,-3.2344,-7.1797,1.6152,-0.3381,0.7012,0.3428
1635067779423,-3.7363,-9.1172,2.3965,-0.7178,0.4172,0.2683
1635067779427,-3.8105,-9.2656,2.8965,-1.0146,0.1385,0.2500
1635067779430,-3.7480,-8.7891,3.0293,-1.1816,-0.1273,0.2747
1635067779442,-3.4434,-8.2500,2.5898,-1.3750,-0.3848,0.2192
1635067779445,-3.2461,-8.0703,1.7998,-1.6055,-0.5879,0.1768
1635067779471,-3.3867,-8.3203,0.7900,-1.8105,-0.7251,0.1522
1635067779475,-3.5781,-8.8672,0.0933,-1.9385,-0.8296,0.0927
1635067779478,-3.6191,-9.2813,0.3757,-1.9775,-0.9341,0.0480
1635067779502,-3.6328,-9.2656,0.9717,-1.9268,-1.0205,0.0406
1635067779505,-3.6953,-8.9922,1.0908,-1.8203,-1.0879,0.0363
1635067779508,-3.7715,-8.7500,0.8643,-1.6758,-1.1670,0.0384
1635067779533,-3.5781,-8.2891,0.1986,-1.4854,-1.2363,0.0597
1635067779538,-3.3145,-8.0156,-0.5791,-1.1553,-1.2676,0.1151
1635067779543,-3.0703,-8.2188,-1.0742,-0.6538,-1.2900,0.2108
1635067779553,-2.7188,-8.2578,-1.7207,-0.0317,-1.2900,0.3098
1635067779557,-2.6094,-8.0781,-1.4844,0.6567,-1.2539,0.4226
1635067779583,-2.7617,-8.1484,-0.8354,1.2861,-1.2246,0.5747
1635067779588,-3.0039,-7.9141,-0.3064,1.6494,-1.2031,0.7192
1635067779592,-3.2383,-7.3008,-0.3015,1.7090,-1.1543,0.8330
1635067779603,-3.5234,-7.1836,-0.4644,1.7285,-1.1670,0.9590
1635067779608,-3.6406,-8.2031,-0.3542,1.8975,-1.2314,1.1377
1635067779633,-3.7598,-9.6563,-0.6797,2.2598,-1.2441,1.2637
1635067779638,-4.0234,-10.9219,-1.0742,2.8340,-1.2256,1.3242
1635067779643,-4.0977,-11.0781,-1.7422,3.4395,-1.1631,1.3691
1635067779653,-3.7578,-10.0391,-2.4551,3.8965,-1.0000,1.3184
1635067779658,-3.3965,-8.7031,-2.4844,3.9902,-0.7979,1.2158
1635067779683,-3.5703,-7.7852,-2.0938,3.6328,-0.6030,1.1553
1635067779688,-4.2656,-7.6992,-1.4502,2.9316,-0.4465,1.0947
1635067779693,-5.0078,-8.2188,-0.8354,2.0078,-0.3359,1.0049
1635067779703,-5.5430,-9.3359,-0.7061,1.0596,-0.2477,0.8906
1635067779708,-5.7188,-10.7578,-0.5264,0.3098,-0.2103,0.7290
1635067779733,-5.4531,-11.4375,-0.5503,-0.0806,-0.1997,0.5947
1635067779738,-5.1445,-11.3594,-0.2751,-0.0742,-0.1913,0.5073
1635067779743,-4.8398,-10.7969,0.1604,0.1609,-0.1987,0.4321
1635067779753,-4.5273,-9.9766,-0.0191,0.4163,-0.1805,0.3662
1635067779758,-4.3320,-9.1719,-0.2632,0.6108,-0.1731,0.3086
1635067779783,-4.1094,-8.7578,-0.2632,0.7568,-0.1764,0.2532
1635067779788,-4.1563,-8.5469,0.0168,0.7822,-0.1550,0.1948
1635067779793,-4.4922,-8.5547,0.6724,0.7183,-0.1401,0.1427
1635067779803,-4.8008,-8.5781,1.1436,0.5430,-0.1199,0.1012
1635067779808,-4.9414,-8.4766,1.1748,0.3354,-0.0572,0.0576
1635067779834,-4.9258,-8.5234,1.0146,0.1907,-0.0008,0.0214
1635067779838,-4.7461,-8.5938,0.7729,0.1609,0.0460,0.0246
1635067779843,-4.6133,-8.6172,0.7876,0.2822,0.0981,0.0491
1635067779855,-4.6016,-8.5781,1.2178,0.5205,0.1173,0.0873
1635067779860,-4.6055,-8.2188,1.6729,0.7822,0.1396,0.1129
1635067779883,-4.7070,-7.7422,2.0391,0.9683,0.1620,0.1299
1635067779888,-4.7227,-7.2305,2.1582,0.9629,0.1907,0.1373
1635067779893,-4.7305,-6.7344,2.0195,0.8047,0.2312,0.1267
1635067779903,-4.8789,-6.7461,1.8906,0.6128,0.2588,0.1321
1635067779908,-5.1055,-7.1875,1.9268,0.4578,0.2544,0.1459
1635067779933,-5.3438,-7.7461,2.0117,0.4429,0.2493,0.1554
1635067779938,-5.5508,-8.3125,2.2324,0.5737,0.2344,0.1650
1635067779943,-5.6680,-8.3203,2.6016,0.8022,0.1949,0.1820
1635067779954,-5.6328,-7.9531,2.9824,1.1504,0.1482,0.2140
1635067779958,-5.4727,-7.4453,3.3398,1.4287,0.1183,0.2278
1635067779984,-5.3242,-6.4492,3.4570,1.4971,0.1088,0.2310
1635067779988,-5.2500,-5.5820,3.6523,1.3770,0.1067,0.2267
1635067779993,-5.5156,-5.6289,3.8242,0.9282,0.1056,0.2108
1635067780005,-5.8047,-6.6211,3.0996,0.3621,0.1056,0.1246
1635067780010,-5.6680,-7.7891,2.5723,0.0439,0.0758,0.0735
1635067780040,-5.5586,-8.4844,2.9609,0.0002,0.0662,0.0576
1635067780041,-5.4297,-8.3984,3.2148,0.0226,0.0779,0.0310
1635067780042,-5.5703,-8.1484,3.5117,0.0779,0.0779,0.0544
1635067780063,-5.7969,-8.1016,3.6797,0.1045,0.0482,0.0629
1635067780066,-5.8750,-7.8828,3.7441,0.0715,0.0088,0.0278
1635067780069,-6.0781,-8.0703,3.7070,-0.0104,-0.0391,0.0118
1635067780093,-6.1563,-8.3125,3.4727,-0.1466,-0.0795,-0.0424
1635067780096,-6.0586,-8.2813,3.1328,-0.3242,-0.0795,-0.1116
1635067780099,-5.7695,-7.8672,2.6348,-0.6074,-0.0593,-0.1658
1635067780124,-5.5156,-7.3203,2.0840,-0.9531,-0.0221,-0.2126
1635067780129,-5.2734,-7.0625,1.8623,-1.2539,0.0045,-0.2424
1635067780134,-5.2383,-7.3047,2.0293,-1.5254,0.0098,-0.2690
1635067780144,-5.2578,-7.8438,2.2539,-1.7354,0.0077,-0.2935
1635067780149,-5.1445,-8.2969,2.5059,-1.8057,-0.0051,-0.2944
1635067780174,-4.8320,-8.3438,2.5527,-1.7217,-0.0306,-0.2817
1635067780179,-4.5117,-8.0703,2.2402,-1.5752,-0.0487,-0.2668
1635067780183,-4.3516,-7.6602,1.9336,-1.4004,-0.0593,-0.2446
1635067780194,-4.3750,-7.5117,1.7832,-1.2217,-0.0817,-0.2137
1635067780199,-4.3711,-7.6484,1.6758,-1.1182,-0.1019,-0.2020
1635067780224,-4.2656,-7.8789,1.4004,-1.0225,-0.0870,-0.1775
1635067780229,-4.2461,-8.0938,1.2441,-0.8521,-0.0827,-0.1467
1635067780234,-4.1875,-8.0938,1.2949,-0.6006,-0.0880,-0.1094
1635067780244,-4.2109,-7.9023,1.3428,-0.3296,-0.0635,-0.0669
1635067780249,-4.3633,-7.8281,1.3613,-0.1168,-0.0402,-0.0350
1635067780274,-4.5391,-7.9258,1.4004,0.0279,-0.0231,-0.0041
1635067780279,-4.6914,-8.0234,1.2920,0.1790,-0.0019,0.0310
1635067780284,-4.7852,-7.8711,1.1035,0.3459,0.0290,0.0512
1635067780294,-4.8359,-7.7344,0.7705,0.4971,0.0854,0.0650
1635067780299,-4.9805,-8.0391,0.7349,0.6567,0.1279,0.1002
1635067780324,-5.1641,-8.2188,1.0430,1.1631,0.1226,0.1501
1635067780329,-5.2344,-8.0156,1.5410,1.1631,0.1226,0.1501
1635067780334,-5.3398,-6.8438,2.2910,1.4277,0.1279,0.1321
1635067780345,-5.4102,-7.1250,2.2285,1.2549,0.0768,0.1151
1635067780349,-5.4414,-7.3320,2.4453,1.0615,0.0279,0.0842
1635067780375,-5.5039,-7.6094,2.3516,1.0225,0.0077,0.0789
1635067780379,-5.6875,-8.0859,2.2500,1.0410,-0.0019,0.0661
1635067780383,-5.8281,-8.1563,2.3789,1.0713,-0.0263,0.0469
1635067780393,-5.6836,-7.9766,2.4453,1.1201,-0.0412,0.0246
1635067780396,-5.4844,-7.5117,2.5176,1.0654,-0.0242,-0.0190
1635067780423,-5.4453,-7.0352,2.6660,0.8760,0.0056,-0.0392
1635067780426,-5.5664,-6.8008,2.6563,0.6504,-0.0019,-0.0509
1635067780429,-5.4688,-6.9023,2.6211,0.4524,-0.0221,-0.0594
1635067780453,-5.4297,-7.0117,2.5488,0.3513,-0.0189,-0.0446
1635067780456,-5.6563,-7.3906,2.6895,0.3472,-0.0125,-0.0456
1635067780459,-6.1719,-7.7305,2.9727,0.2927,0.0056,-0.0775
1635067780484,-6.5547,-8.0156,3.1113,0.1492,-0.0316,-0.1084
1635067780487,-6.3242,-7.9883,3.1523,0.0449,-0.0901,-0.1116
1635067780490,-5.8164,-7.7695,3.1680,0.0524,-0.1093,-0.1233
1635067780514,-5.4844,-7.4531,3.1602,0.0630,-0.1061,-0.1616
1635067780519,-5.4297,-7.1836,3.2363,-0.0157,-0.1040,-0.1722
1635067780525,-5.4648,-7.1406,3.0723,-0.1636,-0.1050,-0.1808
1635067780535,-5.5508,-7.4102,2.7266,-0.3401,-0.0976,-0.1914
1635067780544,-5.5586,-7.6992,2.5723,-0.4849,-0.0891,-0.2074
1635067780555,-5.4336,-7.7383,2.5879,-0.5581,-0.0774,-0.2307
1635067780559,-5.3906,-7.6953,2.5352,-0.6021,-0.0604,-0.2551
1635067780588,-5.4609,-7.8672,2.6426,-0.6201,-0.0583,-0.2678
1635067780590,-5.5273,-8.2813,2.7227,-0.6274,-0.0635,-0.2744
1635067780592,-5.7852,-8.6563,2.6738,-0.6436,-0.0561,-0.3020
1635067780615,-6.1523,-9.1641,2.4023,-0.7168,-0.0274,-0.3584
1635067780633,-6.5469,-9.3828,1.8887,-0.9351,0.0332,-0.4797
1635067780652,-6.9414,-9.4453,1.4219,-1.2627,0.0939,-0.6338
1635067780657,-7.0664,-9.6328,1.0840,-1.6465,0.1322,-0.8008
1635067780672,-6.7227,-9.9453,0.8281,-1.9561,0.1534,-0.9595
1635067780681,-6.1133,-10.4609,0.6436,-2.0547,0.1694,-1.0645
1635067780695,-5.5859,-10.9844,0.6416,-1.8623,0.2109,-1.1309
1635067780701,-5.2852,-10.8906,0.8042,-1.4570,0.2524,-1.1553
1635067780717,-5.1367,-10.5938,0.6724,-1.0166,0.3044,-1.1475
1635067780741,-5.2305,-10.0703,0.6030,-0.7563,0.3652,-1.2080
1635067780746,-5.1211,-9.3906,0.6392,-0.6987,0.4099,-1.2803
1635067780751,-4.7539,-9.0313,0.6030,-0.7837,0.4397,-1.3359
1635067780769,-4.1289,-8.7813,0.4236,-0.8979,0.4866,-1.3848
1635067780776,-3.4199,-8.5000,0.0096,-0.9043,0.5596,-1.3945
1635067780782,-2.7617,-8.2656,-0.5957,-0.7656,0.6460,-1.3516
1635067780795,-2.1758,-8.3047,-1.2324,-0.5571,0.7559,-1.2705
1635067780802,-1.7734,-8.6250,-1.6152,-0.3711,0.8579,-1.1543
1635067780809,-1.5723,-8.4609,-1.6064,-0.1732,0.9590,-1.0381
1635067780820,-1.4482,-7.6797,-0.9839,0.0524,1.0703,-0.9341
1635067780831,-1.4141,-6.6523,0.0790,0.1226,1.1533,-0.8213
1635067780838,-1.5361,-5.8945,0.9980,-0.0296,1.2002,-0.7104
1635067780846,-1.6396,-6.0195,1.4883,-0.2434,1.1836,-0.6147
1635067780851,-1.4238,-6.9766,1.1270,-0.3284,1.1758,-0.5127
1635067780855,-1.0645,-8.0234,0.1412,-0.1498,1.2070,-0.4009
1635067780860,-0.8711,-8.3047,-0.6680,0.2854,1.2168,-0.2849
1635067780865,-0.7441,-7.6484,-0.6030,0.8408,1.1982,-0.1669
1635067780872,-0.6724,-6.4297,-0.0837,1.2441,1.2041,-0.0712
1635067780877,-0.7490,-4.9219,0.5288,1.2500,1.2188,-0.0105
1635067780888,-1.0771,-3.3398,1.2871,0.8555,1.1777,0.0863
1635067780893,-1.5918,-2.3555,2.1016,0.2024,1.0928,0.2512
1635067780906,-2.3770,-3.1426,2.5234,-0.4946,0.9502,0.3948
1635067780912,-3.0566,-5.7227,2.6719,-1.0664,0.7427,0.4492
1635067780938,-3.1641,-7.6758,2.7461,-1.4561,0.5215,0.4492
1635067780943,-3.1445,-9.0234,2.5996,-1.6064,0.3374,0.4226
1635067780948,-3.1445,-9.7969,2.5996,-1.7559,0.1343,0.3777
1635067780956,-3.2520,-9.7891,2.7305,-1.9629,-0.0784,0.3694
1635067780971,-3.4395,-9.3516,2.3379,-2.1992,-0.2498,0.3501
1635067780977,-3.7051,-9.1172,1.5801,-2.4883,-0.3977,0.2703
1635067780982,-3.7910,-9.2422,1.1875,-2.8008,-0.5771,0.1810
1635067781006,-3.5859,-9.3984,0.8042,-2.9961,-0.7285,0.1246
1635067781011,-3.3633,-9.7813,0.3662,-3.0410,-0.8223,0.0618
1635067781015,-3.0938,-10.0234,-0.2250,-2.9824,-0.9043,-0.0243
1635067781026,-2.7480,-9.7500,-0.8545,-2.8223,-0.9648,-0.1010
1635067781033,-2.5000,-9.2969,-1.3359,-2.5625,-1.0000,-0.1296
1635067781053,-2.3145,-9.1484,-1.6973,-2.2109,-1.0332,-0.1169
1635067781059,-2.0957,-9.1484,-1.7852,-1.7656,-1.0664,-0.0914
1635067781068,-1.9365,-9.2031,-1.4141,-1.2979,-1.0889,-0.0563
1635067781084,-1.9844,-8.7031,-0.8330,-0.9404,-1.0938,-0.0105
1635067781090,-2.2930,-8.0859,-1.0127,-0.6582,-1.0889,0.0682
1635067781094,-2.4746,-7.9609,-1.5723,-0.3093,-1.1221,0.1459
1635067781112,-2.4258,-8.2656,-2.0469,0.2407,-1.1592,0.2449
1635067781116,-2.3047,-8.9297,-2.0918,1.0293,-1.1855,0.3777
1635067781130,-2.2852,-9.2188,-2.1758,1.9141,-1.1826,0.4927
1635067781139,-2.4609,-9.2734,-2.3750,2.7793,-1.1484,0.6118
1635067781147,-2.6250,-9.0156,-2.4023,3.4277,-1.0752,0.7236
1635067781152,-2.7012,-8.1328,-2.6426,3.7109,-0.9478,0.7744
1635067781175,-2.8574,-7.1172,-2.5742,3.5801,-0.7871,0.8013
1635067781182,-3.1602,-6.3672,-2.2402,3.1113,-0.6211,0.8511
1635067781183,-3.6973,-6.8516,-1.8838,2.4258,-0.4817,0.9004
1635067781196,-4.3633,-7.8906,-1.2754,1.5645,-0.3955,0.8779
1635067781198,-4.9023,-8.8125,-0.6846,0.7969,-0.3562,0.8447
1635067781226,-5.2930,-9.8672,-0.3806,0.4302,-0.3699,0.8228
1635067781227,-5.5039,-10.7266,0.1938,0.4492,-0.4146,0.8013
1635067781229,-5.5195,-10.7031,0.5552,0.7632,-0.4348,0.7852
1635067781259,-5.3594,-9.7266,0.4524,1.2109,-0.4263,0.7832
1635067781260,-5.2109,-8.2188,0.1053,1.6035,-0.3892,0.7734
1635067781261,-5.1172,-7.3477,-0.4236,1.7813,-0.2859,0.7266
1635067781288,-5.2148,-7.8984,-0.4788,1.5283,-0.2168,0.6460
1635067781289,-5.4453,-8.4141,-0.0814,1.2490,-0.1593,0.5967
1635067781290,-5.6445,-8.8906,0.4331,1.0947,-0.1157,0.5957
1635067781319,-5.8867,-9.2344,0.7969,1.0830,-0.0731,0.5801
1635067781320,-6.1563,-9.1250,1.1172,1.1191,-0.0338,0.5405
1635067781321,-6.4102,-8.7578,1.3838,1.1543,-0.0061,0.5151
1635067781351,-6.5273,-8.4297,1.5342,1.1240,-0.0082,0.4980
1635067781352,-6.3750,-8.3438,1.2949,1.0557,-0.0008,0.4758
1635067781353,-6.2148,-8.2188,0.9741,0.9536,0.0396,0.4268
1635067781379,-6.2383,-7.9297,0.8569,0.8291,0.0928,0.3523
1635067781380,-6.2617,-7.7969,1.0127,0.6992,0.1152,0.2915
1635067781382,-6.0977,-8.0938,1.2207,0.5854,0.1492,0.2343
1635067781409,-6.0195,-8.0078,1.0908,0.4546,0.1886,0.1777
1635067781411,-5.8672,-8.2734,1.7041,0.3555,0.1715,0.1193
1635067781412,-5.8477,-7.8750,2.0156,0.3206,0.1482,0.0895
1635067781447,-5.7148,-8.0000,1.7852,0.2576,0.1268,0.0714
1635067781449,-5.5938,-8.1406,2.0059,0.2279,0.0886,0.0576
1635067781451,-5.4219,-8.0703,2.1133,0.1896,0.0652,0.0427
1635067781458,-5.4961,-7.7656,2.3652,0.1247,0.0343,0.0214
1635067781459,-5.5898,-7.5117,2.5137,0.0471,-0.0114,0.0097
1635067781486,-5.6016,-7.7070,2.3027,-0.0157,-0.0348,-0.0041
1635067781490,-5.5547,-7.6133,2.4863,-0.0349,-0.0540,-0.0020
1635067781494,-5.4297,-7.8828,2.2949,-0.0157,-0.0487,0.0033
1635067781518,-5.0625,-7.8203,1.6035,0.0779,-0.0082,-0.0446
1635067781519,-4.8750,-8.2109,1.0674,0.2428,0.0417,-0.0414
1635067781520,-4.8164,-7.9531,1.0078,0.4438,0.0854,-0.0148
1635067781549,-4.8711,-8.1016,1.0166,0.6470,0.1343,-0.0084
1635067781551,-5.0859,-7.9414,1.4619,0.7090,0.1588,-0.0073
1635067781553,-5.4102,-7.6875,2.0781,0.6362,0.1747,-0.0360
1635067781585,-5.5820,-7.6172,2.3906,0.4236,0.1683,-0.0679
1635067781586,-5.5508,-7.7539,2.2441,0.2045,0.1439,-0.0956
1635067781587,-5.4219,-7.8711,1.9316,0.0577,0.1226,-0.1010
1635067781606,-5.1719,-7.7344,1.6152,-0.0296,0.1099,-0.1063
1635067781611,-4.9727,-7.7578,1.4121,-0.1125,0.1130,-0.1148
1635067781615,-4.9883,-7.6445,1.6465,-0.2349,0.1003,-0.1084
1635067781637,-4.8516,-7.4258,1.7998,-0.3220,0.0843,-0.0828
1635067781641,-4.8711,-7.1367,1.8672,-0.3401,0.1013,-0.0563
1635067781645,-5.0156,-7.2266,2.2520,-0.3008,0.0684,-0.0339
1635067781659,-4.9766,-7.5781,2.3984,-0.2391,0.0258,0.0023
1635067781663,-4.9023,-7.8828,2.2168,-0.0625,0.0279,0.0108
1635067781692,-4.8477,-7.4766,2.0605,0.1523,0.0311,0.0150
1635067781695,-4.9648,-6.9297,2.0371,0.3535,0.0545,0.0267
1635067781700,-5.4453,-7.3359,2.4746,0.3928,0.0439,0.0193
1635067781713,-5.6250,-7.9336,2.5371,0.3608,0.0024,-0.0190
1635067781717,-5.2656,-8.2031,2.2930,0.4768,-0.0189,-0.0211
1635067781735,-4.8477,-7.5938,1.9434,0.6118,0.0226,-0.0360
1635067781742,-4.9922,-7.1172,1.7949,0.6650,0.0524,-0.0233
1635067781751,-5.8438,-7.5352,2.4766,0.5938,0.0173,0.0172
1635067781753,-6.2266,-7.7969,3.0078,0.4695,-0.0253,0.0257
1635067781795,-5.8750,-7.7383,3.1914,0.4141,-0.0465,-0.0041
1635067781801,-5.3320,-7.5000,2.6875,0.3928,-0.0423,-0.0478
1635067781808,-5.2188,-7.3633,2.3359,0.3237,-0.0338,-0.0797
1635067781815,-5.4766,-7.5391,2.3066,0.2971,-0.0412,-0.0871
1635067781819,-5.2617,-7.7891,2.4219,0.3982,-0.0668,-0.0584
1635067781822,-4.9961,-7.8164,2.5781,0.5874,-0.0614,-0.0392
1635067781839,-4.9023,-7.4336,2.7637,0.7695,-0.0433,-0.0233
1635067781840,-4.9727,-6.9141,2.8672,0.8120,-0.0199,-0.0073
1635067781855,-5.1055,-6.4258,2.9453,0.6704,-0.0168,-0.0009
1635067781856,-5.2188,-6.5156,3.1133,0.4302,-0.0402,0.0193
1635067781882,-5.3555,-7.1055,3.2598,0.1907,-0.0657,0.0129
1635067781887,-5.4492,-7.6563,3.2695,0.0343,-0.0784,0.0023
1635067781888,-5.3828,-7.7031,3.2383,-0.0306,-0.0784,0.0054
1635067781911,-5.2266,-7.4492,3.1191,-0.0359,-0.0774,0.0161
1635067781913,-5.1641,-7.1680,3.0820,-0.0391,-0.0838,0.0416
1635067781915,-5.1406,-7.0313,2.9980,-0.0859,-0.0976,0.0661
1635067781942,-5.3281,-7.1094,2.8047,-0.1327,-0.1157,0.0842
1635067781943,-5.3477,-7.2891,2.8125,-0.0753,-0.1390,0.1310
1635067781944,-5.4688,-7.7305,2.9238,-0.2083,-0.0955,0.1065
1635067781975,-7.4805,-7.6563,2.9180,-0.8638,-0.0019,-0.1223
1635067781976,-7.7930,-8.3203,2.3301,-1.3164,-0.1263,-0.1648
1635067781977,-6.7148,-9.0234,2.8477,-1.3701,-0.2583,-0.1626
1635067782003,-6.2227,-8.6719,2.9961,-1.2832,-0.2157,-0.2988
1635067782005,-6.4727,-8.2734,2.4980,-1.1738,-0.1848,-0.3882
1635067782007,-6.2852,-8.1641,2.2188,-1.0801,-0.2306,-0.4031
1635067782030,-5.5508,-8.3906,2.0469,-0.8882,-0.2678,-0.3958
1635067782031,-4.9102,-8.5703,2.0332,-0.5010,-0.2561,-0.3850
1635067782035,-4.4570,-8.1563,2.2441,-0.0008,-0.2274,-0.3467
1635067782061,-4.0156,-7.5547,2.3828,0.4365,-0.1764,-0.3020
1635067782062,-3.6797,-7.0664,2.2813,0.7036,-0.1359,-0.2489
1635067782063,-3.5352,-6.7188,2.2598,0.8120,-0.0955,-0.1509
1635067782093,-3.4277,-6.1914,2.2285,0.7334,-0.0455,-0.0478
1635067782094,-3.3477,-5.6523,2.1602,0.5078,-0.0029,0.0331
1635067782095,-3.3223,-5.4648,2.2207,0.2184,0.0215,0.1129
1635067782120,-3.5957,-5.7734,2.2813,-0.0317,0.0279,0.1820
1635067782122,-4.1289,-6.5000,2.5625,-0.1561,0.0045,0.2363
1635067782124,-4.6406,-7.3281,2.6055,-0.1870,-0.0316,0.2566
1635067782151,-5.1055,-8.0391,2.4941,-0.2019,-0.0668,0.2449
1635067782152,-5.1250,-8.4922,2.2520,-0.1615,-0.1136,0.2374
1635067782154,-4.9844,-8.8594,2.3223,-0.0317,-0.1465,0.2151
1635067782177,-5.0156,-8.7969,2.3379,0.1035,-0.1550,0.1852
1635067782182,-5.1484,-8.5156,2.1602,0.1960,-0.1487,0.1714
1635067782184,-5.1914,-8.2734,2.0215,0.2173,-0.1487,0.1576
1635067782207,-5.1055,-7.9141,1.9990,0.1438,-0.1508,0.1353
1635067782209,-5.1484,-7.7969,2.1523,-0.2413,-0.1604,0.0565
1635067782214,-5.1992,-7.3594,2.2012,-0.5244,-0.1647,0.0054
1635067782237,-5.2617,-7.5352,2.0273,-0.7305,-0.1731,-0.0169
1635067782242,-5.3555,-8.1875,1.8594,-0.8433,-0.1764,-0.0499
1635067782244,-5.2188,-8.6016,1.7832,-0.8486,-0.1945,-0.0839
1635067782268,-5.0352,-8.6953,1.8525,-0.7051,-0.1997,-0.1020
1635067782270,-4.9570,-8.6875,1.7686,-0.4912,-0.1785,-0.0956
1635067782272,-4.8984,-8.5703,1.8164,-0.2455,-0.1647,-0.0775
1635067782298,-4.7773,-8.3359,1.9121,0.0343,-0.1614,-0.0414
1635067782300,-4.7031,-8.0313,2.0605,0.3301,-0.1656,-0.0094
1635067782302,-4.7070,-7.7852,2.1543,0.6309,-0.2029,0.0257
1635067782328,-4.7539,-7.3516,2.5234,0.9258,-0.2539,0.0682
1635067782330,-4.8828,-7.3203,3.1094,1.2070,-0.2913,0.0938
1635067782332,-4.9141,-7.7070,3.3906,1.4121,-0.3284,0.0778
1635067782358,-4.8047,-8.2578,3.4941,1.5605,-0.3572,0.0448
1635067782360,-4.7109,-8.6563,3.3730,1.7070,-0.3667,0.0023
1635067782362,-4.5273,-8.5938,3.1289,1.8887,-0.3635,-0.0201
1635067782388,-4.0938,-8.1250,3.0566,2.0645,-0.3423,-0.0116
1635067782390,-3.6973,-7.2891,3.4043,2.2344,-0.3018,0.0001
1635067782392,-3.7051,-6.9297,3.7988,2.3926,-0.2634,0.0395
1635067782418,-4.1172,-7.2891,4.1602,2.5313,-0.2634,0.0544
1635067782420,-4.3828,-7.9141,4.2656,2.7520,-0.2688,0.0533
1635067782422,-4.2539,-7.8828,4.1094,3.0410,-0.2146,0.0587
1635067782448,-4.1875,-7.3906,3.9238,3.3301,-0.1221,0.0597
1635067782450,-4.1719,-7.1289,3.8203,3.4863,-0.0391,0.0576
1635067782452,-4.1094,-6.8203,3.7715,3.4844,0.0460,0.0576
1635067782479,-4.1250,-6.3164,3.7539,3.3594,0.1290,0.0629
1635067782481,-4.1563,-5.7813,4.2383,3.0527,0.2184,0.0491
1635067782482,-4.4297,-5.0859,4.7969,2.4258,0.2981,0.0214
1635067782507,-4.8047,-4.8047,5.3008,1.6426,0.3108,0.0150
1635067782512,-4.9102,-4.9766,5.4883,0.9150,0.2981,0.0182
1635067782513,-4.6719,-5.0938,5.2148,0.3843,0.3108,0.0172
1635067782541,-4.5078,-5.0469,5.0313,0.0906,0.3162,0.0512
1635067782542,-4.5820,-5.3281,4.8047,0.0279,0.3152,0.1214
1635067782543,-4.9414,-5.9258,4.9414,0.0886,0.2886,0.1661
1635067782572,-5.0000,-6.2813,5.0508,0.2311,0.2673,0.1959
1635067782573,-5.0820,-6.1836,5.3906,0.3586,0.2896,0.2108
1635067782575,-5.3984,-5.7930,5.7539,0.4302,0.2971,0.2203
1635067782603,-6.0352,-5.9766,6.2695,0.3184,0.2642,0.2086
1635067782605,-6.2070,-5.8945,5.6875,0.2013,0.2141,0.1991
1635067782607,-6.0156,-6.0391,5.6758,0.3269,0.1758,0.2544
1635067782639,-5.5195,-5.1563,5.4297,0.4185,0.2098,0.2491
1635067782641,-6.0703,-4.3164,5.9922,0.2693,0.2024,0.1917
1635067782642,-6.7109,-5.0430,5.9883,-0.1094,0.0971,0.1576
1635067782663,-6.4258,-6.0859,5.7031,-0.4380,0.0322,0.0820
1635067782665,-5.6641,-6.2383,5.2109,-0.4988,0.0524,0.0033
1635067782667,-5.8477,-6.0273,5.5313,-0.3508,0.1035,-0.0063
1635067782693,-6.8711,-6.6875,6.8945,-0.3284,0.0226,-0.0094
1635067782695,-6.3945,-6.8164,7.0547,-0.3499,-0.0455,-0.0967
1635067782697,-5.6563,-6.3008,6.3750,-0.2423,-0.0285,-0.1276
1635067782723,-5.1797,-5.4609,5.7188,-0.1423,-0.0093,-0.1223
1635067782725,-5.1367,-5.0234,5.5273,-0.1753,-0.0199,-0.1148
1635067782727,-4.8906,-5.0898,5.0195,-0.2211,-0.0551,-0.0956
1635067782754,-4.6289,-4.7227,4.9531,-0.2285,-0.0093,-0.0690
1635067782755,-5.4922,-5.3555,4.8086,-0.2593,0.0141,-0.0733
1635067782757,-5.6602,-6.0547,4.5508,-0.3083,-0.0019,-0.0956
1635067782784,-5.6367,-6.3633,4.9648,-0.2062,0.0215,-0.0850
1635067782785,-5.4531,-6.0625,5.7578,-0.0583,0.0375,-0.0861
1635067782787,-5.4648,-5.8320,6.3516,0.1598,0.0322,-0.0392
1635067782814,-5.3984,-5.1484,6.5195,0.1758,0.0630,-0.0169
1635067782815,-5.7734,-4.5117,5.9063,-0.1168,0.0556,-0.0403
1635067782817,-5.8750,-5.1289,5.4023,-0.4700,-0.0444,-0.0254
1635067782844,-5.7891,-5.8203,5.2148,-0.7061,-0.0870,-0.0201
1635067782845,-5.7852,-6.1523,5.2305,-0.8135,-0.0880,-0.0350
1635067782847,-5.7148,-6.0117,5.1445,-0.8540,-0.0795,-0.0286
1635067782874,-5.5938,-5.6133,5.2734,-0.8774,-0.0827,-0.0084
1635067782876,-5.5781,-5.6953,5.4688,-0.9189,-0.1050,0.0076
1635067782877,-5.4844,-5.9375,5.4844,-0.9741,-0.1210,0.0097
1635067782904,-5.2539,-6.0586,5.3125,-1.0039,-0.1189,-0.0020
1635067782906,-5.3984,-6.1992,5.0742,-1.0020,-0.1125,-0.0105
1635067782907,-5.7344,-6.2695,5.2422,-1.0244,-0.1157,0.0086
1635067782934,-6.1289,-6.3555,5.5938,-1.1367,-0.1348,-0.0116
1635067782936,-6.5469,-6.5273,5.3633,-1.3467,-0.1625,-0.0594
1635067782937,-6.6055,-6.7539,4.8086,-1.5293,-0.1859,-0.1020
1635067782964,-6.5391,-7.1289,4.5625,-1.6299,-0.2179,-0.1648
1635067782966,-6.5039,-7.5977,4.5859,-1.6211,-0.2466,-0.2223
1635067782967,-6.6484,-7.9648,4.3984,-1.5986,-0.2125,-0.2998
1635067782994,-7.4453,-8.5781,3.9980,-1.7168,-0.1870,-0.4478
1635067782996,-8.1328,-10.1016,4.1484,-1.8242,-0.2688,-0.6191
1635067782997,-8.1797,-10.6641,4.1797,-1.7793,-0.3125,-0.7861
1635067783025,-7.9258,-9.5313,3.7813,-1.7354,-0.2317,-0.9800
1635067783026,-7.7969,-8.8906,3.3984,-1.9609,-0.1870,-1.2061
1635067783028,-7.7109,-9.4688,3.1387,-2.4004,-0.2200,-1.4063
1635067783053,-6.8711,-9.7500,2.6465,-2.6484,-0.2136,-1.5117
1635067783055,-5.5703,-9.2500,1.7715,-2.5332,-0.1061,-1.5508
1635067783056,-4.7148,-8.6172,1.3232,-2.2832,0.0524,-1.5664
1635067783082,-4.4805,-8.1484,1.3613,-2.1309,0.1897,-1.5635
1635067783083,-4.2656,-7.8164,1.1533,-2.0430,0.2747,-1.5264
1635067783084,-4.0781,-8.0313,1.1348,-1.8936,0.3279,-1.4619
1635067783112,-4.1445,-8.4219,1.3809,-1.7627,0.3789,-1.4424
1635067783113,-4.2578,-8.0781,1.6943,-1.6729,0.4333,-1.4297
1635067783114,-4.0664,-7.4648,2.1426,-1.6328,0.4502,-1.3662
1635067783143,-3.4922,-7.2578,2.1875,-1.6797,0.4353,-1.3145
1635067783145,-2.7891,-7.4766,1.5654,-1.7285,0.4546,-1.2656
1635067783147,-2.2207,-7.7578,0.4260,-1.6338,0.5015,-1.1660
1635067783175,-1.6494,-7.8281,-0.6533,-1.3857,0.5830,-1.0098
1635067783176,-1.2832,-7.7070,-1.7998,-1.0615,0.7524,-0.8774
1635067783178,-1.3711,-7.4766,-1.6973,-0.7861,0.8940,-0.7646
1635067783205,-1.4551,-7.3711,-0.6558,-0.6436,0.9941,-0.6362
1635067783206,-1.2588,-7.6445,0.6392,-0.5039,1.1182,-0.4690
1635067783208,-0.8857,-7.4688,0.9648,-0.3499,1.1064,-0.3499
1635067783235,-0.7490,-7.7656,1.1084,-0.1891,1.0957,-0.1914
1635067783236,-0.5674,-8.3750,1.1055,-0.0274,1.0703,-0.1477
1635067783238,-0.5000,-8.8750,0.9263,0.2322,1.0361,-0.1467
1635067783265,-0.6152,-8.8750,0.9385,0.5791,1.0215,-0.0903
1635067783266,-0.6938,-8.2813,1.3115,0.9194,0.9951,-0.0499
1635067783268,-0.7588,-6.8711,1.6826,1.1240,0.9727,-0.0541
1635067783294,-1.1797,-4.9219,2.1680,1.0254,0.9219,-0.0020
1635067783296,-1.8311,-4.1836,2.4316,0.6567,0.7983,0.1246
1635067783298,-2.4316,-4.9375,2.7207,0.1077,0.6055,0.1661
1635067783325,-2.6406,-6.4922,2.5605,-0.3477,0.4045,0.1437
1635067783327,-2.4727,-7.9141,2.4336,-0.6177,0.2046,0.1788
1635067783328,-2.2656,-8.7422,2.4844,-0.7754,0.0407,0.2384
1635067783355,-2.1465,-8.8203,2.4961,-0.9297,-0.0753,0.2522
1635067783357,-2.3164,-8.5938,2.1582,-1.1377,-0.1753,0.2469
1635067783358,-2.7617,-8.8828,1.6973,-1.3828,-0.2837,0.2203
1635067783385,-3.0918,-9.8125,1.1777,-1.5967,-0.3987,0.1554
1635067783387,-3.0645,-10.5859,0.6772,-1.7012,-0.4956,0.0799
1635067783388,-2.8457,-11.1406,0.3303,-1.6611,-0.5210,0.0267
1635067783415,-2.6855,-11.1328,0.3997,-1.6533,-0.5176,-0.0243
1635067783417,-2.8750,-10.3594,2.0625,-1.7197,-0.5933,-0.0478
1635067783418,-3.0078,-9.0156,3.5449,-1.8799,-0.7305,0.0097
1635067783445,-2.9316,-8.1797,2.9707,-2.0215,-0.7612,0.0331
1635067783447,-2.9160,-7.8320,1.7500,-2.1484,-0.7402,-0.0679
1635067783448,-2.7266,-7.8984,0.4668,-2.0938,-0.7935,-0.0722
1635067783475,-2.4453,-8.6563,0.0431,-1.7832,-0.8838,0.0150
1635067783477,-2.1816,-8.9219,-0.1149,-1.2949,-0.9136,0.1129
1635067783478,-2.2598,-8.8672,-0.1149,-0.5552,-0.8604,0.2043
1635067783505,-2.6777,-8.5625,0.0837,0.1812,-0.7891,0.3086
1635067783507,-3.0020,-8.1250,-0.0191,0.7778,-0.7485,0.4087
1635067783509,-3.0371,-7.9688,-0.3469,1.2510,-0.7222,0.4990
1635067783535,-3.0449,-8.0156,-0.5601,1.7109,-0.7031,0.5854
1635067783537,-3.0430,-8.7031,-0.6245,2.3066,-0.6836,0.6904
1635067783539,-3.2559,-9.0547,-0.4189,2.8594,-0.6499,0.7798
1635067783565,-3.6738,-8.7188,0.4309,3.3184,-0.6201,0.8481
1635067783567,-4.0078,-8.0156,1.2803,3.6270,-0.5771,0.9458
1635067783569,-4.2461,-7.2500,1.3838,3.7363,-0.4817,1.0273
1635067783596,-4.1797,-7.0547,1.1631,3.7441,-0.3892,1.0107
1635067783597,-3.8633,-7.4531,1.0430,3.6582,-0.2966,0.9736
1635067783599,-3.9043,-8.3594,0.6558,3.6113,-0.1753,0.9536
1635067783624,-4.2578,-9.8438,0.6030,3.7051,-0.0848,0.8916
1635067783625,-4.5469,-10.9844,0.9863,3.9746,-0.0263,0.8472
1635067783627,-4.6211,-11.2500,1.5322,4.4805,0.0269,0.7886
1635067783653,-4.2969,-10.1641,2.4707,4.9102,0.1514,0.7212
1635067783655,-4.3398,-8.4844,3.1113,5.1094,0.3162,0.6597
1635067783656,-4.4688,-7.5820,3.6836,5.0117,0.4087,0.5776
1635067783683,-4.5078,-7.4141,4.1094,4.5625,0.4514,0.4724
1635067783684,-4.6289,-7.6563,4.1680,3.9707,0.4822,0.3713
1635067783685,-4.6563,-8.1641,4.1602,3.4590,0.4866,0.2874
1635067783715,-4.7305,-8.3594,4.1406,3.0996,0.4961,0.2172
1635067783717,-4.9336,-8.0391,4.5703,2.8867,0.4971,0.1820
1635067783719,-4.9531,-7.2227,5.0625,2.6836,0.4961,0.1799
1635067783746,-4.8516,-6.3633,5.4688,2.4063,0.5015,0.1810
1635067783747,-4.7813,-5.7422,5.4609,2.0605,0.4885,0.1906
1635067783749,-4.7813,-5.6523,5.6250,1.7373,0.4321,0.2097
1635067783776,-4.7891,-5.4883,6.1836,1.4014,0.3833,0.1831
1635067783777,-5.0000,-5.2891,6.7578,0.9780,0.3503,0.1501
1635067783779,-4.8516,-6.0234,5.9063,0.7705,0.2238,0.0852
1635067783806,-5.0703,-6.0039,6.2188,0.5430,0.2769,0.0724
1635067783807,-5.3359,-5.6445,6.2070,0.2534,0.2290,0.1725
1635067783809,-5.0273,-5.8984,5.8438,0.1577,0.1832,0.1459
1635067783836,-4.7852,-5.8516,5.8242,0.1609,0.1780,0.1693
1635067783837,-4.7188,-5.4336,5.8867,0.2301,0.1907,0.2151
1635067783839,-5.1211,-5.3867,6.0352,0.2693,0.1832,0.2532
1635067783866,-5.5820,-5.8555,6.3633,0.2778,0.1183,0.2788
1635067783868,-5.6953,-6.1445,6.5820,0.3130,0.0705,0.2864
1635067783870,-5.5391,-5.9219,6.7500,0.4141,0.0598,0.3054
1635067783896,-5.3984,-5.2930,6.8203,0.4800,0.0843,0.3171
1635067783898,-4.9883,-4.1289,6.1719,0.3171,0.1428,0.3054
1635067783900,-5.3008,-3.0371,5.5586,-0.1881,0.2056,0.2449
1635067783926,-6.2891,-4.6523,5.3672,-0.8604,0.0822,0.1810
1635067783928,-6.0156,-6.5625,5.2383,-1.3213,-0.0285,0.1182
1635067783930,-5.1992,-7.2070,5.4375,-1.3252,0.0417,0.0980
1635067783956,-5.0586,-6.3750,5.7188,-1.1719,0.1545,0.0693
1635067783958,-5.8242,-5.8633,6.1289,-1.1133,0.1523,0.0991
1635067783959,-6.1875,-6.1914,6.3594,-1.1602,0.0609,0.0873
1635067783986,-5.7461,-6.5977,6.3438,-1.1396,-0.0168,0.0416
1635067783988,-5.2188,-6.6875,5.9766,-0.9839,-0.0295,0.0406
1635067783990,-5.1602,-6.5117,5.5195,-0.7603,-0.0072,0.0533
1635067784017,-5.2305,-6.3750,5.2969,-0.5957,-0.0019,0.0395
1635067784018,-5.2852,-6.5117,5.1680,-0.5542,-0.0082,-0.0041
1635067784020,-5.1172,-6.8906,4.6992,-0.5317,-0.0040,-0.0392
1635067784047,-4.7461,-7.2031,4.2930,-0.3945,0.0322,-0.0424
1635067784048,-4.5117,-6.5703,4.3281,-0.1902,0.1120,-0.0424
1635067784050,-4.7656,-6.1641,4.6797,-0.0859,0.1663,-0.0403
1635067784072,-4.9766,-6.0117,4.6797,-0.1764,0.1801,-0.0563
1635067784081,-5.1641,-6.0703,4.8633,-0.2700,0.1588,-0.0446
1635067784083,-5.2461,-6.3203,5.2852,-0.3274,0.1248,-0.0605
1635067784106,-5.2617,-6.4492,5.4961,-0.3945,0.0917,-0.0658
1635067784108,-5.4414,-6.7813,5.2969,-0.4063,0.0673,-0.0573
1635067784110,-5.2461,-6.7852,5.0000,-0.1530,0.0311,-0.0371
1635067784137,-4.8242,-6.1289,4.7148,-0.0902,0.0450,-0.0180
1635067784139,-4.9766,-5.8672,4.4766,-0.1263,0.0513,-0.0169
1635067784140,-5.0078,-6.0625,4.8008,-0.2125,0.0524,-0.0243
1635067784198,-5.1055,-6.0898,4.6680,-0.2455,0.0311,-0.0350
1635067784201,-5.1875,-6.1445,4.7188,-0.2125,0.0417,-0.0233
1635067784203,-5.8125,-6.7383,4.9219,-0.2754,0.0567,-0.0563
1635067784204,-6.3008,-7.1016,4.8555,-0.4167,0.0269,-0.0743
1635067784205,-6.0820,-6.9922,4.8281,-0.4795,0.0067,-0.0541
1635067784213,-5.6523,-6.3945,4.8867,-0.4998,0.0237,-0.0722
1635067784214,-5.6172,-5.9688,4.9492,-0.5371,0.0152,-0.0818
1635067784215,-5.6523,-5.8594,5.0859,-0.6357,-0.0136,-0.0839
1635067784246,-5.8359,-6.1289,5.1797,-0.7637,-0.0487,-0.0956
1635067784250,-6.1836,-6.6914,5.3125,-0.8613,-0.1083,-0.1020
1635067784254,-6.6289,-7.2031,5.4844,-0.8774,-0.1625,-0.1073
1635067784264,-7.1602,-7.6445,5.5273,-0.8613,-0.2019,-0.1434
1635067784271,-7.5820,-7.7969,5.3477,-0.9019,-0.2360,-0.2223
1635067784294,-7.6602,-7.7031,4.9883,-1.0020,-0.2783,-0.3201
1635067784298,-7.3438,-7.6992,4.5820,-1.1084,-0.3274,-0.4287
1635067784303,-6.8555,-8.0547,4.3242,-1.1797,-0.3530,-0.5391
1635067784313,-6.5859,-8.3906,4.2617,-1.2373,-0.3530,-0.6455
1635067784316,-6.5234,-8.5781,4.3906,-1.3271,-0.3381,-0.7510
1635067784346,-6.5195,-8.7969,4.3164,-1.5234,-0.3093,-0.8477
1635067784354,-6.6602,-9.2891,4.1523,-1.7695,-0.2827,-0.9736
1635067784360,-6.5742,-9.7422,3.9414,-2.0078,-0.2656,-1.1133
1635067784370,-6.1406,-9.7891,3.5313,-2.1563,-0.2306,-1.2393
1635067784378,-5.4492,-9.4453,3.1660,-2.2188,-0.1667,-1.3516
1635067784386,-4.7695,-8.9531,2.6855,-2.2461,-0.0838,-1.4326
1635067784391,-4.3086,-8.7969,2.0742,-2.2617,0.0088,-1.4814
1635067784409,-3.8652,-8.6953,1.7188,-2.2832,0.0981,-1.5117
1635067784414,-3.4395,-8.5859,1.4434,-2.2617,0.2003,-1.5137
1635067784426,-3.0547,-8.6094,1.1748,-2.1973,0.2939,-1.5020
1635067784432,-2.6563,-8.5078,0.9121,-2.1270,0.3972,-1.4854
1635067784444,-2.2910,-8.4219,0.4260,-2.0098,0.5171,-1.4375
1635067784450,-1.8506,-8.1719,-0.2847,-1.7988,0.6460,-1.3564
1635067784463,-1.3877,-8.0156,-0.5313,-1.3877,0.7695,-1.2520
1635067784471,-0.9121,-7.7031,-0.4211,-0.9116,0.8833,-1.1396
1635067784487,-0.9692,-7.5547,0.3328,-0.4912,0.9854,-1.0195
1635067784494,-1.2012,-7.4023,0.7178,-0.1317,1.0469,-0.8906
1635067784508,-1.2207,-7.2773,1.1563,0.2109,1.0713,-0.7808
1635067784512,-1.1680,-7.1914,1.8525,0.5215,1.0742,-0.6943
1635067784526,-1.2617,-7.3203,2.1777,0.8057,1.0654,-0.5996
1635067784531,-1.5029,-7.0156,2.0078,1.0381,1.0361,-0.5127
1635067784544,-1.3691,-6.3164,1.5322,1.3184,1.0020,-0.4478
1635067784552,-1.1943,-5.6016,1.2441,1.4941,1.0137,-0.4307
1635067784567,-1.5361,-5.3555,1.4004,1.4385,1.0146,-0.4053
1635067784571,-2.0254,-5.4844,1.7354,1.1104,0.9492,-0.3413
1635067784587,-2.5156,-6.1523,2.0215,0.6206,0.8750,-0.2424
1635067784592,-3.2422,-6.9023,3.4629,0.0694,0.7598,-0.1520
1635067784606,-3.6758,-7.3047,5.1758,-0.4712,0.5576,-0.0275
1635067784610,-3.4590,-7.7852,5.7578,-0.8584,0.3906,0.0714
1635067784639,-3.3301,-8.3906,5.7891,-0.9395,0.2184,0.1108
1635067784644,-3.1816,-8.4922,4.9102,-0.8096,0.0375,0.1885
1635067784657,-3.0508,-7.4688,3.6934,-0.6255,-0.0657,0.2554
1635067784669,-3.3086,-7.1250,3.0195,-0.4509,-0.1444,0.2693
1635067784674,-3.6973,-7.9844,2.6348,-0.4861,-0.2317,0.1969
1635067784683,-3.9199,-8.7266,2.2168,-0.7212,-0.2751,0.1118
1635067784689,-4.0117,-8.7656,2.0840,-1.0410,-0.2583,0.1086
1635067784698,-4.0781,-8.3047,2.2852,-1.3984,-0.2656,0.1395
1635067784702,-3.8652,-8.0156,2.2637,-1.7705,-0.3242,0.1405
1635067784716,-3.6367,-8.2578,2.0313,-2.1094,-0.3945,0.1193
1635067784718,-3.4063,-8.7500,1.9697,-2.3320,-0.4924,0.1044
1635067784746,-3.0566,-9.0234,1.8096,-2.4414,-0.5913,0.1182
1635067784767,-2.8711,-8.9922,1.5361,-2.4863,-0.6436,0.1362
1635067784770,-2.8164,-8.8594,1.0908,-2.5215,-0.6914,0.1342
1635067784772,-2.6523,-8.8906,0.8140,-2.5488,-0.7744,0.1437
1635067784773,-2.3477,-8.8125,0.6460,-2.5566,-0.8394,0.1437
1635067784792,-2.0840,-8.6328,0.6533,-2.5215,-0.8828,0.1256
1635067784795,-1.9941,-8.5469,0.7637,-2.4648,-0.9277,0.1331
1635067784796,-1.9697,-8.5469,0.5552,-2.3770,-0.9648,0.1736
1635067784829,-1.9893,-8.5859,0.0383,-2.1523,-0.9966,0.2097
1635067784830,-1.9727,-8.6641,-0.5337,-1.7666,-1.0205,0.2532
1635067784831,-1.9912,-8.4609,-0.8330,-1.3076,-1.0420,0.3257
1635067784855,-2.0430,-8.3438,-1.2256,-0.8062,-1.0361,0.4065
1635067784856,-2.2832,-8.5078,-1.7354,-0.3115,-0.9849,0.4885
1635067784857,-2.7324,-9.0078,-1.8379,0.1938,-0.9307,0.5801
1635067784889,-3.2930,-9.5625,-1.2637,0.6694,-0.8945,0.6523
1635067784890,-3.9023,-9.7422,-0.5625,1.0732,-0.8560,0.6948
1635067784892,-4.5820,-9.3594,-0.1197,1.3945,-0.8179,0.7139
1635067784919,-5.1211,-8.4609,0.0479,1.6035,-0.8135,0.7354
1635067784920,-5.1367,-7.6719,-0.2656,1.7266,-0.8232,0.7598
1635067784922,-5.0000,-7.3711,-0.6436,1.7578,-0.8052,0.7642
1635067784949,-4.9063,-7.9727,-0.9741,1.7646,-0.7690,0.7515
1635067784950,-4.9023,-9.1094,-1.2705,1.7891,-0.7095,0.7085
1635067784952,-5.0469,-9.8828,-1.4355,1.8857,-0.6392,0.6631
1635067784979,-5.0898,-10.2109,-1.0771,2.1211,-0.5977,0.6396
1635067784981,-4.9453,-9.8516,-0.3447,2.3867,-0.5625,0.6299
1635067784982,-4.7422,-9.2891,0.3230,2.5820,-0.4934,0.6138
1635067785009,-4.8047,-9.0469,0.6748,2.6113,-0.4094,0.5864
1635067785011,-5.0703,-8.8438,0.8379,2.4531,-0.3359,0.5386
1635067785013,-5.1016,-8.3906,1.0000,2.2148,-0.2773,0.4949
1635067785039,-4.9102,-8.0703,0.8403,1.9561,-0.2146,0.4841
1635067785041,-4.6016,-7.9648,0.7373,1.7070,-0.1390,0.4512
1635067785042,-4.3789,-7.9023,0.7397,1.4951,-0.0583,0.4087
1635067785069,-4.3555,-8.0078,0.8281,1.3477,0.0141,0.3853
1635067785071,-4.4453,-8.3828,1.1152,1.2549,0.0715,0.3628
1635067785072,-4.5547,-8.8750,1.4746,1.2256,0.1088,0.3406
1635067785099,-4.5742,-9.2656,1.7324,1.3584,0.1523,0.3098
1635067785101,-4.6250,-8.6953,2.4668,1.4424,0.1566,0.2842
1635067785102,-4.5664,-7.9063,2.6270,1.4697,0.1588,0.2639
1635067785129,-4.4961,-7.4688,2.5684,1.4580,0.1514,0.2576
1635067785131,-4.4805,-7.4688,2.6621,1.4521,0.1279,0.2554
1635067785133,-4.3906,-7.4883,2.7227,1.4590,0.1120,0.2576
1635067785159,-4.3555,-7.4883,2.8984,1.4951,0.1046,0.2554
1635067785161,-4.4414,-7.5391,3.2051,1.5176,0.0992,0.2522
1635067785163,-4.6602,-7.5273,3.5254,1.4961,0.0992,0.2480
1635067785189,-4.8555,-7.5703,3.8008,1.3789,0.1067,0.2225
1635067785191,-4.9023,-7.4609,3.7441,1.1729,0.1365,0.1639
1635067785193,-4.8359,-7.4570,3.4395,0.9717,0.1609,0.1267
1635067785219,-4.8125,-7.7383,3.2910,0.8364,0.1556,0.1129
1635067785221,-4.7578,-7.9766,3.2090,0.7739,0.1460,0.1055
1635067785223,-4.8086,-7.9727,3.4531,0.7896,0.1449,0.1022
1635067785249,-4.8594,-7.8203,3.8633,0.8633,0.1322,0.1055
1635067785251,-4.8164,-7.2773,4.1758,0.8931,0.1205,0.1225
1635067785253,-4.7773,-6.6406,4.3828,0.8643,0.1216,0.1342
1635067785279,-4.7500,-6.3320,4.5195,0.6821,0.1130,0.1225
1635067785281,-4.8398,-6.4805,4.2930,0.3928,0.1056,0.1076
1635067785283,-4.9883,-6.8438,4.1094,0.1503,0.0897,0.0724
1635067785310,-5.0117,-7.3320,4.0547,0.0300,0.0535,0.0448
1635067785311,-4.9219,-7.8828,3.9902,0.0790,0.0343,0.0352
1635067785313,-4.7930,-7.7031,4.1055,0.2832,0.0184,0.0501
1635067785340,-4.8008,-7.2969,4.4336,0.5459,0.0279,0.0895
1635067785341,-5.0586,-7.1250,4.7109,0.7290,0.0407,0.1022
1635067785343,-5.1055,-6.9609,4.6602,0.8418,0.0311,0.1086
1635067785371,-4.9023,-6.6563,4.5078,0.9194,0.0524,0.1427
1635067785374,-4.8398,-6.3477,4.3789,0.9067,0.0928,0.1225
1635067785376,-5.0156,-6.1602,4.1992,0.7866,0.1130,0.0735
1635067785399,-5.2852,-6.5156,4.1719,0.6543,0.1067,0.0735
1635067785402,-5.3711,-7.0117,4.2656,0.5557,0.1067,0.0533
1635067785403,-5.3125,-7.0664,4.4492,0.5171,0.1257,0.0299
1635067785427,-5.2891,-6.9375,4.5508,0.5015,0.1545,0.0278
1635067785428,-5.4609,-6.8008,4.7031,0.4417,0.1503,0.0108
1635067785430,-5.5195,-6.6797,4.9219,0.3748,0.1205,0.0172
1635067785460,-5.4453,-6.4688,5.1445,0.3162,0.0971,0.0235
1635067785462,-5.3906,-6.3164,5.2070,0.2450,0.0673,0.0140
1635067785463,-5.3672,-6.3438,5.1211,0.1555,0.0205,0.0054
1635067785490,-5.1836,-6.4102,4.9219,0.0673,-0.0104,0.0065
1635067785492,-5.0000,-6.3867,4.7695,-0.0274,-0.0125,0.0033
1635067785494,-4.9023,-6.4883,4.6211,-0.1327,-0.0125,-0.0073
1635067785520,-4.9102,-6.4453,4.4727,-0.2445,0.0045,-0.0020
1635067785522,-5.0352,-6.2539,4.5820,-0.3550,0.0067,0.0086
1635067785524,-5.1992,-6.4180,4.7734,-0.4595,-0.0104,-0.0009
1635067785550,-5.2617,-6.8398,4.9102,-0.5391,-0.0274,-0.0094
1635067785552,-5.1367,-7.0273,4.7539,-0.5688,-0.0125,-0.0158
1635067785554,-5.1602,-7.2539,4.6094,-0.4934,-0.0104,-0.0126
1635067785580,-5.1016,-7.5625,4.7461,-0.2944,-0.0487,0.0076
1635067785582,-4.9414,-7.3398,4.8555,-0.0413,-0.0540,0.0172
1635067785584,-4.8398,-6.8516,4.7852,0.1321,-0.0306,0.0182
1635067785611,-4.8125,-6.4727,4.6328,0.1736,-0.0306,0.0161
1635067785612,-4.7852,-6.3359,4.4922,0.1151,-0.0359,0.0140
1635067785614,-4.6250,-6.2617,4.3047,-0.0168,-0.0253,0.0044
1635067785641,-4.7500,-6.3594,4.1641,-0.1807,-0.0125,-0.0094
1635067785642,-5.0352,-6.5977,4.3359,-0.3040,-0.0168,0.0012
1635067785644,-5.2148,-6.9531,4.5156,-0.3838,-0.0146,0.0001
1635067785671,-5.2969,-7.1602,4.5781,-0.4329,-0.0029,-0.0169
1635067785673,-5.3086,-7.1055,4.5742,-0.4551,0.0045,-0.0275
1635067785674,-5.2969,-6.9609,4.5039,-0.4583,0.0035,-0.0233
1635067785701,-5.1875,-6.8789,4.4609,-0.4636,-0.0051,-0.0233
1635067785703,-5.0625,-6.7070,4.4219,-0.5264,-0.0008,-0.0446
1635067785705,-5.0469,-6.6445,4.3789,-0.6753,0.0013,-0.0669
1635067785731,-5.0625,-6.7188,4.3125,-0.8979,-0.0019,-0.0775
1635067785733,-5.0625,-6.7539,4.2266,-1.1582,-0.0008,-0.0892
1635067785735,-5.0781,-6.7773,3.9629,-1.4414,0.0045,-0.1031
1635067785761,-5.0898,-6.7539,3.7793,-1.7197,0.0045,-0.1094
1635067785763,-5.0586,-6.8320,3.6699,-1.9180,-0.0189,-0.0956
1635067785765,-4.9961,-7.2305,3.5527,-1.9893,-0.0572,-0.0775
1635067785791,-4.9414,-7.4648,3.4941,-1.9521,-0.0848,-0.0712
1635067785793,-4.8711,-7.5000,3.4160,-1.8203,-0.1008,-0.0446
1635067785795,-4.8398,-7.6914,3.3203,-1.6709,-0.1083,-0.0254
1635067785821,-4.8164,-7.6758,3.1406,-1.5771,-0.1104,-0.0339
1635067785823,-4.7539,-7.5313,2.8848,-1.5205,-0.1050,-0.0392
1635067785825,-4.7188,-7.4961,2.6348,-1.4990,-0.0848,-0.0403
1635067785852,-4.7344,-7.5078,2.4609,-1.5146,-0.0604,-0.0424
1635067785853,-4.7344,-7.5469,2.3477,-1.5371,-0.0444,-0.0339
1635067785855,-4.7344,-7.7031,2.2090,-1.5371,-0.0359,-0.0158
1635067785882,-4.7539,-7.8359,2.1738,-1.4990,-0.0306,-0.0052
1635067785883,-4.7578,-7.8594,2.1445,-1.4072,-0.0295,0.0033
1635067785885,-4.8750,-7.9648,2.1113,-1.2686,-0.0274,0.0161
1635067785914,-5.0078,-8.0156,1.9580,-1.1318,-0.0231,0.0331
1635067785916,-5.0313,-7.9102,1.7402,-0.9741,-0.0274,0.0427
1635067785918,-5.0156,-7.9766,1.7236,-0.7925,-0.0391,0.0437
1635067785943,-4.9961,-8.1484,1.6611,-0.6201,-0.0518,0.0427
1635067785945,-5.0000,-8.2188,1.6943,-0.4275,-0.0487,0.0469
1635067785947,-5.0938,-8.1875,1.9463,-0.1998,-0.0508,0.0608
1635067785970,-5.0820,-8.1328,1.9551,0.1704,-0.0583,0.0757
1635067785971,-4.9883,-7.3320,1.7090,0.2354,-0.0316,0.0820
1635067785972,-5.1055,-7.2031,1.6660,0.1620,-0.0029,0.0491
1635067786001,-5.3789,-7.6875,1.7109,-0.0349,0.0024,0.0108
1635067786002,-5.3672,-8.1250,1.5488,-0.1902,-0.0104,0.0129
1635067786003,-5.3203,-8.5391,1.4141,-0.1030,0.0056,0.0214
1635067786033,-5.2734,-8.6406,1.4482,0.0970,0.0269,-0.0031
1635067786034,-5.3242,-8.3047,1.6943,0.3013,0.0386,-0.0158
1635067786036,-5.3477,-8.1641,1.8291,0.5044,0.0439,-0.0063
1635067786062,-5.2383,-8.3047,1.7500,0.6895,0.0450,-0.0148
1635067786064,-5.0586,-8.2266,1.5801,0.8960,0.0524,-0.0126
1635067786066,-4.9883,-8.0391,1.5674,1.1289,0.0726,-0.0009
1635067786092,-4.8320,-7.3164,1.7324,1.2080,0.1130,-0.0243
1635067786094,-4.7617,-6.5898,1.7500,1.0908,0.1577,-0.0499
1635067786096,-4.9766,-6.5586,2.0586,0.8120,0.1566,-0.0541
1635067786123,-5.1328,-6.9414,2.3008,0.5884,0.1099,-0.0403
1635067786124,-5.0586,-7.5000,2.5938,0.5596,0.0662,-0.0201
1635067786126,-4.9648,-7.9219,2.6777,0.6440,0.0535,-0.0148
1635067786153,-5.0313,-8.1406,2.6445,0.7427,0.0503,-0.0233
1635067786154,-5.0234,-8.0234,2.5449,0.7686,0.0450,-0.0190
1635067786156,-4.9141,-7.8711,2.5254,0.7109,0.0311,-0.0094
1635067786180,-4.8047,-7.7148,2.6758,0.6191,0.0162,-0.0009
1635067786181,-4.8047,-7.5625,2.9121,0.4949,0.0173,0.0044
1635067786182,-4.8750,-7.1445,2.9277,0.2683,0.0417,0.0012
1635067786210,-5.0117,-6.9180,2.7695,-0.0285,0.0652,-0.0148
1635067786211,-5.1016,-6.9883,2.6797,-0.3157,0.0630,-0.0350
1635067786212,-5.0469,-7.2227,2.5527,-0.5527,0.0513,-0.0318
1635067786240,-5.0352,-7.5469,2.5938,-0.7041,0.0386,-0.0339
1635067786241,-4.9727,-7.7773,2.5527,-0.7549,0.0237,-0.0297
1635067786242,-4.8398,-8.0156,2.4570,-0.7095,0.0226,-0.0211
1635067786276,-4.7344,-8.0313,2.3594,-0.6157,0.0130,-0.0169
1635067786278,-4.7852,-8.1406,2.5254,-0.4265,-0.0189,0.0118
1635067786279,-4.8281,-8.2891,2.6660,-0.1689,-0.0497,0.0342
1635067786305,-4.8516,-8.0313,2.9102,0.0768,-0.0604,0.0320
1635067786307,-4.8438,-7.4961,2.8809,0.2258,-0.0529,0.0374
1635067786309,-4.8164,-7.3203,2.6621,0.2534,-0.0423,0.0320
1635067786332,-4.8242,-7.3398,2.3809,0.1694,-0.0316,0.0235
1635067786339,-4.9336,-7.5508,2.4336,0.0651,-0.0199,0.0278
1635067786345,-4.9141,-7.5625,2.3027,-0.0125,0.0024,0.0267
1635067786353,-4.8633,-7.6289,2.2930,-0.0072,0.0290,0.0406
1635067786359,-4.8828,-7.6367,2.4336,0.0236,0.0375,0.0480
1635067786371,-4.9414,-7.5820,2.4824,0.0417,0.0460,0.0427
1635067786377,-5.0078,-7.5938,2.3965,0.0513,0.0428,0.0395
1635067786391,-5.1406,-7.9844,2.3398,0.0822,0.0247,0.0395
1635067786397,-5.3555,-8.3672,2.4297,0.1035,0.0045,0.0246
1635067786411,-5.3906,-8.3828,2.5234,0.1555,-0.0136,0.0108
1635067786417,-5.3125,-8.2422,2.4219,0.2322,-0.0082,0.0033
1635067786431,-5.2227,-8.0703,2.5352,0.2927,-0.0168,-0.0180
1635067786437,-5.1055,-7.8398,2.6270,0.3301,-0.0274,-0.0275
1635067786451,-4.9883,-7.6563,2.6406,0.3333,-0.0263,-0.0318
1635067786457,-4.8398,-7.4883,2.6328,0.2927,-0.0199,-0.0328
1635067786471,-4.7344,-7.3359,2.5898,0.1907,-0.0008,-0.0478
1635067786477,-4.7617,-7.1719,2.5664,0.0545,0.0077,-0.0509
1635067786491,-4.8086,-7.2422,2.4121,-0.0540,0.0194,-0.0254
1635067786497,-4.9141,-7.3320,2.3496,-0.1168,0.0332,-0.0265
1635067786511,-4.8906,-7.4492,2.2012,-0.0870,0.0450,-0.0094
1635067786522,-4.9570,-7.5977,2.2852,0.0353,0.0620,0.0203
1635067786531,-4.9727,-7.6875,2.3770,0.1555,0.0705,0.0214
1635067786538,-5.0547,-7.6680,2.5273,0.2556,0.0652,0.0161
1635067786551,-5.0430,-7.6680,2.7734,0.3748,0.0364,0.0406
1635067786558,-4.8867,-7.5625,2.8555,0.4619,0.0269,0.0437
1635067786571,-4.9336,-7.2695,2.9590,0.4429,0.0247,0.0320
1635067786576,-4.9492,-7.2500,3.0977,0.3364,0.0045,0.0246
1635067786590,-4.9453,-7.3320,3.0547,0.1385,-0.0019,0.0012
1635067786595,-5.1172,-7.3516,2.7461,-0.0699,0.0077,-0.0020
1635067786620,-5.3672,-7.4336,2.6836,-0.1625,-0.0040,0.0214
1635067786650,-5.6523,-7.6445,2.9219,-0.1636,-0.0274,0.0289
1635067786655,-5.8867,-7.9453,2.7227,-0.1498,-0.0391,0.0033
1635067786661,-5.8398,-8.2031,2.4844,-0.0764,-0.0423,-0.0063
1635067786669,-5.5781,-8.2344,2.4004,0.0481,-0.0423,-0.0063
1635067786686,-5.4414,-8.0156,2.3047,0.1460,-0.0199,-0.0371
1635067786716,-5.7266,-7.7500,2.4512,0.1289,0.0130,-0.0892
1635067786722,-6.3750,-8.1172,2.6973,-0.0338,0.0162,-0.1711
1635067786735,-6.9648,-8.8438,2.8633,-0.2935,-0.0093,-0.2913
1635067786748,-7.2656,-9.3906,3.1211,-0.5273,-0.0529,-0.4041
1635067786761,-7.1523,-9.6094,3.1035,-0.6582,-0.1029,-0.5083
1635067786765,-6.7148,-9.3672,2.8203,-0.7412,-0.1115,-0.6040
1635067786784,-6.4258,-9.1328,2.5156,-0.8252,-0.1093,-0.6841
1635067786799,-6.3555,-8.9453,2.2227,-0.9819,-0.1083,-0.7563
1635067786831,-6.3828,-8.9922,2.1133,-1.1689,-0.0997,-0.8491
1635067786864,-6.3633,-9.3281,2.0703,-1.4043,-0.0891,-0.9722
1635067786897,-6.3164,-9.5313,1.8770,-1.7031,-0.0497,-1.0947
1635067786916,-6.1133,-9.5391,1.7686,-2.0020,-0.0093,-1.2119
1635067786946,-5.6992,-9.3672,1.5195,-2.2461,0.0215,-1.3008
1635067786980,-5.1250,-9.1563,1.3613,-2.3535,0.0652,-1.3418
1635067786985,-4.5625,-8.9063,1.1387,-2.3594,0.1290,-1.3535
1635067786998,-4.1484,-8.7969,0.8447,-2.3066,0.1897,-1.3457
1635067787015,-3.8418,-8.7344,0.5479,-2.2207,0.2407,-1.3057
1635067787020,-3.4922,-8.4219,0.1724,-2.1270,0.3003,-1.2275
1635067787024,-2.9219,-7.7461,-0.7349,-2.0156,0.4067,-1.1641
1635067787029,-2.3965,-7.2891,-2.0957,-1.8350,0.5737,-1.1230
1635067787033,-2.0176,-7.7109,-3.1172,-1.5459,0.7173,-1.0508
1635067787038,-1.7158,-8.6484,-3.5449,-1.1035,0.8545,-0.9575
1635067787042,-1.6416,-9.3672,-3.2871,-0.5156,0.9834,-0.8457
1635067787047,-1.5986,-9.3203,-2.3887,0.1609,1.1006,-0.7148
1635067787051,-1.5361,-8.2813,-1.3311,0.7578,1.2109,-0.5869
1635067787064,-1.4980,-6.9688,-0.0144,1.4082,1.2344,-0.3828
1635067787083,-1.3477,-6.4219,0.6509,1.4844,1.2275,-0.2925
1635067787088,-1.4434,-6.8945,0.4429,1.5430,1.1875,-0.2115
1635067787092,-1.4580,-7.5859,0.1125,1.6318,1.1504,-0.0871
1635067787097,-1.6543,-8.0859,0.1699,1.7676,1.1182,0.0214
1635067787132,-1.7930,-7.6602,1.0840,1.8975,1.0371,0.1012
1635067787148,-1.9268,-6.4570,2.2969,1.9727,0.9683,0.1895
1635067787156,-2.1348,-4.8672,2.9316,1.8643,0.8896,0.2766
1635067787162,-2.2520,-3.8555,3.0566,1.5830,0.7788,0.3225
1635067787167,-2.4941,-4.3828,3.2734,1.1025,0.6631,0.3130
1635067787178,-2.8105,-5.3047,2.8418,0.3811,0.5747,0.2820
1635067787197,-3.4512,-6.8398,2.4316,-0.2954,0.4780,0.2734
1635067787201,-3.9297,-8.0078,2.3438,-0.8423,0.3608,0.2778
1635067787213,-4.2695,-8.7891,2.4219,-1.1836,0.2534,0.3098
1635067787244,-4.4805,-9.4453,2.7266,-1.3740,0.1406,0.2927
1635067787277,-4.5000,-9.5000,2.8574,-1.5361,0.0226,0.2384
1635067787282,-4.5977,-9.6563,2.8105,-1.7256,-0.1093,0.1927
1635067787289,-4.4570,-9.4766,2.4766,-1.9922,-0.2583,0.1288
1635067787293,-4.2109,-9.0547,1.9365,-2.2754,-0.3711,0.0767
1635067787312,-4.0586,-9.0000,1.3525,-2.5469,-0.4626,0.0310
1635067787317,-4.0117,-9.5313,1.0361,-2.8145,-0.5605,-0.0371
1635067787321,-3.8242,-9.8828,0.9336,-3.0156,-0.6572,-0.1020
1635067787325,-3.6836,-9.8906,0.9551,-3.0547,-0.7295,-0.1403
1635067787345,-3.5840,-9.7266,0.8643,-2.9609,-0.8008,-0.1616
1635067787362,-3.3457,-9.5469,0.5840,-2.7676,-0.8711,-0.1754
1635067787378,-3.1094,-9.3750,0.1938,-2.4941,-0.9434,-0.1829
1635067787392,-2.8496,-9.0547,-0.4595,-2.0781,-1.0117,-0.1711
1635067787411,-2.6230,-8.8047,-1.0098,-1.5020,-1.0479,-0.1499
1635067787431,-2.5293,-9.0547,-1.1035,-0.8306,-1.0635,-0.1276
1635067787436,-2.6855,-9.3047,-1.0479,-0.2008,-1.0615,-0.0924
1635067787441,-2.9336,-9.4766,-0.9165,0.4290,-1.0771,-0.0180
1635067787446,-3.1289,-9.6094,-0.4355,1.0576,-1.0918,0.0501
1635067787450,-3.2480,-9.0234,0.2130,1.5547,-1.1113,0.1395
1635067787455,-3.2148,-8.3672,0.3208,2.0078,-1.1475,0.2820
1635067787460,-3.0879,-8.1875,-0.0694,2.3574,-1.1621,0.3884
1635067787465,-3.0273,-8.1484,-0.6152,2.5781,-1.1211,0.4543
1635067787469,-2.9590,-8.3203,-1.4795,2.7852,-1.0605,0.5532
1635067787474,-2.8203,-8.3047,-2.3047,2.9805,-0.9731,0.6382
1635067787479,-2.7520,-8.0391,-2.2480,3.1484,-0.8540,0.6777
1635067787484,-2.8633,-7.5117,-1.7021,3.2617,-0.7358,0.7139
1635067787488,-2.9941,-7.2500,-0.9214,3.3145,-0.6255,0.7651
1635067787493,-3.3438,-7.6172,-0.1699,3.2324,-0.5264,0.8057
1635067787498,-3.7793,-8.2891,0.3638,3.0039,-0.4253,0.7969
1635067787502,-4.1875,-9.0781,0.5146,2.7129,-0.3391,0.7563
1635067787507,-4.4375,-9.7031,0.6055,2.3926,-0.2773,0.7056
1635067787512,-4.5547,-9.8047,0.7588,2.0508,-0.2083,0.6470
1635067787517,-4.5313,-9.4531,0.9189,1.6934,-0.1412,0.5991
1635067787521,-4.4414,-9.0391,0.8306,1.3096,-0.0699,0.5649
1635067787527,-4.2852,-8.4453,0.6270,0.9185,0.0035,0.5254
1635067787532,-4.1953,-7.8438,0.6343,0.6245,0.0471,0.5020
1635067787537,-4.1836,-7.6641,0.8662,0.4119,0.0641,0.4907
1635067787542,-4.3906,-7.9570,1.1777,0.2109,0.0801,0.4683
1635067787547,-4.7461,-8.3125,1.4268,0.0406,0.0939,0.4331
1635067787552,-4.9961,-8.7578,1.6709,-0.0413,0.0971,0.3884
1635067787556,-5.1953,-9.0625,1.9033,-0.0381,0.0971,0.3396
1635067787561,-5.2539,-8.9609,1.9580,0.0577,0.1088,0.3000
1635067787566,-5.2031,-8.6719,2.0371,0.2290,0.1109,0.2896
1635067787570,-5.1680,-8.3672,2.2637,0.4268,0.0950,0.2896
1635067787575,-4.9727,-7.8906,2.2383,0.6299,0.0928,0.2883
1635067787580,-4.8789,-7.3711,2.1543,0.7930,0.1183,0.3013
1635067787585,-5.0313,-7.2266,2.2598,0.8823,0.1248,0.3044
1635067787590,-5.3125,-7.5117,2.4766,0.8174,0.1183,0.2747
1635067787595,-5.5898,-7.6094,2.7539,0.5928,0.1279,0.2172
1635067787615,-5.6836,-7.5938,2.9219,0.3386,0.1396,0.1682
1635067787616,-5.6133,-7.7773,2.9492,0.1311,0.1460,0.1235
1635067787617,-5.4336,-8.0156,2.8027,0.0204,0.1439,0.0938
1635067787618,-5.2813,-8.2266,2.7480,0.0406,0.1417,0.0938
1635067787619,-5.1875,-8.1875,2.9277,0.1949,0.1237,0.1033
1635067787620,-5.0039,-7.8633,2.9941,0.4609,0.1162,0.1288
1635067787622,-4.8984,-7.5664,3.1758,0.7324,0.1205,0.1544
1635067787626,-4.9531,-7.4336,3.4375,0.9131,0.1152,0.1608
1635067787631,-4.9961,-7.3164,3.5215,0.9790,0.1152,0.1639
1635067787636,-5.0000,-7.0820,3.5215,0.9292,0.1257,0.1576
1635067787660,-5.0000,-6.9570,3.4590,0.8218,0.1290,0.1479
1635067787664,-4.9453,-6.8594,3.3125,0.6948,0.1417,0.1416
1635067787668,-5.0156,-6.9805,3.2031,0.5894,0.1609,0.1395
1635067787680,-5.1836,-7.3750,3.3262,0.5376,0.1439,0.1459
1635067787684,-5.1953,-7.4961,3.5762,0.5566,0.1183,0.1554
1635067787710,-5.0586,-7.3711,3.5488,0.6460,0.1162,0.1693
1635067787714,-5.0859,-7.1602,3.7773,0.7471,0.1152,0.1608
1635067787718,-5.4219,-7.4414,4.3516,0.7407,0.0779,0.1321
1635067787730,-5.5352,-7.7969,4.4570,0.6118,0.0354,0.0916
1635067787735,-5.4688,-7.8945,4.5000,0.5610,0.0109,0.0671
1635067787762,-5.4727,-8.0234,4.4648,0.5747,0.0088,0.0289
1635067787768,-5.5391,-7.9258,4.1289,0.6343,-0.0114,-0.0073
1635067787774,-5.3242,-7.7070,3.8398,0.7505,-0.0189,0.0065
1635067787782,-5.0078,-7.2148,4.0703,0.7876,-0.0082,0.0033
1635067787788,-4.9258,-6.4414,4.3086,0.6504,0.0194,-0.0350
1635067787801,-5.2305,-6.1719,3.7324,0.3789,0.0545,-0.0754
1635067787805,-5.5117,-6.8984,3.6543,0.1790,0.0152,-0.0690
1635067787831,-5.7031,-7.6875,3.7598,0.1162,-0.0199,-0.0914
1635067787835,-5.9492,-8.0391,3.8926,0.0917,-0.0008,-0.1552
1635067787840,-6.5352,-8.3906,4.0742,-0.0051,0.0194,-0.2307
1635067787851,-6.9609,-8.7188,4.2695,-0.2019,-0.0146,-0.3030
1635067787856,-6.9102,-8.4609,4.2891,-0.4104,-0.0508,-0.3499
1635067787882,-6.5859,-8.0859,4.3633,-0.5669,-0.0933,-0.4158
1635067787888,-6.1914,-7.9063,4.3633,-0.7637,-0.1327,-0.5117
1635067787894,-5.9375,-7.8984,4.0508,-0.9604,-0.1656,-0.5903
1635067787902,-5.6133,-8.0859,3.7461,-1.0684,-0.1945,-0.6274
1635067787908,-5.4961,-8.4453,3.3574,-1.1201,-0.2062,-0.6626
1635067787921,-5.5742,-8.4531,3.0664,-1.1670,-0.1859,-0.7104
1635067787925,-5.9414,-8.3125,3.1289,-1.2617,-0.1647,-0.7861
1635067787951,-6.3594,-8.3281,3.2793,-1.9502,-0.1168,-0.9956
1635067787956,-6.4922,-8.5234,3.0801,-1.9502,-0.1168,-0.9956
1635067787960,-5.8750,-9.7109,1.9414,-2.5488,-0.0742,-1.2373
1635067787971,-5.2305,-10.0703,1.5967,-2.5098,-0.0295,-1.2939
1635067787976,-4.6992,-9.8828,1.6582,-2.2988,0.0354,-1.3115
1635067788002,-4.4844,-9.2109,1.9580,-2.1191,0.1237,-1.3115
1635067788008,-4.4805,-8.2969,2.1914,-2.1563,0.2046,-1.3105
1635067788016,-4.4766,-7.7734,1.9414,-2.4414,0.2642,-1.3018
1635067788024,-4.2070,-7.5820,1.1650,-2.8340,0.3237,-1.3301
1635067788030,-3.5391,-7.5430,0.1029,-3.0742,0.4055,-1.3359
1635067788041,-2.7891,-7.8828,-1.0264,-2.9922,0.5171,-1.2900
1635067788046,-2.2949,-8.4297,-1.7949,-2.6172,0.6362,-1.2119
1635067788071,-1.9580,-8.9922,-1.7637,-1.9922,0.7334,-1.0811
1635067788076,-1.7686,-9.3281,-1.2852,-1.2217,0.8291,-0.9214
1635067788080,-1.7158,-9.1016,-0.5674,-0.4265,0.9175,-0.7798
1635067788092,-1.7422,-8.2500,0.5386,0.2832,0.9556,-0.6455
1635067788097,-1.7021,-7.3438,1.3711,0.7363,0.9473,-0.5220
1635067788122,-1.6201,-6.8906,1.5176,0.8735,0.9141,-0.4648
1635067788129,-1.4912,-6.8555,1.3477,0.8218,0.8579,-0.4158
1635067788135,-1.1826,-6.9961,0.9360,0.7651,0.8184,-0.3254
1635067788143,-0.9263,-7.2148,0.5049,0.7822,0.7856,-0.2158
1635067788149,-0.7251,-7.5117,0.4812,0.8760,0.7334,-0.1243
1635067788162,-0.5601,-7.1055,0.2991,0.9897,0.7300,-0.0243
1635067788166,-0.7085,-6.6445,0.2369,1.1309,0.7622,0.0810
1635067788192,-0.9766,-5.8438,0.5576,1.1572,0.7598,0.1479
1635067788196,-1.2637,-4.5078,1.3906,1.0156,0.7109,0.2343
1635067788200,-1.8506,-3.8730,2.4844,0.6792,0.6299,0.3501
1635067788212,-2.5977,-4.6367,3.1680,0.1503,0.5044,0.4011
1635067788217,-3.1387,-6.1797,3.2773,-0.4775,0.3342,0.3960
1635067788243,-3.4180,-7.6953,3.0371,-1.0303,0.1609,0.4011
1635067788249,-3.5801,-9.0469,2.5879,-1.4180,0.0024,0.4077
1635067788255,-3.7168,-9.8672,2.1660,-1.6826,-0.1444,0.3735
1635067788263,-3.7031,-9.9219,1.8047,-1.8555,-0.2773,0.3064
1635067788269,-3.6309,-9.8906,1.5938,-1.9639,-0.4009,0.2598
1635067788282,-3.5703,-9.9531,1.5195,-2.1328,-0.5146,0.2023
1635067788286,-3.5020,-9.9766,1.3398,-2.3809,-0.6113,0.1214
1635067788312,-3.3613,-9.8906,1.0098,-2.6484,-0.7031,0.0512
1635067788316,-3.1738,-9.8359,0.7539,-2.8633,-0.8125,-0.0063
1635067788321,-2.8750,-9.7500,0.5552,-2.9883,-0.9136,-0.0605
1635067788334,-2.5566,-9.5625,0.3110,-3.0215,-0.9829,-0.1094
1635067788338,-2.2031,-9.5625,-0.4045,-2.9375,-0.9990,-0.1542
1635067788364,-2.0645,-9.9531,-1.1348,-2.7383,-1.0059,-0.1935
1635067788366,-2.0469,-10.3516,-1.1846,-2.3828,-1.0918,-0.1829
1635067788371,-1.7354,-10.2813,-1.1055,-1.8232,-1.1777,-0.1445
1635067788382,-1.4316,-9.5781,-0.9980,-1.2129,-1.1973,-0.1084
1635067788386,-1.3955,-8.7891,-1.1318,-0.6670,-1.1855,-0.0467
1635067788413,-1.5273,-8.4531,-1.5918,-0.2498,-1.1387,0.0427
1635067788417,-1.8457,-8.2500,-1.5654,-0.0093,-1.1191,0.1310
1635067788422,-2.0176,-8.0547,-1.2949,0.2385,-1.1543,0.2267
1635067788432,-2.0156,-7.4766,-1.2129,0.5181,-1.1592,0.3523
1635067788436,-2.1484,-6.6289,-1.1250,0.6948,-1.0986,0.4746
1635067788464,-2.5273,-6.0352,-1.1914,0.6191,-1.0195,0.5723
1635067788470,-2.9512,-5.8242,-1.6494,0.3311,-0.9116,0.6299
1635067788476,-3.5488,-6.4414,-2.3477,0.0034,-0.8125,0.6929
1635067788483,-3.9883,-7.9063,-3.0488,-0.1956,-0.7612,0.7607
1635067788490,-4.1641,-9.4453,-3.5391,-0.2211,-0.6943,0.7695
1635067788504,-4.4219,-9.9688,-3.7773,-0.1636,-0.5859,0.7290
1635067788510,-4.7695,-9.6406,-3.7930,0.0130,-0.4893,0.7046
1635067788524,-5.0195,-9.3516,-3.4883,0.2576,-0.4392,0.7056
1635067788530,-5.0859,-8.7188,-3.0781,0.4163,-0.3923,0.6895
1635067788544,-5.1484,-8.0625,-2.7148,0.5439,-0.3550,0.6777
1635067788549,-5.1797,-7.9922,-2.5098,0.6362,-0.3232,0.6460
1635067788573,-5.1641,-8.4609,-2.4824,0.6865,-0.2891,0.5737
1635067788578,-5.0273,-9.2578,-2.5410,0.7607,-0.2603,0.5054
1635067788582,-4.9219,-9.7500,-2.5781,0.8237,-0.2062,0.4395
1635067788593,-5.0156,-9.5625,-2.6641,0.8408,-0.1306,0.3735
1635067788598,-5.0391,-9.2188,-2.5996,0.8652,-0.0699,0.3491
1635067788623,-5.0469,-9.0156,-2.1797,0.8994,-0.0306,0.3469
1635067788628,-5.0195,-8.4453,-1.6709,0.9131,-0.0274,0.3352
1635067788633,-4.9727,-7.6719,-1.1465,0.8916,-0.0263,0.3362
1635067788643,-4.9883,-7.2109,-0.7539,0.7578,-0.0210,0.3362
1635067788648,-5.0469,-7.3711,-0.6748,0.5352,-0.0146,0.3289
1635067788673,-5.1758,-7.8789,-0.7373,0.2991,-0.0125,0.3064
1635067788678,-5.1602,-8.3984,-0.9072,0.1417,-0.0082,0.2683
1635067788682,-5.2500,-8.7734,-1.1416,0.0556,0.0184,0.2267
1635067788693,-5.4766,-9.2188,-0.9790,0.0811,0.0247,0.2161
1635067788698,-5.5977,-9.0078,-0.4883,0.2119,0.0003,0.2086
1635067788723,-5.5664,-8.1953,-0.2705,0.4280,-0.0157,0.2118
1635067788728,-5.5664,-7.5078,-0.2058,0.5908,-0.0136,0.2161
1635067788732,-5.4727,-7.3086,-0.1675,0.6206,-0.0210,0.2151
1635067788743,-5.3281,-7.5703,-0.2178,0.5479,-0.0253,0.2034
1635067788748,-5.2500,-7.7148,-0.4070,0.4492,0.0088,0.1777
1635067788773,-5.4297,-8.1016,-0.2512,0.3386,0.0322,0.1225
1635067788778,-5.3164,-8.6406,-0.2083,0.2098,0.0269,0.0948
1635067788783,-5.1328,-8.6797,-0.2825,0.1428,0.0513,0.0757
1635067788793,-4.9102,-8.4766,-0.4524,0.1769,0.0620,0.0757
1635067788798,-4.7969,-8.3281,-0.3064,0.2715,0.0662,0.0799
1635067788823,-4.6328,-8.2813,-0.3567,0.3459,0.0768,0.0757
1635067788828,-4.6055,-8.3672,-0.3328,0.3748,0.0833,0.0767
1635067788833,-4.6484,-8.3516,-0.1699,0.3599,0.0620,0.0820
1635067788843,-4.8008,-8.4219,0.2083,0.4045,0.0503,0.0852
1635067788848,-4.8516,-8.7266,0.3782,0.4822,0.0269,0.0693
1635067788873,-4.8359,-8.8359,0.2322,0.5928,0.0098,0.0491
1635067788878,-4.8516,-8.7969,0.1077,0.7100,0.0098,0.0299
1635067788882,-4.7422,-8.7266,-0.1484,0.7930,0.0311,0.0097
1635067788893,-4.6094,-8.6797,-0.3711,0.8193,0.0705,-0.0063
1635067788898,-4.3047,-8.4453,-0.9404,0.8022,0.1226,-0.0180
1635067788924,-4.3086,-8.3984,-1.2207,0.7739,0.1886,-0.0222
1635067788928,-4.5586,-8.5234,-0.5195,0.7778,0.1960,-0.0126
1635067788933,-4.5820,-8.3438,0.0718,0.9644,0.1832,0.0459
1635067788951,-4.7227,-8.2422,0.5840,1.1807,0.2056,0.0342
1635067788955,-4.8984,-8.1875,0.9624,1.2119,0.1812,-0.0233
1635067788964,-5.0156,-8.4609,1.0938,1.3203,0.0897,-0.0211
1635067788970,-4.8242,-8.7344,1.0313,1.3203,0.0897,-0.0211
1635067788999,-4.6992,-8.2891,0.9214,1.3857,0.0737,-0.0935
1635067789000,-4.8281,-8.1953,0.7061,1.4424,0.0801,-0.0850
1635067789001,-4.7695,-8.1406,0.6196,1.5547,0.0886,-0.0626
1635067789022,-4.6328,-8.1016,0.7202,1.7256,0.0971,-0.0233
1635067789026,-4.5117,-7.9961,0.9839,1.8955,0.1194,0.0023
1635067789029,-4.6172,-7.7969,1.4795,1.9824,0.1482,-0.0137
1635067789054,-4.9219,-7.7539,1.7686,1.9453,0.1672,-0.0137
1635067789058,-5.0469,-8.0391,1.9033,1.8994,0.1843,-0.0094
1635067789063,-4.9414,-8.2031,2.0313,1.8799,0.1823,-0.0467
1635067789074,-4.8828,-8.0938,2.1738,1.8984,0.1854,-0.0701
