1636100963942,-5.3984,3.7188,7.9883,-0.0830,-0.2078,0.1345
1636100963944,-4.8203,4.0977,7.7930,-0.1255,-0.2993,0.1409
1636100963946,-4.9922,3.6855,7.6758,-0.2150,-0.1652,0.1962
1636100963948,-5.4336,3.1504,7.7695,-0.1926,-0.1078,0.1824
1636100963949,-5.1680,3.3789,7.7656,-0.0862,-0.1577,0.1292
1636100963951,-5.1953,3.6855,7.8711,-0.0809,-0.1311,0.1323
1636100963953,-5.2422,3.6426,7.8633,-0.1288,-0.1141,0.1547
1636100963954,-5.3477,3.6816,7.8750,-0.1595,-0.1078,0.1440
1636100963956,-5.4727,3.8984,7.9297,-0.1904,-0.1152,0.1239
1636100963958,-5.5469,4.0820,7.9922,-0.2522,-0.1365,0.1122
1636100963960,-5.4648,4.0195,7.9883,-0.3235,-0.1726,0.1079
1636100963962,-5.3867,3.9668,7.9727,-0.4543,-0.2067,0.0803
1636100963963,-5.2070,3.6797,8.0234,-0.5073,-0.2141,0.0739
1636100963965,-5.3555,3.4492,8.0938,-0.5278,-0.2057,0.0632
1636100963992,-5.1758,3.3672,8.0625,-0.5288,-0.2333,0.0409
1636100963997,-5.1250,3.4102,8.1953,-0.5298,-0.2120,0.0111
1636100963999,-4.9531,3.2266,8.1563,-0.5342,-0.2046,0.0132
1636100964000,-4.8398,3.1641,8.1641,-0.5161,-0.1631,-0.0155
1636100964002,-4.8750,3.0488,8.1641,-0.4756,-0.1227,-0.0240
1636100964004,-4.8359,2.9766,8.1953,-0.4277,-0.0790,-0.0432
1636100964005,-4.8633,2.8203,8.1719,-0.3884,-0.0301,-0.0591
1636100964007,-4.8789,2.6855,8.0938,-0.3254,0.0103,-0.0698
1636100964049,-4.8828,2.7266,8.1016,-0.2479,0.0635,-0.1017
1636100964055,-4.9453,2.7207,8.1406,-0.1884,0.1146,-0.1187
1636100964056,-5.1016,2.6484,8.2422,-0.1458,0.1560,-0.1293
1636100964058,-5.2148,2.7754,8.3750,-0.1085,0.1699,-0.1559
1636100964060,-5.2227,3.0078,8.6094,-0.1011,0.1593,-0.1942
1636100964061,-5.0273,3.0449,8.7500,-0.1298,0.1146,-0.2262
1636100964109,-4.8398,3.0234,8.8125,-0.1841,0.0688,-0.2485
1636100964111,-4.6328,3.0938,8.8438,-0.2522,0.0284,-0.2974
1636100964115,-4.5000,2.9980,8.8203,-0.3340,-0.0067,-0.3284
1636100964117,-4.3477,2.7930,8.7813,-0.3926,-0.0407,-0.3474
1636100964122,-4.2500,2.6094,8.7969,-0.4160,-0.0556,-0.3645
1636100964124,-4.1563,2.4727,8.7656,-0.4138,-0.0641,-0.3655
1636100964162,-4.0977,2.3340,8.7266,-0.3872,-0.0631,-0.3538
1636100964164,-4.1250,2.3184,8.7031,-0.3574,-0.0493,-0.3389
1636100964167,-4.2344,2.3008,8.6953,-0.3276,-0.0354,-0.3101
1636100964173,-4.3281,2.2344,8.6328,-0.2957,-0.0227,-0.2739
1636100964174,-4.3945,2.2207,8.6016,-0.2617,-0.0078,-0.2389
1636100964195,-4.4961,2.1777,8.5703,-0.2341,0.0071,-0.2017
1636100964197,-4.4766,2.0547,8.4922,-0.2085,0.0178,-0.1613
1636100964210,-4.3789,1.9727,8.4922,-0.1744,0.0295,-0.1261
1636100964212,-4.2852,1.8936,8.5313,-0.1458,0.0412,-0.0963
1636100964233,-4.2344,1.8066,8.4844,-0.1245,0.0539,-0.0655
1636100964240,-4.1523,1.7070,8.4297,-0.0979,0.0667,-0.0389
1636100964243,-4.1094,1.6660,8.3438,-0.0670,0.0816,-0.0229
1636100964264,-4.0859,1.6279,8.3438,-0.0330,0.0869,-0.0134
1636100964269,-4.0625,1.6582,8.4141,-0.0075,0.0826,-0.0134
1636100964276,-4.1250,1.5918,8.4766,-0.0085,0.0656,-0.0208
1636100964288,-4.2070,1.4102,8.5078,-0.0287,0.0327,-0.0357
1636100964290,-4.2383,1.2305,8.5156,-0.0256,-0.0227,-0.0602
1636100964313,-4.2461,1.1680,8.5703,-0.0128,-0.0854,-0.0900
1636100964315,-4.1680,1.2305,8.6563,-0.0064,-0.1567,-0.1198
1636100964323,-4.0742,1.2734,8.6953,-0.0245,-0.2333,-0.1357
1636100964343,-4.0078,1.3398,8.7813,-0.0617,-0.3066,-0.1495
1636100964345,-3.9277,1.3906,8.7969,-0.0989,-0.3896,-0.1633
1636100964347,-3.7852,1.4863,8.7656,-0.1329,-0.4663,-0.1750
1636100964376,-3.6504,1.6201,8.8438,-0.1713,-0.5249,-0.1814
1636100964378,-3.5645,1.7617,8.8906,-0.2234,-0.5767,-0.1772
1636100964380,-3.4277,1.7979,8.8281,-0.2744,-0.6235,-0.1538
1636100964409,-3.3789,1.8506,8.8125,-0.3235,-0.6450,-0.1293
1636100964411,-3.3867,1.9033,8.7266,-0.3660,-0.6523,-0.1017
1636100964413,-3.5176,1.8691,8.6641,-0.3936,-0.6470,-0.0665
1636100964425,-3.6523,1.7500,8.5781,-0.3989,-0.6353,-0.0368
1636100964427,-3.8242,1.6465,8.4844,-0.3723,-0.6143,-0.0123
1636100964460,-3.9902,1.6016,8.4063,-0.3149,-0.5928,0.0015
1636100964462,-4.1406,1.5605,8.3672,-0.2362,-0.5674,-0.0038
1636100964463,-4.2461,1.5869,8.3672,-0.1543,-0.5396,-0.0272
1636100964489,-4.3047,1.6084,8.3906,-0.0724,-0.5195,-0.0634
1636100964491,-4.2773,1.5225,8.4297,0.0085,-0.5088,-0.1059
1636100964492,-4.0859,1.3262,8.5156,0.0915,-0.4919,-0.1570
1636100964515,-4.1563,1.3135,8.5938,0.1755,-0.4568,-0.2177
1636100964517,-4.2266,1.4189,8.6797,0.2479,-0.4856,-0.2869
1636100964521,-3.7188,1.5586,8.8047,0.2947,-0.5430,-0.3516
1636100964545,-3.6191,1.6104,8.8438,0.3032,-0.5259,-0.3984
1636100964547,-3.5488,1.7041,8.8672,0.3201,-0.5386,-0.4644
1636100964549,-3.3242,1.6758,8.8359,0.3254,-0.5684,-0.5122
1636100964575,-3.3027,1.7549,8.8750,0.3042,-0.5547,-0.5835
1636100964577,-3.1680,1.6445,8.8359,0.2766,-0.5640,-0.6367
1636100964578,-3.0977,1.4746,8.7578,0.2798,-0.5728,-0.6846
1636100964606,-3.1348,1.3164,8.6797,0.3159,-0.5718,-0.7412
1636100964607,-3.0391,1.4404,8.6641,0.3650,-0.5747,-0.8047
1636100964609,-2.9512,1.6064,8.7031,0.3979,-0.5703,-0.8569
1636100964638,-2.9023,1.5361,8.6484,0.4084,-0.5601,-0.8975
1636100964640,-2.7617,1.4102,8.5781,0.4426,-0.5522,-0.9399
1636100964642,-2.6543,1.1914,8.4922,0.5264,-0.5405,-0.9751
1636100964669,-2.5391,1.0293,8.3984,0.6553,-0.5288,-1.0156
1636100964671,-2.4004,0.9165,8.2422,0.8311,-0.5215,-1.0469
1636100964673,-2.1582,0.8330,8.0469,1.0625,-0.5132,-1.0723
1636100964696,-1.8936,0.7661,7.7695,1.3506,-0.4897,-1.0947
1636100964698,-1.7881,0.7158,7.4531,1.6943,-0.4387,-1.1055
1636100964702,-2.0078,0.8569,7.1914,2.0918,-0.3865,-1.1240
1636100964726,-1.8887,0.8784,7.0430,2.5078,-0.3811,-1.1445
1636100964729,-2.1387,1.0820,6.8555,2.9551,-0.3494,-1.1602
1636100964733,-2.3379,1.0557,6.6289,3.4336,-0.3801,-1.1445
1636100964756,-2.2129,0.7729,6.2578,3.9551,-0.4717,-1.0830
1636100964758,-2.2422,0.9453,5.8945,4.5117,-0.5234,-1.0879
1636100964763,-2.0840,1.0625,5.4219,5.1289,-0.6089,-1.0693
1636100964785,-1.7979,1.6367,4.7969,5.8047,-0.7026,-1.0156
1636100964787,-1.2871,2.7520,4.0859,7.1641,-0.6875,-0.9858
1636100964789,-0.5913,5.8164,3.5020,7.6953,-0.4790,-0.9517
1636100964816,-0.3782,7.6797,3.5977,8.0859,-0.4739,-0.8750
1636100964817,0.0144,9.0625,3.4570,8.2734,-0.5513,-0.7114
1636100964819,0.1699,10.2109,3.1523,8.2734,-0.6133,-0.5464
1636100964847,0.2537,11.2344,2.8965,8.1172,-0.6587,-0.4124
1636100964850,0.2297,12.3125,2.8555,7.7852,-0.6963,-0.2834
1636100964852,0.2106,13.4688,2.9707,7.3086,-0.7588,-0.1761
1636100964877,0.1340,14.0313,2.9453,6.7148,-0.8633,-0.0389
1636100964880,0.0359,14.0547,2.6719,6.0352,-0.9717,0.1228
1636100964882,0.0455,13.8672,2.2480,5.3711,-1.0400,0.2759
1636100964907,-0.0144,13.6172,1.8906,4.7930,-1.0420,0.4016
1636100964910,-0.2346,13.3906,1.8643,4.2930,-1.0059,0.5166
1636100964912,-0.4714,13.0625,1.7930,3.8691,-1.0195,0.6323
1636100964940,-0.6221,13.0938,1.7139,3.4688,-1.0459,0.7056
1636100964941,-0.7852,13.4531,1.6895,3.1191,-1.0674,0.7524
1636100964943,-0.9956,13.3750,1.6133,2.8340,-1.1377,0.8418
1636100964966,-0.9717,12.7109,1.2949,2.6094,-1.2686,0.9932
1636100964968,-0.7993,12.4219,0.9146,2.4434,-1.3379,1.0723
1636100964970,-0.8857,12.3516,0.6938,2.3965,-1.3291,1.0742
1636100964996,-1.0986,12.1406,0.4978,2.4336,-1.3408,1.1045
1636100964998,-1.1846,12.0625,0.1675,2.4629,-1.3926,1.1348
1636100965000,-1.0840,12.1172,-0.3015,2.5254,-1.4492,1.1436
1636100965028,-0.9263,12.2031,-0.6680,2.6523,-1.4609,1.1602
1636100965030,-0.9980,12.3125,-1.0293,2.7813,-1.4561,1.2021
1636100965032,-1.0820,12.5625,-1.4219,2.8828,-1.4473,1.2471
1636100965058,-1.1875,12.8906,-1.5273,2.9824,-1.4150,1.2871
1636100965060,-1.3613,13.1953,-1.6729,3.0156,-1.4014,1.3398
1636100965063,-1.5391,13.4531,-1.7686,2.9609,-1.4023,1.4033
1636100965088,-1.7188,13.5781,-1.8047,2.8105,-1.4053,1.4385
1636100965090,-1.9463,13.4688,-1.9268,2.5527,-1.4102,1.4600
1636100965093,-2.1465,13.0391,-2.0391,2.2324,-1.4316,1.4854
1636100965118,-2.2969,12.5078,-2.0547,1.9180,-1.4385,1.4990
1636100965121,-2.4102,12.1484,-2.0371,1.6377,-1.4160,1.4668
1636100965123,-2.4922,12.0313,-2.1758,1.3916,-1.3965,1.3926
1636100965148,-2.6523,11.8594,-2.2949,1.1514,-1.3672,1.3281
1636100965151,-2.7949,11.4766,-2.3164,0.8960,-1.3340,1.2715
1636100965153,-2.8633,10.8438,-2.3594,0.6328,-1.3076,1.2109
1636100965178,-2.7930,10.1875,-2.4727,0.3967,-1.2715,1.1465
1636100965181,-2.6621,9.7656,-2.4727,0.2383,-1.2031,1.0742
1636100965183,-2.5137,9.6484,-2.8711,0.1744,-1.0967,0.9897
1636100965209,-2.3223,9.4297,-3.2813,0.1841,-0.9673,0.9248
1636100965211,-2.1055,9.1094,-3.0820,0.2031,-0.8491,0.8696
1636100965213,-2.0059,8.7422,-2.8164,0.2096,-0.7612,0.8164
1636100965242,-1.9434,8.3203,-2.6465,0.2627,-0.6821,0.7524
1636100965245,-1.7949,8.0938,-2.4512,0.3840,-0.6055,0.6484
1636100965247,-1.5244,8.2188,-2.5938,0.5146,-0.5439,0.5142
1636100965267,-1.2090,8.6563,-2.8477,0.6499,-0.4790,0.3940
1636100965269,-0.9600,9.2813,-2.8242,0.7935,-0.3918,0.3142
1636100965271,-0.8379,9.7656,-2.9805,0.9160,-0.3215,0.2866
1636100965297,-0.7422,9.9922,-3.2051,1.0117,-0.2673,0.2942
1636100965299,-0.6104,10.1797,-3.3945,1.0469,-0.2217,0.3154
1636100965301,-0.3469,10.1563,-3.5840,1.0264,-0.1908,0.3525
1636100965327,-0.1724,9.6250,-3.6289,0.9927,-0.1567,0.4004
1636100965329,-0.0814,8.8906,-3.4004,0.9170,-0.1035,0.3994
1636100965333,0.0359,8.7344,-3.2793,0.7905,-0.0535,0.3142
1636100965359,0.1963,9.1094,-3.3691,0.6704,-0.0301,0.1877
1636100965362,0.4355,9.4844,-3.4160,0.5605,-0.0184,0.1058
1636100965364,0.5454,9.4609,-3.2891,0.4233,-0.0078,0.1111
1636100965389,0.5073,9.0859,-3.3008,0.2415,-0.0067,0.1515
1636100965391,0.5098,8.6484,-3.5176,0.0553,-0.0195,0.1569
1636100965394,0.7134,8.4766,-3.8750,-0.0564,-0.0439,0.1143
1636100965419,1.1172,8.6328,-4.2305,-0.0809,-0.0407,0.0781
1636100965421,1.4053,8.7578,-4.5508,-0.0085,0.0167,0.0824
1636100965423,1.4102,8.7422,-4.6211,0.1160,0.1241,0.1079
1636100965449,1.2354,8.7813,-4.6289,0.2288,0.2209,0.1165
1636100965451,1.1035,8.8125,-4.6133,0.3308,0.2720,0.0930
1636100965454,1.0293,8.7109,-4.5781,0.4277,0.2976,0.0728
1636100965479,1.0391,8.6797,-4.6055,0.5054,0.3113,0.0728
1636100965481,1.0840,8.7500,-4.7344,0.5659,0.3262,0.0834
1636100965484,1.0313,8.8125,-4.7656,0.6274,0.3423,0.1005
1636100965509,0.9453,8.9063,-4.6445,0.6553,0.3540,0.1249
1636100965511,0.8662,8.9766,-4.6211,0.6523,0.3284,0.1697
1636100965514,0.8687,9.0313,-4.6797,0.6489,0.2837,0.2079
1636100965539,0.6846,9.3203,-4.6406,0.5923,0.2349,0.2144
1636100965542,0.4500,10.3438,-4.9570,0.3564,0.1677,0.0441
1636100965544,0.5649,10.5078,-5.6328,0.1404,0.0146,-0.1346
1636100965569,0.8232,9.8359,-5.3477,0.1383,-0.1025,-0.0463
1636100965572,0.6177,10.1328,-5.7930,0.0064,-0.0982,-0.0208
1636100965574,0.6724,10.5313,-6.3438,-0.0798,-0.1525,-0.1378
1636100965599,1.3066,10.0625,-5.9609,0.0138,-0.2515,-0.0134
1636100965602,1.7686,9.6563,-5.9609,-0.0192,-0.2238,0.1697
1636100965604,1.6133,9.4609,-5.9844,-0.0458,-0.0918,0.1537
1636100965629,1.2256,9.1563,-5.6289,0.0159,-0.0386,0.1186
1636100965632,1.0342,8.7813,-5.2227,0.0681,-0.0588,0.1398
1636100965634,1.1299,8.5234,-5.0508,0.0681,-0.0918,0.1472
1636100965660,1.2393,8.3516,-4.9414,0.0446,-0.0588,0.1313
1636100965662,1.1914,8.2656,-4.7031,0.0170,-0.0099,0.1228
1636100965664,1.1826,8.0156,-4.7266,0.0372,0.0039,0.1558
1636100965690,1.1172,8.1563,-4.4883,0.0308,0.0167,0.1016
1636100965692,1.2783,8.4844,-4.5977,-0.0170,0.0082,0.1154
1636100965694,1.3789,8.1250,-4.6016,-0.0575,0.0114,0.2090
1636100965720,1.4336,7.5742,-4.6016,-0.0713,0.0305,0.3196
1636100965723,1.5225,7.6641,-4.5703,-0.0479,0.0624,0.3569
1636100965725,1.6182,8.1016,-4.5430,-0.0075,0.0795,0.3855
1636100965750,1.6992,8.5547,-4.4336,-0.0915,0.1199,0.4229
1636100965754,1.8193,8.7500,-4.2734,-0.2744,0.1816,0.4717
1636100965756,1.7520,8.5313,-4.0547,-0.4075,0.2476,0.5396
1636100965780,1.5586,8.1953,-3.8594,-0.4639,0.2805,0.5942
1636100965782,1.3760,8.1875,-3.7070,-0.4543,0.2688,0.6016
1636100965784,1.3760,8.3594,-3.7070,-0.4351,0.2157,0.5918
1636100965809,1.5938,8.2344,-3.9785,-0.4521,0.1294,0.6016
1636100965811,1.9219,8.1797,-4.3672,-0.5381,0.1199,0.5791
1636100965812,2.2559,8.3594,-4.1719,-0.6030,0.2241,0.5654
1636100965839,2.1016,8.3125,-3.8086,-0.4949,0.3540,0.6377
1636100965842,1.5986,8.2734,-3.6074,-0.2883,0.3892,0.6792
1636100965844,1.4531,8.8281,-3.2813,-0.1394,0.3411,0.6313
1636100965870,1.5127,9.3438,-3.2266,-0.0926,0.2764,0.5918
1636100965873,1.5361,9.3516,-3.3945,-0.1202,0.2412,0.6113
1636100965875,1.5889,9.5078,-3.4883,-0.2139,0.2284,0.5972
1636100965901,1.7158,10.0547,-3.9238,-0.3586,0.2083,0.5259
1636100965903,1.9150,10.4531,-4.3359,-0.4639,0.1837,0.4802
1636100965905,2.0195,10.3047,-4.4141,-0.5254,0.1763,0.4739
1636100965962,1.9434,10.0859,-4.4766,-0.5840,0.1869,0.4548
1636100965968,1.8555,10.4141,-4.6758,-0.6182,0.1774,0.3674
1636100965970,1.8477,10.7891,-4.6758,-0.5786,0.1370,0.2590
1636100965971,1.8193,10.7891,-4.6992,-0.5459,0.0784,0.2079
1636100965973,1.7451,10.6641,-4.7773,-0.5786,0.0284,0.1749
1636100965983,1.7236,10.5391,-4.8906,-0.6211,-0.0099,0.1026
1636100965986,1.7852,10.5156,-4.9414,-0.6460,-0.0386,0.0281
1636100965987,1.7588,10.4219,-4.9414,-0.6328,-0.0514,0.0069
1636100966010,1.7256,10.2734,-4.8477,-0.5742,-0.0567,0.0260
1636100966012,1.7930,10.1016,-4.8125,-0.4937,-0.0716,0.0590
1636100966016,1.8477,10.0078,-4.7891,-0.4033,-0.0748,0.0654
1636100966040,1.9150,10.0234,-4.6016,-0.3235,-0.0652,0.0483
1636100966042,1.9678,10.1250,-4.3594,-0.3127,-0.0354,0.0483
1636100966045,1.9531,10.0703,-4.2422,-0.3564,0.0061,0.0845
1636100966070,1.8955,9.8203,-4.1016,-0.3916,0.0454,0.1334
1636100966073,1.9102,9.6016,-4.0000,-0.4160,0.0773,0.1526
1636100966074,2.0605,9.6016,-3.9844,-0.4214,0.1018,0.1451
1636100966101,2.1367,9.5625,-3.8496,-0.3713,0.1422,0.1366
1636100966102,1.9863,9.5000,-3.6660,-0.3171,0.1837,0.1047
1636100966104,1.7979,9.5547,-3.5156,-0.2744,0.1934,0.0324
1636100966133,1.7979,9.7656,-3.3984,-0.2170,0.1625,-0.0548
1636100966135,1.8457,9.9531,-3.3828,-0.1724,0.1262,-0.1219
1636100966138,1.8525,10.1172,-3.4941,-0.1777,0.1071,-0.1676
1636100966165,1.8857,10.2422,-3.4941,-0.2319,0.1124,-0.2113
1636100966167,1.8262,10.2344,-3.4316,-0.2969,0.1348,-0.2389
1636100966169,1.7520,9.9531,-3.2773,-0.3425,0.1656,-0.2411
1636100966183,1.6299,9.5781,-3.0176,-0.3650,0.1923,-0.2400
1636100966186,1.5078,9.3672,-2.8262,-0.3489,0.2029,-0.2622
1636100966220,1.4531,9.4766,-2.8848,-0.2969,0.1869,-0.3018
1636100966222,1.4287,9.7891,-2.9121,-0.2458,0.1635,-0.3516
1636100966232,1.3926,9.7656,-2.6992,-0.2448,0.1763,-0.3547
1636100966245,1.2920,9.5078,-2.6641,-0.3032,0.1986,-0.3218
1636100966248,1.3135,9.5156,-2.6738,-0.3809,0.2209,-0.3389
1636100966252,1.3877,9.6953,-2.3750,-0.4565,0.2837,-0.3813
1636100966265,1.2471,9.6953,-2.1211,-0.5488,0.3508,-0.3848
1636100966267,1.0527,9.5938,-2.0840,-0.6382,0.3848,-0.3687
1636100966291,1.0166,9.6016,-2.0371,-0.7139,0.4060,-0.3848
1636100966295,1.0771,9.7188,-1.8262,-0.7661,0.4390,-0.4146
1636100966298,1.0127,9.7344,-1.5537,-0.7959,0.4934,-0.4114
1636100966321,0.8208,9.5469,-1.3428,-0.8105,0.5303,-0.3826
1636100966328,0.6821,9.2578,-1.1699,-0.8105,0.5356,-0.3813
1636100966329,0.6509,9.1641,-0.8833,-0.7969,0.5356,-0.4124
1636100966351,0.6699,9.2031,-0.7349,-0.7573,0.5381,-0.4561
1636100966353,0.6655,9.4297,-0.6680,-0.7104,0.5464,-0.5103
1636100966355,0.6938,9.7031,-0.5649,-0.6987,0.5806,-0.5508
1636100966382,0.6460,9.8750,-0.5122,-0.7319,0.6338,-0.5645
1636100966383,0.6196,9.9219,-0.5386,-0.7534,0.6782,-0.5571
1636100966385,0.6221,9.9063,-0.5454,-0.7383,0.7251,-0.5591
1636100966415,0.5527,9.9453,-0.3901,-0.6597,0.7944,-0.5439
1636100966416,0.3757,10.2031,-0.1627,-0.5288,0.8657,-0.5103
1636100966418,0.2394,10.5469,0.1508,-0.3872,0.9082,-0.4634
1636100966447,0.2274,10.8047,0.3542,-0.2808,0.9072,-0.4412
1636100966448,0.3230,10.9609,0.4907,-0.1990,0.8936,-0.4326
1636100966453,0.4165,11.1250,0.5073,-0.1000,0.8794,-0.4133
1636100966476,0.5024,11.4844,0.5000,0.0181,0.8667,-0.4197
1636100966477,0.5840,11.8281,0.6436,0.1042,0.8584,-0.4612
1636100966481,0.5913,11.8750,0.7705,0.0829,0.8477,-0.5347
1636100966502,0.5674,11.8281,0.7681,-0.1532,0.8252,-0.6709
1636100966504,0.6870,11.2969,0.4404,-0.2384,0.8232,-0.7285
1636100966506,0.7778,11.0703,0.2751,-0.3171,0.8359,-0.7632
1636100966533,0.7827,10.7500,0.0048,-0.3840,0.8467,-0.7646
1636100966537,0.7422,10.3828,-0.2681,-0.4160,0.8540,-0.7568
1636100966539,0.7563,10.1406,-0.4573,-0.4331,0.8540,-0.7451
1636100966563,0.7900,10.0547,-0.5625,-0.4341,0.8560,-0.7285
1636100966566,0.7661,9.8594,-0.6196,-0.4246,0.8496,-0.6963
1636100966568,0.6821,9.7109,-0.6680,-0.4363,0.8208,-0.6528
1636100966596,0.6846,9.6953,-0.7397,-0.4373,0.7783,-0.6050
1636100966604,0.7539,9.5781,-0.8184,-0.4097,0.7212,-0.5410
1636100966607,0.8066,9.3828,-1.0342,-0.3362,0.6616,-0.4666
1636100966617,0.8760,9.2891,-1.1299,-0.1958,0.6113,-0.4048
1636100966622,0.9502,9.4141,-1.1514,-0.0447,0.5625,-0.3708
1636100966633,0.8999,9.6016,-1.2090,0.0766,0.5122,-0.3379
1636100966637,0.8330,9.5078,-1.1416,0.1787,0.4475,-0.2708
1636100966663,0.8140,9.3906,-1.1797,0.2383,0.3743,-0.2113
1636100966665,0.8833,9.6719,-1.1270,0.2766,0.3135,-0.2070
1636100966666,0.8950,9.9766,-0.9624,0.2744,0.2698,-0.2251
1636100966693,0.7705,9.9844,-1.0840,0.2085,0.2040,-0.1879
1636100966694,0.8018,9.9609,-1.2783,0.1542,0.1252,-0.1464
1636100966697,1.0557,10.0313,-1.3857,0.1245,0.0677,-0.1570
1636100966730,1.1133,9.9453,-1.2998,0.1202,0.0486,-0.1324
1636100966732,0.8760,9.7500,-1.2422,0.1298,0.0327,-0.0878
1636100966735,0.7202,9.7500,-1.2178,0.1309,-0.0163,-0.1006
1636100966755,0.7729,9.8281,-1.2178,0.1202,-0.0833,-0.1166
1636100966759,0.8882,10.0156,-1.3311,0.1053,-0.1354,-0.1017
1636100966761,0.9312,10.1563,-1.3096,0.0745,-0.1376,-0.0718
1636100966785,0.7876,10.0625,-1.0195,0.0361,-0.1110,-0.0176
1636100966787,0.5454,9.8359,-0.6963,-0.0202,-0.0950,0.0601
1636100966791,0.3447,9.5938,-0.4788,-0.0787,-0.1046,0.1239
1636100966815,0.2322,9.4141,-0.6582,-0.0969,-0.1439,0.1781
1636100966818,0.3303,9.2969,-0.8643,-0.0522,-0.1865,0.2313
1636100966821,0.4907,9.2734,-0.9551,0.0010,-0.1865,0.2708
1636100966844,0.5552,9.2266,-1.0313,0.0489,-0.1567,0.3142
1636100966845,0.5503,9.1406,-1.0479,0.0915,-0.1121,0.3655
1636100966847,0.5674,9.0313,-1.0771,0.1426,-0.0748,0.4048
1636100966874,0.6270,9.0313,-1.1875,0.2096,-0.0450,0.4355
1636100966875,0.6846,8.9844,-1.2852,0.2712,-0.0099,0.4568
1636100966877,0.6846,8.9609,-1.3877,0.3213,0.0167,0.4783
1636100966905,0.7681,9.1641,-1.5938,0.3606,0.0284,0.4792
1636100966907,0.9287,9.4766,-1.8047,0.3787,0.0401,0.4814
1636100966909,1.0840,10.0000,-1.8428,0.3767,0.0614,0.4675
1636100966935,1.1650,10.4063,-1.8955,0.3447,0.0699,0.4324
1636100966937,1.1465,10.5547,-1.9990,0.2649,0.0508,0.4026
1636100966939,1.2617,10.7344,-2.0605,0.1426,0.0135,0.3601
1636100966965,1.4053,10.5938,-2.1855,0.0298,-0.0301,0.3259
1636100966968,1.5605,10.0703,-2.1758,-0.0319,-0.0631,0.3313
1636100966970,1.6230,9.6875,-2.2480,0.0010,-0.1057,0.3240
1636100966996,1.7549,10.0547,-2.4531,0.0989,-0.1514,0.2079
1636100966998,2.0488,10.4922,-2.5586,0.1873,-0.1897,0.1334
1636100967000,2.1816,10.7578,-2.7363,0.2744,-0.2407,0.1952
1636100967026,2.1680,11.2031,-2.6582,0.3286,-0.2429,0.1558
1636100967029,2.1992,11.7422,-2.5254,0.2000,-0.2429,0.0973
1636100967031,2.1523,11.6172,-2.5352,0.0947,-0.3079,0.1952
1636100967056,2.1035,11.0391,-2.5625,0.0393,-0.3567,0.2261
1636100967058,2.2207,10.9375,-2.5898,-0.0043,-0.3940,0.1952
1636100967060,2.3066,10.8516,-2.4043,0.0276,-0.4324,0.1686
1636100967086,2.1973,10.5938,-2.2813,0.0425,-0.4663,0.0867
1636100967088,2.1016,10.6797,-2.4219,-0.0245,-0.5186,-0.0336
1636100967090,2.1816,10.8906,-2.5898,-0.0447,-0.5747,-0.1006
1636100967116,2.2715,10.8281,-2.5840,-0.0256,-0.5938,-0.1187
1636100967118,2.1895,10.3906,-2.5293,-0.0032,-0.5938,-0.1017
1636100967120,1.8906,9.8516,-2.5156,0.0308,-0.5938,-0.0963
1636100967146,1.7158,9.5313,-2.5684,0.0692,-0.6025,-0.1155
1636100967149,1.7617,9.4688,-2.5391,0.1309,-0.5884,-0.1123
1636100967150,1.7354,9.4375,-2.5137,0.1968,-0.5420,-0.0772
1636100967176,1.5244,9.4063,-2.3867,0.2351,-0.4771,-0.0442
1636100967179,1.3379,9.3516,-2.2402,0.2649,-0.4131,-0.0038
1636100967181,1.1367,9.1172,-2.1465,0.3457,-0.3674,0.0856
1636100967207,0.9814,8.9219,-2.1582,0.4436,-0.3279,0.1643
1636100967209,1.0146,9.0234,-2.2813,0.5352,-0.2917,0.2004
1636100967212,1.0742,9.1719,-2.4395,0.6221,-0.2482,0.2462
1636100967240,1.0605,9.2109,-2.6270,0.6860,-0.1843,0.2898
1636100967242,1.0146,9.3438,-2.7070,0.7129,-0.1067,0.3164
1636100967244,0.9624,9.6797,-2.7207,0.7563,0.0093,0.3750
1636100967267,0.8423,10.2344,-2.5195,0.7085,0.0390,0.4089
1636100967269,0.6772,10.3125,-2.4648,0.6128,0.0444,0.4355
1636100967271,0.6797,10.2734,-2.5098,0.5327,0.0210,0.4399
1636100967297,0.7373,10.1719,-2.5000,0.4553,-0.0035,0.4346
1636100967299,0.7109,9.9766,-2.6191,0.3701,-0.0258,0.4324
1636100967302,0.7827,9.7500,-2.7188,0.3298,-0.0471,0.4368
1636100967328,0.8594,9.5703,-2.9609,0.3286,-0.0620,0.4302
1636100967331,0.9907,9.6719,-3.2461,0.3467,-0.0631,0.4038
1636100967333,1.1533,9.8516,-3.3965,0.3691,-0.0514,0.3804
1636100967356,1.1680,9.9375,-3.3145,0.3787,-0.0248,0.3623
1636100967358,1.0771,9.8359,-3.2207,0.3638,-0.0088,0.3547
1636100967359,1.0889,9.7891,-3.2715,0.3733,-0.0184,0.3345
1636100967386,1.2109,9.8203,-3.4180,0.4309,-0.0471,0.3110
1636100967388,1.3164,9.8359,-3.5645,0.4883,-0.0652,0.2825
1636100967389,1.4072,10.0938,-3.5742,0.4937,-0.0535,0.2302
1636100967418,1.3740,10.2109,-3.4629,0.4692,-0.0450,0.1909
1636100967420,1.3877,10.2344,-3.3652,0.4233,-0.0599,0.1643
1636100967422,1.5557,10.5078,-3.3340,0.3479,-0.0780,0.1175
1636100967448,1.6250,10.6719,-3.1426,0.2585,-0.0876,0.0750
1636100967450,1.4766,10.5625,-2.9961,0.1447,-0.1141,0.0526
1636100967452,1.5059,10.3281,-2.8965,0.0159,-0.1588,0.0334
1636100967478,1.6416,10.1250,-2.8594,-0.0979,-0.1971,0.0037
1636100967480,1.7813,10.1094,-3.1074,-0.1744,-0.2269,-0.0251
1636100967482,2.0000,10.1875,-3.2559,-0.1979,-0.2397,-0.0389
1636100967508,2.0957,10.1875,-3.2070,-0.1884,-0.2206,-0.0283
1636100967510,2.0313,10.2109,-3.0566,-0.1841,-0.1940,-0.0197
1636100967512,1.9775,10.1797,-3.0020,-0.1852,-0.1918,-0.0272
1636100967538,2.0000,10.0078,-2.9414,-0.1724,-0.2014,-0.0208
1636100967541,1.9727,9.7422,-2.7734,-0.1489,-0.2025,-0.0208
1636100967542,1.8740,9.6563,-2.7266,-0.1489,-0.2057,-0.0559
1636100967569,1.8408,9.6641,-2.7090,-0.1735,-0.2120,-0.0984
1636100967571,1.9482,9.6953,-2.7188,-0.2043,-0.2025,-0.1144
1636100967576,1.9775,9.7031,-2.7148,-0.2224,-0.1759,-0.1144
1636100967599,1.8740,9.6328,-2.6152,-0.2384,-0.1471,-0.1102
1636100967601,1.7422,9.4922,-2.5352,-0.2510,-0.1270,-0.0984
1636100967604,1.6973,9.3828,-2.4453,-0.2639,-0.1110,-0.0878
1636100967629,1.6758,9.3984,-2.3301,-0.2798,-0.0886,-0.0751
1636100967631,1.5703,9.2344,-2.3223,-0.2712,-0.0684,-0.0368
1636100967633,1.5059,9.1094,-2.4648,-0.2351,-0.0546,-0.0102
1636100967659,1.5703,9.1016,-2.5566,-0.1703,-0.0397,0.0047
1636100967661,1.5059,9.0078,-2.6152,-0.0809,-0.0173,0.0324
1636100967664,1.3809,9.0625,-2.5918,0.0213,0.0167,0.0526
1636100967689,1.2998,9.1719,-2.5273,0.1117,0.0327,0.0792
1636100967691,1.2832,9.0703,-2.4512,0.1584,0.0210,0.1165
1636100967693,1.3525,9.0156,-2.4082,0.1713,0.0071,0.1334
1636100967719,1.3525,9.2422,-2.3828,0.1521,0.0071,0.1090
1636100967721,1.3428,9.3906,-2.5176,0.1053,-0.0035,0.1069
1636100967723,1.4053,9.4531,-2.6309,0.0638,-0.0301,0.1302
1636100967750,1.4502,9.6172,-2.6250,0.0255,-0.0376,0.1420
1636100967752,1.3740,9.4766,-2.6367,-0.0075,-0.0567,0.1846
1636100967754,1.4648,9.5156,-2.6367,-0.0149,-0.0982,0.2144
1636100967780,1.5195,9.8984,-2.5488,-0.0458,-0.0950,0.1930
1636100967782,1.4053,9.8828,-2.6270,-0.1043,-0.1014,0.2419
1636100967783,1.5488,9.7813,-2.8867,-0.1532,-0.1396,0.2717
1636100967810,1.8936,10.0078,-2.9922,-0.1192,-0.1577,0.2515
1636100967813,1.8770,10.1797,-2.7617,-0.0756,-0.1270,0.2239
1636100967816,1.5986,10.2422,-2.5254,-0.1171,-0.1025,0.1898
1636100967841,1.5098,10.2422,-2.4785,-0.1586,-0.1279,0.1654
1636100967843,1.5625,10.1172,-2.4980,-0.1521,-0.1694,0.1388
1636100967845,1.5176,9.9844,-2.6094,-0.1426,-0.1854,0.1218
1636100967869,1.5293,9.8984,-2.7520,-0.1245,-0.1960,0.1175
1636100967870,1.5391,9.9063,-2.7910,-0.0915,-0.1940,0.1090
1636100967872,1.4121,9.9688,-2.7480,-0.0713,-0.1812,0.1047
1636100967904,1.3359,9.9688,-2.7500,-0.0745,-0.1854,0.1069
1636100967906,1.3760,10.1406,-2.6973,-0.0840,-0.1918,0.0930
1636100967908,1.3613,10.3203,-2.5234,-0.1426,-0.1737,0.0707
1636100967918,1.2588,10.1328,-2.4727,-0.2299,-0.1737,0.1047
1636100967920,1.2852,9.8203,-2.4824,-0.2744,-0.1876,0.1122
1636100967950,1.3662,9.6484,-2.5449,-0.2627,-0.1897,0.0877
1636100967952,1.3809,9.6719,-2.6113,-0.2032,-0.1918,0.0750
1636100967955,1.4072,9.8906,-2.5078,-0.1437,-0.1940,0.0558
1636100967981,1.3379,9.8672,-2.4238,-0.1192,-0.1876,0.0845
1636100967983,1.2803,9.5313,-2.4199,-0.0766,-0.2014,0.1611
1636100967984,1.3311,9.3750,-2.4629,0.0053,-0.2312,0.2112
1636100968011,1.4551,9.5547,-2.4648,0.0840,-0.2418,0.2133
1636100968012,1.4434,9.7422,-2.3770,0.1000,-0.2323,0.2302
1636100968014,1.4189,9.7344,-2.3652,-0.1202,-0.2217,0.2888
1636100968041,1.4531,9.3594,-2.3672,-0.2192,-0.2355,0.3069
1636100968043,1.4648,9.1719,-2.3359,-0.2947,-0.2524,0.2983
1636100968044,1.7305,9.2344,-2.1426,-0.3308,-0.2588,0.2803
1636100968071,1.6494,9.4063,-2.0215,-0.3916,-0.2067,0.1877
1636100968073,1.3066,9.9766,-2.4023,-0.4287,-0.2781,0.0920
1636100968074,0.9692,9.7500,-2.6035,-0.1458,-0.4641,0.2196
1636100968101,0.7227,9.0000,-2.6836,0.1436,-0.6045,0.2803
1636100968103,1.0508,9.2500,-2.8770,0.1862,-0.7334,0.1505
1636100968104,1.7979,9.8750,-3.0723,0.1287,-0.8257,0.0441
1636100968131,2.3398,10.6172,-3.0234,-0.0692,-0.7769,-0.0804
1636100968133,2.1426,10.9063,-2.8379,-0.4788,-0.6406,-0.1250
1636100968135,1.5146,10.4688,-2.6738,-0.9067,-0.5703,0.0356
1636100968161,1.1318,9.5859,-2.4395,-1.2490,-0.5449,0.1323
1636100968163,1.3232,9.1406,-2.0625,-1.4580,-0.5459,0.0994
1636100968165,1.7949,9.3750,-1.9004,-1.5322,-0.5908,0.0962
1636100968191,1.9580,9.7109,-2.0273,-1.6123,-0.6025,0.0856
1636100968193,1.5508,9.9141,-2.0391,-1.7148,-0.5630,0.0643
1636100968195,1.6465,10.2969,-1.9482,-1.7695,-0.6035,0.0930
1636100968221,2.1250,10.8203,-1.8672,-1.8389,-0.6143,0.0887
1636100968223,2.1543,11.1563,-1.6465,-2.0137,-0.5586,0.0877
1636100968225,2.0195,11.4297,-1.4268,-2.2715,-0.5493,0.1431
1636100968254,2.0527,11.4609,-1.2969,-2.5801,-0.5522,0.1037
1636100968258,1.7549,10.6953,-1.2656,-2.7676,-0.5386,0.1697
1636100968260,1.8096,9.7031,-1.3789,-2.5410,-0.6875,0.3462
1636100968282,2.3594,9.8906,-1.1748,-2.2012,-0.7769,0.2228
1636100968289,2.6191,10.8594,-0.9072,-2.0684,-0.7598,0.0717
1636100968291,2.6895,11.0625,-0.6699,-2.0176,-0.7290,0.1282
1636100968301,2.7461,10.5938,-0.5625,-1.9209,-0.6846,0.2037
1636100968303,2.7949,10.4063,0.0144,-1.7900,-0.5972,0.1366
1636100968332,2.7676,10.5781,0.4404,-1.6904,-0.5366,0.0430
1636100968334,2.7051,10.8438,0.6606,-1.6465,-0.5303,-0.0698
1636100968335,2.8496,11.3906,0.9551,-1.7119,-0.5151,-0.2411
1636100968361,2.7637,11.6953,1.0957,-1.8535,-0.4812,-0.3167
1636100968363,2.7695,11.6094,1.1963,-1.9600,-0.4897,-0.3145
1636100968364,2.7402,11.4063,1.2617,-2.0137,-0.5107,-0.3452
1636100968391,2.6211,11.4453,1.3281,-2.0879,-0.5107,-0.4070
1636100968392,2.4961,11.4453,1.2852,-2.1836,-0.5068,-0.4346
1636100968393,2.4453,11.3984,1.4102,-2.2754,-0.4834,-0.4783
1636100968421,2.2754,10.9297,1.5840,-2.3047,-0.4812,-0.4656
1636100968422,2.1992,10.2266,1.6133,-2.2129,-0.5195,-0.4263
1636100968423,2.4102,9.8984,1.5820,-2.0313,-0.5269,-0.4656
1636100968452,2.4824,9.9375,1.7500,-1.7930,-0.4727,-0.5322
1636100968454,2.2813,9.9219,2.0645,-1.5596,-0.3950,-0.5728
1636100968455,2.1328,10.1406,2.3594,-1.3721,-0.3535,-0.6455
1636100968483,2.1172,10.4297,2.5566,-1.2002,-0.3472,-0.7466
1636100968493,2.0918,10.6094,2.6211,-1.0674,-0.3481,-0.8018
1636100968506,2.0313,10.7500,2.7383,-0.9595,-0.3237,-0.8486
1636100968520,1.9053,10.8047,2.8281,-0.8818,-0.2981,-0.8984
1636100968526,1.8164,10.9297,2.9121,-0.8213,-0.2939,-0.9434
1636100968540,1.6182,10.8047,2.9590,-0.7886,-0.2917,-0.9731
1636100968548,1.4932,10.5938,2.9551,-0.7822,-0.2886,-0.9966
1636100968554,1.4482,10.4844,2.9277,-0.7637,-0.2844,-1.0303
1636100968563,1.3838,10.5078,3.0488,-0.7173,-0.2598,-1.0586
1636100968571,1.2998,10.8281,3.3105,-0.6841,-0.2269,-1.1045
1636100968577,0.9717,10.9063,3.4297,-0.6978,-0.2291,-1.1416
1636100968585,0.8354,10.6484,3.3652,-0.7500,-0.2896,-1.1660
1636100968591,0.8999,10.1875,3.0820,-0.7852,-0.3345,-1.2041
1636100968603,0.7227,9.5547,2.8008,-0.7363,-0.3301,-1.2148
1636100968609,0.5938,9.1875,2.7070,-0.5596,-0.3098,-1.2168
1636100968623,0.5049,9.1875,2.8672,-0.3469,-0.2737,-1.2227
1636100968629,0.3088,9.4141,3.2031,-0.1681,-0.2461,-1.2129
1636100968646,0.1699,9.5156,3.3906,-0.0585,-0.2598,-1.1895
1636100968653,0.2155,9.5859,3.4375,-0.0085,-0.2917,-1.1641
1636100968663,0.1938,9.4531,3.4492,0.0149,-0.2908,-1.1416
1636100968670,-0.0311,9.1641,3.5391,0.0330,-0.2673,-1.1162
1636100968730,-0.1627,8.8750,3.4844,0.0861,-0.2695,-1.1045
1636100968739,-0.2466,8.5859,3.3984,0.1830,-0.2791,-1.1094
1636100968763,-0.3254,8.4063,3.3125,0.3384,-0.2822,-1.1025
1636100968771,-0.4548,8.2188,3.1914,0.5234,-0.2620,-1.0742
1636100968779,-0.5864,8.1953,3.2051,0.7256,-0.2269,-1.0439
1636100968785,-0.6724,8.1953,3.2578,0.9404,-0.2046,-1.0068
1636100968793,-0.7729,8.0234,3.1543,1.1328,-0.2238,-0.9316
1636100968800,-0.6724,8.1563,3.1133,1.2832,-0.2163,-0.8867
1636100968806,-0.8066,8.3125,3.0879,1.4141,-0.1685,-0.8496
1636100968813,-1.1250,7.9570,2.8340,1.5264,-0.1843,-0.7603
1636100968820,-1.0908,7.5469,2.4141,1.6504,-0.2355,-0.6763
1636100968827,-0.9453,7.2031,2.0547,1.8486,-0.2301,-0.5908
1636100968833,-1.2656,7.0391,1.9297,2.1055,-0.1482,-0.4995
1636100968839,-1.3857,7.0234,1.6680,2.3828,-0.1685,-0.4124
1636100968846,-1.1680,7.0273,1.4170,2.6758,-0.1918,-0.3027
1636100968853,-1.2783,7.1992,1.2900,2.8848,-0.1259,-0.2006
1636100968863,-1.6846,7.1875,1.0986,3.0371,-0.0939,-0.0676
1636100968874,-1.7852,6.7070,0.8115,3.2441,-0.1897,0.1186
1636100968881,-1.5508,6.3164,0.4475,3.4277,-0.2461,0.2101
1636100968889,-1.3975,6.3477,0.1005,3.6895,-0.1556,0.3674
1636100968894,-1.2324,6.7852,-0.1364,3.8184,-0.1174,0.4634
1636100968899,-0.8882,7.7578,-0.1652,3.8926,-0.0631,0.5332
1636100968905,-0.6270,8.9063,-0.1173,3.8945,0.0061,0.6528
1636100968910,-0.6367,9.5859,-0.0622,3.8027,0.0635,0.8262
1636100968923,-0.6128,9.7109,-0.1724,3.5820,0.0880,0.9805
1636100968928,-0.3831,9.5625,-0.4165,3.3145,0.1050,1.1104
1636100968953,-0.1197,9.5391,-0.6006,3.0957,0.1826,1.1904
1636100968959,-0.0886,9.6641,-0.6821,2.9258,0.2900,1.2490
1636100968964,-0.0670,9.8047,-0.6895,2.7598,0.3689,1.3164
1636100968987,0.0598,10.1484,-0.6724,2.5527,0.4326,1.3545
1636100968991,0.1627,10.5469,-0.6392,2.2930,0.4956,1.3711
1636100968997,0.2106,10.7500,-0.7202,1.9492,0.5508,1.3857
1636100969002,0.3350,11.0000,-0.8379,1.5439,0.6147,1.3916
1636100969020,0.5337,10.9922,-0.8643,1.1602,0.6548,1.4238
1636100969024,0.5171,10.7266,-1.1963,0.7715,0.6963,1.4512
1636100969033,0.8521,10.6016,-1.6016,0.5244,0.6602,1.5049
1636100969038,1.1748,10.3906,-1.7471,0.4414,0.6807,1.5371
1636100969063,1.3477,10.6719,-1.9697,0.2798,0.7700,1.4824
1636100969071,1.4316,10.9531,-2.0996,0.1064,0.8350,1.4756
1636100969088,1.5146,10.6641,-2.3125,0.0127,0.8486,1.5244
1636100969093,1.7686,10.2969,-2.5625,-0.0075,0.8506,1.5303
1636100969098,2.0996,10.0859,-2.6270,0.0851,0.8755,1.4688
1636100969103,2.2695,10.0859,-2.6309,0.2021,0.9082,1.3633
1636100969113,2.4004,10.5313,-2.6797,0.2522,0.9272,1.2256
1636100969118,2.3711,11.1094,-2.4668,0.2979,0.9326,1.0703
1636100969144,2.1680,12.5234,-2.0469,0.1862,0.8921,0.7432
1636100969154,2.3672,15.4219,-3.2813,-0.4512,0.7349,0.0739
1636100969158,2.5254,15.7969,-3.3457,-0.7988,0.6187,-0.1315
1636100969164,1.9727,13.7109,-2.9395,-0.8755,0.5400,0.1855
1636100969169,1.5010,12.3984,-3.4629,-0.9800,0.3892,0.1377
1636100969194,1.7256,12.0469,-3.5059,-0.8247,0.1656,-0.1719
1636100969198,2.0430,12.0000,-3.5762,-0.5596,-0.0152,-0.3240
1636100969203,2.1172,12.1406,-3.3750,-0.4841,-0.0322,-0.3633
1636100969214,1.8936,11.9531,-2.7207,-0.5820,0.0656,-0.3474
1636100969218,1.4053,11.7266,-2.4863,-0.7808,0.1082,-0.3911
1636100969244,1.2441,11.6484,-2.5742,-0.9248,0.0359,-0.5508
1636100969249,1.3975,11.4297,-2.5352,-0.9458,-0.0418,-0.6538
1636100969260,1.4961,11.5078,-2.6230,-1.0078,-0.0301,-0.7271
1636100969266,1.4746,11.7891,-2.7363,-1.0957,0.0263,-0.7974
1636100969273,1.4102,11.5547,-2.8203,-1.0498,-0.0205,-0.7603
1636100969289,1.2920,11.2031,-2.5605,-1.0137,0.0156,-0.7964
1636100969294,1.2520,11.5313,-2.2871,-1.1367,0.1379,-1.0020
1636100969304,1.0361,11.4844,-2.1289,-1.2158,0.2008,-1.0117
1636100969309,0.7920,10.9375,-1.9863,-1.1836,0.2517,-0.9561
1636100969334,0.7876,10.5156,-1.7021,-1.0830,0.3252,-0.9751
1636100969350,0.7202,10.1953,-1.5322,-0.8535,0.4019,-0.9668
1636100969355,0.5098,10.0938,-1.2754,-0.5586,0.5093,-0.9570
1636100969361,0.2705,10.3125,-1.0645,-0.3254,0.6240,-0.9751
1636100969365,0.1340,10.4141,-1.1563,-0.1362,0.7041,-0.9688
1636100969374,0.1555,10.3594,-1.1699,0.0255,0.7910,-0.9590
1636100969379,0.1652,10.3359,-1.0000,0.1340,0.9146,-0.9707
1636100969404,-0.0191,10.5156,-0.7563,0.2117,1.0645,-0.9976
1636100969409,-0.4331,10.5781,-0.4692,0.2542,1.1914,-1.0029
1636100969414,-0.7661,10.4844,-0.0886,0.2820,1.2490,-0.9761
1636100969430,-0.7134,10.7109,0.1029,0.2649,1.2695,-0.9985
1636100969435,-0.6177,10.8672,0.2632,0.2117,1.2861,-0.9976
1636100969445,-0.7944,10.4766,0.2227,0.1798,1.2861,-0.9082
1636100969450,-0.7681,10.3438,-0.0598,0.1841,1.2588,-0.8486
1636100969475,-0.5435,10.4453,-0.0551,0.2288,1.2764,-0.8179
1636100969479,-0.7729,10.1328,-0.2322,0.2617,1.3350,-0.7515
1636100969498,-0.9600,9.9609,-0.1699,0.2627,1.4014,-0.7412
1636100969504,-0.7876,9.9375,0.2441,0.2362,1.4873,-0.7827
1636100969508,-0.6606,9.8828,0.4883,0.1415,1.5859,-0.7944
1636100969514,-0.7900,9.8750,0.6367,0.0170,1.6846,-0.7983
1636100969519,-0.9839,9.8281,0.5889,-0.1298,1.7295,-0.8135
1636100969545,-0.9692,9.6172,0.4045,-0.2490,1.6992,-0.7749
1636100969550,-0.7178,9.4766,0.1268,-0.3916,1.6855,-0.7539
1636100969554,-0.5454,9.2578,-0.2274,-0.5137,1.7363,-0.7358
1636100969565,-0.5674,9.0156,-0.4331,-0.5254,1.8086,-0.6782
1636100969569,-0.5313,9.1016,-0.2466,-0.4927,1.8857,-0.6304
1636100969595,-0.5479,9.0547,-0.1699,-0.5054,1.9512,-0.5547
1636100969600,-0.7466,8.5547,-0.5527,-0.4490,1.9326,-0.3655
1636100969604,-0.8184,8.3984,-0.3208,-0.3105,1.9160,-0.2612
1636100969615,-0.6509,8.8359,-0.1316,-0.2725,1.8945,-0.2590
1636100969630,-0.4189,9.4297,-0.2607,-0.2808,1.8350,-0.1719
1636100969635,-0.2871,9.7734,-0.3088,-0.2874,1.7715,-0.0548
1636100969640,-0.1866,9.9219,-0.2178,-0.3235,1.7295,-0.0112
1636100969665,-0.2130,10.1016,-0.1029,-0.4468,1.6943,-0.0368
1636100969670,-0.1652,10.3359,-0.2106,-0.7104,1.6230,-0.0995
1636100969676,-0.0359,10.2422,-0.3447,-1.0488,1.5449,-0.1495
1636100969685,0.0168,9.6094,-0.4211,-1.3232,1.5176,-0.1495
1636100969698,-0.0215,8.7656,-0.7441,-1.4404,1.4893,-0.1006
1636100969706,0.0215,8.1563,-1.0313,-1.0625,1.4102,0.0260
1636100969710,0.2585,7.8633,-1.3096,-1.0625,1.4102,0.0260
1636100969737,0.5889,7.8398,-1.3643,-0.3489,1.4336,0.1941
1636100969742,0.4092,7.9492,-1.3213,-0.0170,1.4277,0.2708
1636100969753,0.2705,8.0781,-1.2256,0.3010,1.3818,0.3440
1636100969762,0.4211,8.6328,-1.1006,0.5117,1.3213,0.3887
1636100969766,0.6724,9.4844,-0.9385,0.5796,1.2627,0.4175
1636100969778,0.7705,10.0703,-0.8496,0.4563,1.2148,0.4761
1636100969783,0.8618,10.1719,-0.7134,0.2128,1.1543,0.5737
1636100969797,1.0723,10.1094,-0.7681,-0.0436,1.0732,0.6475
1636100969810,1.2539,9.8516,-0.9839,-0.2107,0.9839,0.7314
1636100969816,1.3760,9.3281,-1.1533,-0.2288,0.8965,0.8281
1636100969821,1.6035,8.8203,-1.3477,-0.1372,0.8115,0.8975
1636100969852,1.8408,8.6406,-1.3311,0.0276,0.7539,0.9229
1636100969857,1.9697,8.6328,-1.2109,0.2426,0.7168,0.9272
1636100969861,2.0781,8.9375,-1.0693,0.4617,0.6846,0.9067
1636100969867,2.1738,9.5000,-1.0342,0.6636,0.6313,0.8833
1636100969872,2.3555,10.1953,-0.9575,0.7998,0.5708,0.8687
1636100969897,2.4141,10.8438,-0.9839,0.8140,0.5093,0.8525
1636100969901,2.4082,11.1953,-1.1416,0.6938,0.4275,0.8218
1636100969906,2.4531,11.2813,-1.3115,0.5117,0.3433,0.7822
1636100969917,2.6230,10.9375,-1.5127,0.4043,0.2720,0.7749
1636100969921,2.7266,10.5313,-1.6611,0.4192,0.2263,0.7749
1636100969947,2.7578,10.3359,-1.7881,0.5532,0.1943,0.7676
1636100969951,2.7363,10.3750,-1.7666,0.7554,0.1571,0.7505
1636100969971,2.8105,10.7031,-1.7949,0.9258,0.1050,0.7124
1636100969977,2.8965,11.3906,-1.6582,1.0049,0.0677,0.6377
1636100969982,2.9004,11.9922,-1.5771,0.9429,0.0327,0.5620
1636100969989,2.8477,12.2109,-1.4385,0.7339,-0.0099,0.5151
1636100969998,2.7910,11.9844,-1.4814,0.4648,-0.0578,0.4739
1636100970003,2.6406,11.4766,-1.6758,0.2457,-0.0982,0.4270
1636100970028,2.5586,10.8438,-1.8379,0.1638,-0.1333,0.3845
1636100970032,2.5586,10.3672,-1.9814,0.2308,-0.1769,0.3323
1636100970037,2.4844,10.0547,-1.9814,0.3552,-0.2174,0.2739
1636100970048,2.4609,10.0078,-1.9434,0.4373,-0.2461,0.2133
1636100970053,2.3926,10.0547,-1.6514,0.4895,-0.2429,0.1675
1636100970078,2.1660,9.7891,-1.7686,0.5723,-0.2632,0.1803
1636100970082,1.9912,9.4297,-2.1816,0.7373,-0.3196,0.2133
1636100970087,2.0742,9.3672,-2.4551,0.9297,-0.3887,0.2015
1636100970098,2.3262,9.6875,-2.5703,1.0098,-0.4067,0.1451
1636100970102,2.4297,10.1094,-2.5078,0.9106,-0.3462,0.0952
1636100970128,2.3027,10.3516,-2.3652,0.6724,-0.2642,0.0834
1636100970133,2.1543,10.3906,-2.1973,0.4053,-0.1992,0.0887
1636100970137,2.0820,10.2969,-2.0684,0.1755,-0.1577,0.0887
1636100970148,2.0059,10.0938,-2.1230,-0.0096,-0.1333,0.1100
1636100970153,2.0176,9.7266,-2.0703,-0.1192,-0.1174,0.1569
1636100970178,1.9170,9.2656,-1.9033,-0.1320,-0.0918,0.2207
1636100970183,1.7188,9.0313,-1.9531,-0.0649,-0.0939,0.2642
1636100970188,1.7109,9.2344,-2.1016,0.0223,-0.1344,0.2419
1636100970198,1.9531,9.4688,-2.1172,0.0181,-0.1493,0.1941
1636100970203,2.0488,9.0781,-2.5371,-0.0490,-0.1536,0.2568
1636100970235,2.0176,8.7656,-2.4102,0.0032,-0.0939,0.2930
1636100970241,2.1738,9.2891,-2.0391,0.0574,-0.0461,0.1824
1636100970246,2.1699,10.3672,-2.4570,-0.0564,-0.0706,0.0132
1636100970254,1.7139,9.8594,-2.6680,-0.0021,-0.1471,0.0856
1636100970265,1.8594,9.1875,-2.6133,0.2383,-0.2333,0.2069
1636100970273,2.1328,9.5938,-2.7715,0.4639,-0.2366,0.0430
1636100970278,2.2207,9.9453,-2.9082,0.6714,-0.3003,-0.0485
1636100970305,1.9365,9.6797,-2.8438,0.8149,-0.3684,0.0186
1636100970323,1.7588,9.2031,-2.5195,0.8701,-0.3928,0.0026
1636100970330,1.9961,9.9453,-2.4414,0.7520,-0.4429,-0.1814
1636100970335,2.3516,10.8906,-2.3086,0.5576,-0.4822,-0.3953
1636100970340,2.4355,10.5938,-2.6152,0.3967,-0.5107,-0.3167
1636100970353,2.3594,9.6484,-3.0918,0.3267,-0.5068,-0.1910
1636100970359,2.2090,8.9688,-2.9727,0.3862,-0.4441,-0.1847
1636100970364,2.1074,9.3750,-2.5234,0.4160,-0.3662,-0.1953
1636100970368,2.1875,10.1797,-2.3340,0.2340,-0.3098,-0.2303
1636100970379,2.2969,10.6641,-1.9941,-0.0905,-0.2566,-0.2294
1636100970384,2.0215,10.2500,-2.1816,-0.4395,-0.2366,-0.1261
1636100970410,1.7471,9.2500,-2.8008,-0.6309,-0.3196,-0.0304
1636100970414,2.0332,8.8359,-3.4414,-0.6182,-0.4460,-0.0698
1636100970419,2.4570,9.2578,-3.6094,-0.5234,-0.4673,-0.1665
1636100970430,2.4395,10.0469,-3.7168,-0.5288,-0.4216,-0.2039
1636100970434,2.3711,10.9219,-3.8184,-0.6768,-0.4216,-0.2039
1636100970460,2.1172,12.0391,-3.1094,-1.3115,-0.3982,-0.2676
1636100970465,1.9678,12.0078,-2.9277,-1.6777,-0.4695,-0.2644
1636100970469,1.8887,11.7578,-2.9590,-1.9717,-0.5854,-0.2698
1636100970480,1.8672,11.3750,-3.0605,-2.0781,-0.7100,-0.2634
1636100970485,2.0313,10.9922,-3.2598,-2.0000,-0.8408,-0.2537
1636100970510,2.1250,11.2578,-3.1934,-1.8955,-0.9038,-0.3528
1636100970520,1.9961,11.7266,-3.0898,-1.8906,-0.9185,-0.4656
1636100970525,2.0723,11.8750,-2.7695,-1.8633,-0.9526,-0.4719
1636100970531,1.9746,11.9375,-2.2617,-1.8682,-0.9375,-0.5464
1636100970536,1.6807,12.2578,-1.9648,-1.9492,-0.9751,-0.6919
1636100970561,1.6582,12.3125,-1.9678,-2.0117,-1.0820,-0.7983
1636100970565,1.7500,11.8203,-2.0293,-2.0098,-1.1533,-0.8379
1636100970570,1.7109,11.2344,-2.0313,-1.9248,-1.1660,-0.8784
1636100970581,1.7500,10.8750,-1.9170,-1.7490,-1.1592,-0.9380
1636100970585,1.7236,10.8203,-1.7451,-1.5410,-1.1377,-0.9839
1636100970611,1.6807,10.9219,-1.4102,-1.3711,-1.1035,-1.0195
1636100970615,1.5703,11.0391,-1.0791,-1.2744,-1.0791,-1.0498
1636100970620,1.5771,11.1953,-0.9312,-1.2334,-1.0879,-1.0830
1636100970631,1.6680,11.0781,-0.8784,-1.1924,-1.0938,-1.0996
1636100970636,1.4668,10.5547,-0.8403,-1.1318,-1.0762,-1.0820
1636100970661,1.3740,10.1641,-0.9429,-1.0439,-1.0791,-1.1123
1636100970666,1.4053,9.8906,-1.0166,-0.8926,-1.0820,-1.1465
1636100970670,1.3047,9.6172,-1.0146,-0.6807,-1.0488,-1.1338
1636100970681,1.1484,9.4688,-1.0029,-0.4480,-1.0332,-1.1172
1636100970699,1.0957,9.3906,-0.9336,-0.1915,-1.0439,-1.1211
1636100970705,0.9717,9.2031,-0.8330,0.0511,-1.0615,-1.1006
1636100970709,0.8760,9.0234,-0.7490,0.2627,-1.0908,-1.0654
1636100970721,0.7275,8.7656,-0.6938,0.4404,-1.1064,-1.0225
1636100970726,0.5767,8.5156,-0.7178,0.6021,-1.1377,-0.9561
1636100970756,0.6104,8.3906,-0.7637,0.7690,-1.1797,-0.8838
1636100970761,0.4883,8.1875,-0.7563,0.9312,-1.2129,-0.8008
1636100970768,0.2991,7.8750,-0.8140,1.0752,-1.2637,-0.6963
1636100970774,0.2346,7.5977,-0.9097,1.2354,-1.3252,-0.5952
1636100970780,0.1724,7.2969,-0.9980,1.4131,-1.3643,-0.4868
1636100970794,0.1364,7.3320,-1.0127,1.5908,-1.3975,-0.3857
1636100970798,0.2035,7.4844,-0.9790,1.7568,-1.4258,-0.2717
1636100970822,0.1747,7.5820,-0.9121,1.8838,-1.4414,-0.1219
1636100970826,0.0215,7.5195,-0.8379,1.9619,-1.4531,0.0271
1636100970831,-0.0048,7.5586,-0.7900,2.0098,-1.4834,0.1537
1636100970842,0.0670,7.6875,-0.7827,2.0273,-1.5078,0.2686
1636100970846,0.0383,7.5938,-0.7349,1.9990,-1.5039,0.4080
1636100970872,-0.0574,7.3984,-0.7251,1.9336,-1.4902,0.5630
1636100970877,-0.0455,7.1953,-0.7637,1.8740,-1.4727,0.7100
1636100970881,0.0933,7.1758,-0.9189,1.8398,-1.4502,0.8506
1636100970892,0.3254,7.5313,-1.0361,1.8340,-1.3867,0.9932
1636100970897,0.4355,8.1406,-1.0693,1.8184,-1.2813,1.1289
1636100970922,0.6582,9.0234,-1.2129,1.7725,-1.2080,1.2588
1636100970927,0.8950,9.8516,-1.2471,1.7051,-1.1367,1.3535
1636100970931,0.8306,10.1797,-1.0342,1.5869,-1.0439,1.4502
1636100970943,0.7324,10.4219,-0.9048,1.3975,-0.9932,1.4941
1636100970947,0.6177,10.6484,-0.7515,1.2012,-0.9619,1.4561
1636100970972,0.4189,10.7188,-0.6558,1.0273,-0.9600,1.4180
1636100970977,0.3687,10.6563,-0.6533,0.8735,-0.9814,1.4033
1636100970982,0.4355,10.5547,-0.7422,0.7300,-0.9844,1.3955
1636100970993,0.4500,10.5859,-0.8975,0.6265,-0.9619,1.3906
1636100970997,0.5098,10.8750,-1.0430,0.5693,-0.9067,1.3916
1636100971023,0.6895,11.3750,-1.2373,0.5137,-0.8237,1.4160
1636100971027,0.7036,11.5938,-1.2949,0.4404,-0.7046,1.4482
1636100971032,0.5024,11.3281,-1.2783,0.3425,-0.5898,1.4629
1636100971050,0.4355,10.8984,-1.2705,0.2372,-0.5044,1.4277
1636100971055,0.5195,10.7422,-1.2539,0.1553,-0.3950,1.3330
1636100971063,0.6558,10.8906,-1.2207,0.1500,-0.2747,1.2471
1636100971068,0.6152,11.2500,-1.3760,0.1553,-0.1482,1.1826
1636100971106,0.8140,11.6406,-1.4189,0.1510,-0.0269,1.1367
1636100971111,1.0146,11.8594,-1.6416,0.1670,0.0869,1.1533
1636100971115,1.0000,11.7500,-2.0098,0.2297,0.2083,1.1533
1636100971121,1.0693,11.6016,-2.3301,0.2786,0.3274,1.1104
1636100971126,1.4961,11.6016,-2.4727,0.3352,0.4358,1.0820
1636100971133,1.5625,11.8125,-2.5664,0.3191,0.6284,1.0215
1636100971138,1.4385,12.1719,-2.3008,0.1990,0.8262,0.9272
1636100971164,1.0127,12.1406,-2.2422,0.0170,0.9126,0.8784
1636100971168,0.5913,11.7969,-2.1387,-0.0766,0.8828,0.7954
1636100971173,0.6797,12.1250,-1.9512,-0.1511,0.7837,0.5303
1636100971184,0.9600,12.6328,-2.2754,-0.1660,0.6431,0.2578
1636100971188,1.0742,12.2891,-2.5410,-0.0490,0.5137,0.2324
1636100971214,1.3115,11.9063,-3.1777,-0.1340,0.3667,0.0420
1636100971219,1.4482,11.4297,-3.0664,-0.1895,0.3049,-0.0623
1636100971223,1.4697,11.0703,-2.8105,-0.2820,0.2878,-0.1442
1636100971234,1.3906,11.3750,-2.9727,-0.4106,0.2455,-0.2717
1636100971240,1.4717,11.9844,-3.2871,-0.4863,0.1348,-0.3921
1636100971267,1.5508,11.8281,-3.3242,-0.4138,-0.0301,-0.4124
1636100971271,1.4619,11.3672,-3.3770,-0.3904,-0.1439,-0.4602
1636100971278,1.5225,11.4922,-3.5449,-0.4702,-0.2534,-0.5571
1636100971285,1.7832,11.7734,-3.5762,-0.5371,-0.3545,-0.6709
1636100971290,1.9316,11.8984,-3.4512,-0.6362,-0.4014,-0.8027
1636100971315,1.8555,11.9688,-3.2891,-0.7905,-0.4194,-0.9165
1636100971320,1.6846,11.6953,-3.1953,-0.9150,-0.4482,-0.9878
1636100971334,1.5869,11.2813,-3.2168,-0.9546,-0.4897,-1.0469
1636100971340,1.5586,10.9453,-3.1719,-0.8936,-0.5195,-1.0898
1636100971345,1.5098,10.7969,-3.0430,-0.8022,-0.5225,-1.1172
1636100971355,1.3926,10.5859,-2.8027,-0.7236,-0.5088,-1.1396
1636100971359,1.3477,10.5156,-2.6563,-0.6885,-0.4929,-1.1563
1636100971385,1.3262,10.4844,-2.5625,-0.6616,-0.4673,-1.1553
1636100971404,1.3184,10.2734,-2.2969,-0.6245,-0.4333,-1.1406
1636100971409,1.1943,10.0703,-2.0410,-0.6011,-0.3950,-1.1289
1636100971414,1.0908,9.8516,-2.0117,-0.5894,-0.3630,-1.1299
1636100971419,1.0391,9.6484,-2.0527,-0.6045,-0.3215,-1.1455
1636100971423,0.9766,9.4063,-1.9727,-0.6245,-0.2418,-1.1455
1636100971429,0.8711,9.2188,-1.7402,-0.6343,-0.1385,-1.1279
1636100971455,0.7681,9.0703,-1.6826,-0.6289,-0.0461,-1.0811
1636100971460,0.7251,8.9141,-1.5820,-0.5811,0.0252,-1.0078
1636100971464,0.6460,8.5703,-1.5195,-0.4980,0.0848,-0.9155
1636100971475,0.5527,8.2266,-1.4912,-0.4119,0.1422,-0.8115
1636100971480,0.5981,8.3125,-1.4531,-0.3032,0.2114,-0.7061
1636100971505,0.7397,8.7578,-1.4404,-0.1447,0.2815,-0.5908
1636100971510,0.7441,8.9766,-1.2871,0.0393,0.3496,-0.4475
1636100971515,0.6196,8.8672,-1.2920,0.1659,0.4082,-0.3005
1636100971526,0.5840,8.7109,-1.2871,0.2712,0.4709,-0.1687
1636100971530,0.5552,8.4063,-1.1875,0.4192,0.5239,-0.0463
1636100971556,0.4500,7.7852,-1.2256,0.5967,0.5762,0.0654
1636100971560,0.4116,7.2578,-1.2803,0.7690,0.6509,0.1323
1636100971565,0.5503,7.6094,-1.4316,0.9106,0.7476,0.1218
1636100971580,0.6680,8.4688,-1.3760,1.0352,0.8496,0.0696
1636100971585,0.5527,9.0000,-1.1299,1.0801,0.9336,0.0728
1636100971596,0.3687,9.1328,-0.9502,1.0000,0.9868,0.1196
1636100971601,0.2346,8.9609,-1.0430,0.8438,1.0010,0.1643
1636100971632,0.0359,8.4531,-1.2109,0.7129,0.9805,0.2101
1636100971637,-0.0311,7.9102,-1.4795,0.6523,0.9390,0.2388
1636100971641,-0.0407,7.6445,-1.6064,0.6445,0.9116,0.2335
1636100971647,-0.0958,7.7305,-1.8672,0.6328,0.8857,0.2250
1636100971652,-0.1819,7.8086,-2.1172,0.5967,0.8594,0.2410
1636100971676,-0.1724,7.8398,-2.0840,0.5254,0.8252,0.2834
1636100971681,-0.3328,8.0234,-2.3164,0.4021,0.7710,0.3367
1636100971685,-0.5674,8.1016,-2.6738,0.3127,0.6797,0.4102
1636100971696,-0.5767,8.1016,-2.9395,0.2627,0.5669,0.5015
1636100971701,-0.3064,8.4063,-3.3535,0.2085,0.4827,0.5771
1636100971726,-0.1053,8.7109,-3.4199,0.1702,0.4741,0.6421
1636100971731,-0.1986,8.7031,-3.1719,0.1404,0.4880,0.7305
1636100971736,-0.5386,8.6719,-3.0449,0.1149,0.4709,0.7964
1636100971748,-0.8423,8.6484,-3.1738,0.1149,0.3613,0.8027
1636100971761,-0.6484,8.8438,-3.4805,0.0989,0.2124,0.7432
1636100971769,-0.0335,9.2109,-3.5137,0.0276,0.1465,0.6836
1636100971774,0.2705,9.8750,-3.2832,-0.1171,0.2220,0.6602
1636100971792,0.0526,10.2266,-3.0117,-0.2659,0.2976,0.6875
1636100971797,-0.1555,10.2109,-2.7188,-0.3872,0.2891,0.7261
1636100971807,-0.0766,10.1719,-2.4102,-0.4331,0.2146,0.7407
1636100971815,0.2632,10.1641,-2.1465,-0.4097,0.1465,0.7124
1636100971827,0.6631,10.2109,-2.3594,-0.3469,0.0986,0.6621
1636100971831,1.0771,10.4766,-2.7949,-0.2458,0.0784,0.5898
1636100971857,1.4385,11.1016,-2.9277,-0.1904,0.1157,0.4983
1636100971861,1.6016,11.5469,-2.7383,-0.1936,0.1826,0.4526
1636100971866,1.4697,11.3672,-2.2305,-0.2010,0.2487,0.4548
1636100971877,1.2686,10.8047,-1.9414,-0.2234,0.2698,0.4419
1636100971882,1.2734,10.6250,-1.9463,-0.2310,0.2625,0.3728
1636100971907,1.4121,10.5859,-2.0742,-0.1979,0.2433,0.2930
1636100971912,1.5918,10.2422,-2.1992,-0.1447,0.2327,0.2793
1636100971916,1.6035,9.8047,-2.5098,-0.0500,0.2252,0.3069
1636100971927,1.6465,9.8672,-2.4121,0.0393,0.2498,0.2654
1636100971946,1.9297,10.4219,-2.2930,-0.0011,0.2827,0.2441
1636100971952,2.0840,10.4297,-2.1973,-0.0692,0.3093,0.3015
1636100971957,2.0176,9.8672,-2.4746,-0.0607,0.2996,0.3823
1636100971967,2.1660,9.8672,-2.4961,0.0692,0.2827,0.3772
1636100971972,2.2969,10.0625,-2.2637,0.2297,0.2678,0.3557
1636100971997,2.0176,9.8672,-2.1367,0.2405,0.2157,0.3291
1636100972002,2.0176,9.8672,-2.1367,0.2405,0.2157,0.3291
1636100972007,2.3438,10.6094,-2.1992,0.1170,0.1411,0.2079
1636100972017,2.4746,10.6016,-2.2383,-0.0404,0.1390,0.1973
1636100972022,2.5273,10.3438,-2.0742,-0.1819,0.1465,0.2112
1636100972047,2.3164,10.3906,-2.0938,-0.3574,0.1699,0.1472
1636100972052,2.1738,10.7188,-2.3691,-0.5659,0.1390,0.0685
1636100972056,2.1777,10.1797,-2.4570,-0.6318,0.1114,0.1323
1636100972067,2.1602,9.5469,-2.4141,-0.5181,0.1444,0.1898
1636100972072,1.8740,9.0781,-2.3242,-0.2224,0.1528,0.2494
1636100972098,1.7568,9.1484,-2.1445,0.1031,0.1018,0.2079
1636100972102,2.1074,10.0313,-2.1660,0.2021,0.0593,0.0026
1636100972120,2.3828,10.5313,-2.1680,0.2744,0.0784,-0.0548
1636100972126,2.0898,10.2344,-2.2813,0.3936,0.0826,0.0473
1636100972131,1.6563,9.9219,-2.6191,0.4265,-0.0024,0.0473
1636100972138,1.8477,9.8281,-2.6445,0.4797,-0.1290,-0.0495
1636100972143,2.3301,10.5313,-2.3145,0.4661,-0.1078,-0.2920
1636100972168,2.2754,11.6953,-2.1602,0.2213,-0.0556,-0.4529
1636100972173,1.9893,11.8203,-2.0156,-0.0862,-0.0844,-0.3655
1636100972177,1.7588,11.0781,-1.9990,-0.3735,-0.1227,-0.3154
1636100972188,1.8789,10.5703,-2.0488,-0.5264,-0.1556,-0.3027
1636100972193,2.2012,10.5703,-2.2695,-0.5435,-0.2195,-0.2568
1636100972218,2.1641,10.2891,-2.6270,-0.5098,-0.2642,-0.1963
1636100972223,2.0391,10.4141,-2.6113,-0.5479,-0.2312,-0.2900
1636100972227,2.0586,11.0391,-2.7363,-0.6714,-0.2174,-0.4187
1636100972239,2.0918,11.3047,-3.0469,-0.6831,-0.2791,-0.4421
1636100972245,2.1816,11.2813,-3.2656,-0.5630,-0.3621,-0.4346
1636100972265,2.3613,11.7656,-3.1035,-0.4683,-0.4077,-0.5059
1636100972270,2.1523,12.5469,-2.7637,-0.6147,-0.3887,-0.6655
1636100972280,1.6035,13.2422,-2.5977,-1.0127,-0.3992,-0.8179
1636100972286,1.1152,13.1484,-2.6621,-1.4150,-0.4844,-0.8838
1636100972298,0.8545,12.4844,-2.7617,-1.6084,-0.6108,-0.9038
1636100972304,0.7227,11.8438,-2.8125,-1.5537,-0.7642,-0.9307
1636100972329,0.6270,11.3984,-2.9395,-1.3701,-0.9111,-0.9624
1636100972333,0.6484,11.4453,-2.9512,-1.1934,-1.0117,-1.0049
1636100972338,0.6245,11.4609,-2.8535,-1.0752,-1.0684,-1.0352
1636100972349,0.3711,11.1328,-2.7617,-1.0166,-1.1006,-1.0410
1636100972353,0.1891,10.6719,-2.6738,-0.9756,-1.1289,-1.0605
1636100972379,0.1604,10.3359,-2.5684,-0.8789,-1.1523,-1.0850
1636100972383,0.0933,10.0234,-2.3867,-0.7290,-1.1631,-1.0801
1636100972388,0.0000,9.7422,-2.1563,-0.5703,-1.1709,-1.0693
1636100972399,-0.0024,9.4375,-1.9795,-0.4106,-1.1689,-1.0439
1636100972403,0.0670,9.2344,-1.8574,-0.2384,-1.1621,-1.0078
1636100972429,0.1268,9.1641,-1.6494,-0.0522,-1.1377,-0.9775
1636100972433,0.0814,9.1641,-1.4189,0.0883,-1.0889,-0.9307
1636100972438,0.0215,9.1563,-1.1846,0.1798,-1.0430,-0.8594
1636100972449,-0.0455,8.9375,-0.9287,0.2340,-1.0107,-0.7720
1636100972453,-0.1005,8.6094,-0.7251,0.2605,-0.9834,-0.6846
1636100972479,-0.0790,8.2344,-0.6533,0.2893,-0.9580,-0.5972
1636100972483,-0.1125,7.8203,-0.6079,0.3286,-0.9175,-0.5039
1636100972488,-0.1747,7.4375,-0.6436,0.3831,-0.8726,-0.4060
1636100972499,-0.0766,7.1719,-0.7061,0.4648,-0.8281,-0.3132
1636100972505,-0.0311,7.0430,-0.6748,0.5576,-0.7534,-0.2123
1636100972529,-0.0120,7.3242,-0.6484,0.6309,-0.6714,-0.1123
1636100972534,0.0958,7.8594,-0.6797,0.6924,-0.6001,-0.0134
1636100972539,0.1221,8.1875,-0.6196,0.7148,-0.5205,0.1100
1636100972549,0.0837,8.2891,-0.4644,0.6987,-0.4504,0.2302
1636100972554,-0.0120,8.2891,-0.3303,0.6572,-0.4141,0.3164
1636100972579,-0.1101,8.2813,-0.2681,0.6030,-0.4036,0.3750
1636100972584,0.0120,8.2422,-0.2991,0.5615,-0.3950,0.4409
1636100972588,0.1986,8.2500,-0.4116,0.5352,-0.3494,0.5166
1636100972599,0.3064,8.2266,-0.4644,0.5288,-0.2917,0.5981
1636100972604,0.3901,8.2188,-0.5386,0.5361,-0.2418,0.6758
1636100972629,0.6294,8.6094,-0.7397,0.5649,-0.2003,0.7217
1636100972634,0.9336,9.1875,-0.8066,0.6328,-0.1418,0.7705
1636100972639,1.0479,9.6484,-0.6938,0.6689,-0.0503,0.8389
1636100972649,1.0908,10.1094,-0.4834,0.6201,0.0316,0.8950
1636100972654,1.0625,10.3438,-0.3589,0.4990,0.0795,0.9346
1636100972680,1.1172,10.3438,-0.3159,0.3372,0.1029,0.9624
1636100972686,1.3613,10.4531,-0.3877,0.1882,0.1316,0.9771
1636100972692,1.5654,10.4922,-0.5098,0.0819,0.1667,0.9985
1636100972701,1.7471,10.3906,-0.6772,0.0085,0.2103,1.0342
1636100972706,1.9102,10.2578,-0.9385,-0.0245,0.2539,1.0762
1636100972730,2.0840,10.0156,-1.0674,-0.0032,0.3230,1.1230
1636100972736,2.1172,9.9688,-1.2129,0.0446,0.4189,1.1367
1636100972747,2.3008,10.1797,-1.2568,0.1213,0.4956,1.1484
1636100972761,2.4609,10.5234,-1.3164,0.1702,0.5869,1.1543
1636100972769,2.4668,10.5859,-1.3877,0.2139,0.6655,1.1611
1636100972776,2.4961,10.5234,-1.5195,0.2681,0.7051,1.1592
1636100972781,2.5840,10.5625,-1.6992,0.3298,0.7402,1.1094
1636100972797,2.6621,10.6953,-1.8643,0.4351,0.7764,1.0322
1636100972803,2.6035,11.0313,-1.9814,0.5732,0.7881,0.9355
1636100972810,2.7793,12.2500,-2.0996,0.5054,0.7559,0.6528
1636100972818,3.3457,14.1797,-2.5137,0.0968,0.7700,0.1611
1636100972831,3.0117,14.5078,-2.5410,-0.2299,0.8955,0.0217
1636100972836,1.9648,12.3594,-2.3555,-0.1085,0.8638,0.4602
1636100972861,1.4287,11.2969,-2.6035,0.0915,0.7134,0.4292
1636100972867,1.9414,12.0313,-2.6035,0.2266,0.5474,-0.0389
1636100972898,1.7549,12.1563,-2.3750,0.1882,0.4146,-0.2443
1636100972904,1.4580,12.1172,-2.4082,0.0234,0.3293,-0.3474
1636100972909,1.3262,12.0000,-2.1777,-0.0681,0.2209,-0.4805
1636100972917,1.3311,11.9922,-2.1973,-0.2202,0.0805,-0.5806
1636100972922,1.4619,11.7578,-2.3125,-0.3105,-0.0726,-0.5889
1636100972928,1.6514,11.9141,-2.4316,-0.3872,-0.1545,-0.6880
1636100972949,1.9297,12.6406,-2.7051,-0.5098,-0.2418,-0.8145
1636100972964,1.8379,12.4922,-2.5195,-0.5830,-0.2344,-0.8784
1636100972969,1.5723,12.0938,-2.4707,-0.7031,-0.2109,-0.9634
1636100972974,1.3877,11.7188,-2.5488,-0.7129,-0.2355,-0.9785
1636100972982,1.6230,11.3281,-2.3750,-0.5010,-0.3120,-0.9634
1636100972987,1.6846,11.0078,-1.9697,-0.3149,-0.2854,-1.0293
1636100972999,1.3477,10.9219,-1.8428,-0.2712,-0.2206,-1.1230
1636100973013,0.9048,10.4531,-1.8857,-0.1320,-0.2312,-1.0938
1636100973018,0.9287,9.9844,-1.8984,0.0692,-0.2632,-1.1260
1636100973029,1.2637,10.1094,-1.8555,0.1681,-0.2312,-1.2363
1636100973041,1.2949,10.5547,-1.5723,0.2010,-0.1195,-1.2930
1636100973062,0.8208,10.4844,-1.3311,0.2117,-0.0099,-1.2754
1636100973079,0.4092,10.2031,-1.1465,0.1947,0.0380,-1.2568
1636100973095,0.3398,10.0078,-1.0986,0.1659,0.0359,-1.2656
1636100973114,0.3015,9.6406,-1.2705,0.1649,0.0454,-1.2607
1636100973125,0.2058,9.2969,-1.4238,0.1575,0.0954,-1.2402
1636100973131,0.0958,9.0938,-1.4980,0.1744,0.1625,-1.1885
1636100973145,-0.0574,8.8984,-1.5029,0.2637,0.2178,-1.1172
1636100973151,-0.2202,8.7656,-1.4746,0.3733,0.2487,-1.0439
1636100973161,-0.3997,8.6328,-1.6465,0.4670,0.2549,-0.9795
1636100973178,-0.4739,8.5156,-1.7109,0.5542,0.2666,-0.9219
1636100973197,-0.5239,8.4063,-1.7207,0.6416,0.2944,-0.8579
1636100973210,-0.6699,8.0859,-1.7852,0.7456,0.3262,-0.7930
1636100973242,-0.7612,8.0313,-1.8164,0.8311,0.3613,-0.7676
1636100973248,-0.7852,8.4688,-1.9434,0.8809,0.3826,-0.7539
1636100973254,-0.7803,8.8125,-2.0156,0.9429,0.3955,-0.7100
1636100973259,-0.9404,8.6016,-1.9268,0.9756,0.4028,-0.6323
1636100973272,-1.2178,8.3438,-1.9814,0.9448,0.3987,-0.5645
1636100973281,-1.2949,8.4531,-2.0625,0.9077,0.3762,-0.5122
1636100973293,-1.3096,8.3672,-2.1758,0.8926,0.3293,-0.4080
1636100973299,-1.4766,8.2109,-2.3711,0.8574,0.2964,-0.3069
1636100973305,-1.4189,8.4219,-2.3750,0.7139,0.2976,-0.2590
1636100973311,-1.4434,8.4297,-2.4766,0.5596,0.2815,-0.1399
1636100973316,-1.6680,8.0547,-2.5137,0.4480,0.2549,-0.0155
1636100973321,-1.7686,7.7930,-2.6094,0.3330,0.1986,0.0824
1636100973326,-1.6826,7.3320,-2.6465,0.2808,0.1273,0.2079
1636100973331,-1.6104,6.8672,-2.9219,0.2861,0.0656,0.3250
1636100973336,-1.4170,7.0273,-3.1719,0.2925,0.0242,0.3972
1636100973342,-1.2686,7.6563,-3.2656,0.2288,0.0146,0.4729
1636100973347,-1.2441,8.1953,-3.2930,0.0957,0.0220,0.5825
1636100973351,-1.2373,8.5703,-3.2676,-0.0500,0.0210,0.7144
1636100973356,-1.1797,8.7734,-3.1855,-0.1692,-0.0067,0.8164
1636100973361,-1.0869,8.7578,-2.9551,-0.2820,-0.0333,0.8784
1636100973367,-1.1152,8.4844,-2.7422,-0.3723,-0.0376,0.9058
1636100973372,-1.1797,8.1172,-2.7168,-0.4043,-0.0493,0.9175
1636100973382,-1.0674,8.0859,-2.7852,-0.3853,-0.0684,0.9092
1636100973387,-0.7729,8.6406,-2.8672,-0.3340,-0.0865,0.8950
1636100973412,-0.5171,9.2891,-2.9160,-0.2734,-0.0822,0.8867
1636100973416,-0.3589,9.7188,-2.9160,-0.2947,-0.0376,0.8984
1636100973421,-0.2297,9.8281,-3.1426,-0.2957,0.0029,0.9697
1636100973432,0.0072,9.8125,-3.0117,-0.1798,0.0731,0.9849
1636100973436,0.0958,10.1484,-2.8223,-0.0830,0.1497,0.9551
1636100973462,-0.0790,10.3594,-2.8281,0.0213,0.1539,0.9688
1636100973466,-0.0933,10.3828,-2.5938,0.0989,0.1422,0.9146
1636100973471,0.0670,10.5234,-2.6016,0.0649,0.1401,0.8721
1636100973482,0.2537,10.6719,-2.8105,0.0351,0.1146,0.8677
1636100973486,0.5049,10.6719,-2.7930,0.0351,0.0965,0.8164
1636100973512,0.7178,10.6328,-2.9453,-0.0181,0.0922,0.7813
1636100973517,0.7490,10.5000,-3.0996,0.0159,0.0837,0.8047
1636100973521,0.8472,10.6797,-2.8047,0.1053,0.1018,0.7578
1636100973532,0.9888,11.1563,-2.7832,0.0819,0.0795,0.7524
1636100973537,1.0986,11.3438,-2.6250,-0.0032,0.0444,0.7505
1636100973562,1.2422,11.1641,-2.4941,-0.0947,0.0061,0.7280
1636100973567,1.2617,11.0703,-2.4316,-0.1852,-0.0322,0.6855
1636100973571,1.2324,11.0703,-2.4629,-0.2671,-0.0886,0.6294
1636100973582,1.2969,10.8438,-2.5820,-0.3501,-0.1556,0.5854
1636100973587,1.4932,10.7813,-2.8281,-0.4448,-0.2067,0.5332
1636100973613,1.6973,10.7891,-2.7949,-0.5181,-0.2227,0.4878
1636100973617,1.6152,10.4531,-2.6348,-0.5850,-0.2109,0.4751
1636100973622,1.3906,10.1250,-2.4082,-0.6353,-0.2057,0.4846
1636100973633,1.2041,9.8281,-2.3828,-0.6479,-0.2534,0.4771
1636100973638,1.4072,9.6484,-2.4785,-0.5903,-0.3196,0.4568
1636100973663,1.8115,9.7656,-2.5684,-0.5063,-0.3472,0.4368
1636100973668,2.0273,9.9141,-2.5098,-0.4629,-0.3098,0.4207
1636100973672,1.9990,9.8750,-2.3789,-0.4319,-0.2546,0.4207
1636100973683,1.8047,9.3516,-2.1641,-0.3235,-0.2238,0.4504
1636100973687,1.7500,9.0313,-1.9219,-0.1884,-0.2089,0.4751
1636100973713,1.8428,9.4609,-1.8291,-0.0936,-0.1940,0.4580
1636100973717,1.9746,9.8594,-1.6494,-0.0234,-0.1705,0.4568
1636100973722,1.9297,10.0859,-1.3115,-0.0522,-0.1205,0.4644
1636100973733,1.8906,10.9844,-1.4961,-0.3416,-0.0929,0.3079
1636100973737,1.8887,10.7734,-1.8506,-0.5225,-0.0822,0.2803
1636100973764,1.7734,9.1250,-1.7637,0.0638,-0.1301,0.4302
1636100973769,1.4883,8.4609,-2.1348,0.3254,-0.1823,0.2207
1636100973776,1.1846,9.6328,-2.4316,0.5244,-0.2333,0.1420
1636100973783,1.5342,9.9609,-2.1270,0.5977,-0.2822,0.1515
1636100973789,2.1797,11.0234,-1.5801,0.3267,-0.2109,-0.0410
1636100973813,2.2715,11.3672,-1.5273,-0.1692,-0.1174,-0.0857
1636100973818,1.9268,10.5000,-1.8809,-0.4053,-0.1652,0.0856
1636100973836,1.4600,9.7109,-1.9961,-0.3872,-0.2057,0.0186
1636100973842,1.7158,9.8906,-2.1758,-0.3203,-0.2715,-0.1304
1636100973852,2.0898,10.3047,-2.3281,-0.2448,-0.3152,-0.1624
1636100973858,2.1660,10.9609,-2.0293,-0.2573,-0.2429,-0.2346
1636100973863,2.5703,11.8594,-1.9414,-0.3958,-0.2057,-0.2739
1636100973873,2.6621,11.9922,-1.8525,-0.5405,-0.1290,-0.1644
1636100973878,2.2129,11.7500,-1.6152,-0.7290,-0.0035,-0.1602
1636100973903,1.8672,11.6328,-1.6230,-0.8521,-0.0152,-0.1879
1636100973908,2.0801,11.5547,-1.5508,-0.8818,-0.0684,-0.2197
1636100973913,2.4453,11.3047,-1.3857,-0.9033,-0.0386,-0.2505
1636100973924,2.1055,11.0781,-1.2109,-0.9736,0.0582,-0.2964
1636100973929,2.0586,10.6016,-1.2090,-0.9810,0.0635,-0.2847
1636100973954,2.3145,9.8906,-1.3613,-0.8213,0.0465,-0.2303
1636100973958,2.2695,9.6953,-1.1563,-0.6851,0.1284,-0.2783
1636100973965,1.8809,10.0938,-0.9385,-0.6372,0.2167,-0.3420
1636100973974,1.6563,10.2891,-0.8784,-0.6030,0.2241,-0.3496
1636100973978,1.6396,10.1719,-0.8784,-0.5615,0.2146,-0.3335
1636100974004,1.5771,10.0078,-1.0313,-0.4883,0.2124,-0.3198
1636100974008,1.6152,10.0234,-1.1484,-0.3618,0.2008,-0.3176
1636100974013,1.6084,10.1094,-1.1777,-0.2627,0.2167,-0.3123
1636100974024,1.3838,10.0625,-1.2207,-0.2277,0.2507,-0.2888
1636100974029,1.1875,9.8438,-1.3164,-0.1947,0.2581,-0.2717
1636100974054,1.1006,9.6016,-1.3975,-0.1224,0.2433,-0.2634
1636100974059,1.1152,9.6250,-1.4102,-0.0266,0.2327,-0.2793
1636100974063,0.9668,9.8359,-1.3877,0.0468,0.2295,-0.2983
1636100974074,0.8643,10.0469,-1.3311,0.0745,0.1997,-0.3091
1636100974079,0.8711,10.1484,-1.3477,0.0670,0.1625,-0.3113
1636100974104,0.9287,10.2109,-1.4004,0.0479,0.1262,-0.3069
1636100974115,0.9741,10.3672,-1.5010,0.0223,0.1114,-0.3027
1636100974120,0.9360,10.4453,-1.4717,-0.0139,0.1220,-0.2888
1636100974126,0.8403,10.3672,-1.4268,-0.0617,0.1262,-0.2622
1636100974130,0.7876,10.2969,-1.2441,-0.1234,0.1433,-0.2603
1636100974154,0.7661,10.2969,-1.2520,-0.2032,0.1305,-0.2505
1636100974159,0.7920,10.2422,-1.1484,-0.2224,0.1199,-0.2443
1636100974164,0.8472,10.2031,-1.0791,-0.2170,0.1241,-0.2517
1636100974174,0.7681,10.2188,-1.1514,-0.2096,0.1252,-0.2527
1636100974179,0.7900,10.2891,-1.1563,-0.1958,0.1284,-0.2739
1636100974204,0.8232,10.3594,-1.1748,-0.1670,0.1359,-0.2771
1636100974209,0.8042,10.4688,-1.1611,-0.1469,0.1519,-0.2751
1636100974213,0.7275,10.4453,-1.1699,-0.1351,0.1688,-0.2761
1636100974224,0.6870,10.3438,-1.2178,-0.1128,0.1667,-0.2622
1636100974228,0.7397,10.3047,-1.2090,-0.0873,0.1720,-0.2634
1636100974255,0.6367,10.2500,-1.1465,-0.0670,0.1912,-0.2729
1636100974259,0.4619,10.1953,-1.0576,-0.0522,0.2018,-0.2856
1636100974263,0.4285,10.2266,-1.0674,-0.0224,0.1826,-0.3049
1636100974275,0.4763,10.2734,-1.1611,0.0319,0.1603,-0.3303
1636100974281,0.4116,10.3594,-1.1963,0.0638,0.1497,-0.3547
1636100974305,0.3972,10.6172,-1.2275,0.0649,0.1401,-0.3762
1636100974311,0.3494,10.8047,-1.2256,0.0415,0.1262,-0.3835
1636100974314,0.2585,10.7422,-1.2998,0.0042,0.1039,-0.3772
1636100974335,0.2227,10.5938,-1.3857,-0.0277,0.0795,-0.3813
1636100974339,0.1747,10.4609,-1.3955,-0.0351,0.0582,-0.4016
1636100974343,0.0359,10.3516,-1.3496,-0.0213,0.0401,-0.4209
1636100974355,0.0072,10.3906,-1.3906,0.0074,0.0018,-0.4517
1636100974360,-0.0239,10.4063,-1.4766,0.0287,-0.0429,-0.4890
1636100974385,-0.0886,10.2969,-1.5225,0.0361,-0.0748,-0.5103
1636100974390,-0.1891,10.2422,-1.6250,0.0596,-0.1110,-0.5195
1636100974394,-0.1388,10.3125,-1.7070,0.1127,-0.1631,-0.5303
1636100974405,-0.2155,10.3594,-1.7422,0.1447,-0.1929,-0.5283
1636100974410,-0.3782,10.3828,-1.6846,0.1467,-0.2217,-0.5220
1636100974442,-0.3877,10.2500,-1.6367,0.1478,-0.2737,-0.5142
1636100974452,-0.3782,10.0234,-1.6465,0.1553,-0.3291,-0.5049
1636100974457,-0.4739,9.8203,-1.6494,0.1713,-0.3652,-0.5015
1636100974463,-0.5674,9.7266,-1.6895,0.1979,-0.4067,-0.4985
1636100974468,-0.5674,9.5938,-1.7422,0.2457,-0.4600,-0.4878
1636100974476,-0.5601,9.3828,-1.7305,0.2903,-0.4993,-0.4624
1636100974482,-0.6079,9.1328,-1.7852,0.3352,-0.5278,-0.4219
1636100974506,-0.6270,8.9297,-1.8574,0.3989,-0.5586,-0.3730
1636100974522,-0.5791,8.7031,-1.8594,0.4829,-0.5820,-0.3049
1636100974526,-0.5313,8.5000,-1.8066,0.5562,-0.5854,-0.2229
1636100974532,-0.5718,8.4297,-1.8594,0.6265,-0.5820,-0.1581
1636100974537,-0.5264,8.3438,-1.8740,0.6914,-0.6016,-0.0644
1636100974546,-0.4788,8.2266,-1.9648,0.7285,-0.6099,0.0345
1636100974551,-0.3159,8.2656,-1.9365,0.7681,-0.5972,0.0994
1636100974576,-0.2297,8.3047,-1.7930,0.7949,-0.5747,0.1962
1636100974581,-0.2920,8.3281,-1.6943,0.7959,-0.5684,0.2974
1636100974585,-0.1149,8.4063,-1.6777,0.8052,-0.5693,0.4622
1636100974596,-0.0072,8.3828,-1.9121,0.8086,-0.5801,0.5386
1636100974601,-0.0072,8.3828,-1.9121,0.8096,-0.5757,0.6079
1636100974626,0.5767,9.1719,-2.0156,0.7651,-0.5151,0.6982
1636100974631,0.6270,9.3672,-1.8721,0.6436,-0.4270,0.8135
1636100974635,0.5791,9.4063,-1.7285,0.4873,-0.3652,0.9453
1636100974646,0.5981,9.2188,-1.5771,0.3574,-0.3386,1.0801
1636100974651,0.7515,9.3750,-1.5273,0.2595,-0.3279,1.1855
1636100974676,0.8569,9.9688,-1.5625,0.1670,-0.2813,1.2305
1636100974681,0.9907,10.4766,-1.4600,0.0861,-0.2482,1.2891
1636100974686,1.1699,10.8359,-1.3643,-0.0266,-0.2344,1.3379
1636100974697,1.2158,11.1875,-1.2705,-0.2341,-0.2035,1.3291
1636100974707,1.2637,11.4297,-1.3662,-0.5137,-0.1843,1.2959
1636100974717,1.4912,11.6094,-1.5098,-0.7959,-0.1642,1.2471
1636100974721,1.6611,11.4297,-1.6758,-0.9800,-0.1365,1.2217
1636100974747,1.7852,11.0469,-1.8311,-1.0156,-0.1067,1.2100
1636100974753,2.0371,10.6250,-1.8594,-0.8716,-0.0631,1.1787
1636100974764,2.2480,10.3906,-1.7373,-0.5830,-0.0110,1.1250
1636100974770,2.1582,10.4375,-1.4746,-0.2788,0.0518,1.0068
1636100974777,1.7236,10.6719,-1.3213,-0.0734,0.0965,0.9067
1636100974788,1.6758,11.0313,-1.1221,0.0808,0.0635,0.7568
1636100974795,2.0957,11.9453,-1.0605,0.0117,0.0454,0.4250
1636100974807,2.2969,12.2344,-1.2617,-0.0894,0.0752,0.1941
1636100974817,2.2031,11.9219,-1.1152,-0.0500,0.1199,0.1440
1636100974828,2.0586,11.8594,-1.1484,0.0181,0.1337,0.0420
1636100974833,2.0176,11.6563,-1.3262,0.1426,0.0826,-0.0410
1636100974857,2.0215,11.5000,-1.3447,0.2722,0.0624,-0.1017
1636100974862,1.8770,11.6641,-1.1992,0.3086,0.1167,-0.1974
1636100974866,1.6563,11.8281,-1.1387,0.2637,0.1337,-0.2708
1636100974877,1.6035,11.8750,-1.0840,0.1766,0.0901,-0.3560
1636100974882,1.7422,11.7891,-1.0791,0.0553,0.0380,-0.4272
1636100974907,1.8164,11.4844,-1.3975,-0.0511,-0.0291,-0.4314
1636100974912,1.8857,11.3672,-1.1963,-0.1852,0.0156,-0.5166
1636100974916,1.9678,11.8906,-1.2090,-0.3831,0.0944,-0.7090
1636100974927,1.8770,12.0625,-1.2324,-0.5029,0.1614,-0.7856
1636100974932,1.7402,11.5938,-0.9502,-0.5498,0.1965,-0.7593
1636100974957,1.6367,10.8750,-0.7944,-0.5786,0.2050,-0.7827
1636100974962,1.5889,10.4375,-0.8423,-0.5498,0.2114,-0.8335
1636100974972,1.6328,10.2188,-0.7754,-0.4053,0.2529,-0.8560
1636100974978,1.5801,10.5703,-0.7876,-0.2532,0.3230,-0.8921
1636100974983,1.2998,11.0781,-0.7061,-0.1554,0.3794,-0.9463
1636100975008,1.0908,11.0156,-0.6177,-0.1128,0.3433,-0.8594
1636100975012,1.2012,10.5938,-0.6582,-0.0969,0.2837,-0.7739
1636100975017,1.3115,10.0078,-0.5674,-0.1234,0.3464,-0.8252
1636100975028,1.0430,9.6875,-0.6318,-0.1895,0.4443,-0.8633
1636100975032,0.6294,9.6719,-0.5767,-0.1787,0.5068,-0.8530
1636100975058,0.5767,9.7578,-0.3877,-0.1160,0.5229,-0.8496
1636100975062,0.7637,9.8984,-0.3230,-0.1053,0.5400,-0.8506
1636100975067,0.8018,10.0234,-0.5767,-0.1437,0.5752,-0.8296
1636100975078,0.7036,10.0938,-0.9766,-0.1532,0.6133,-0.7764
1636100975083,0.5938,10.1797,-1.3311,-0.1075,0.6528,-0.7207
1636100975108,0.4739,10.0156,-1.6182,-0.0149,0.6646,-0.6387
1636100975112,0.2920,9.5078,-1.8379,0.1096,0.6709,-0.5376
1636100975117,0.1029,8.9922,-1.9004,0.2426,0.6763,-0.4751
1636100975128,-0.0096,8.7266,-1.9463,0.3799,0.6880,-0.4751
1636100975133,-0.1747,8.4141,-1.5010,0.5459,0.7178,-0.4944
1636100975158,-0.5146,8.2734,-1.0625,0.6353,0.7349,-0.5112
1636100975163,-0.8423,8.6406,-1.2705,0.6318,0.6655,-0.5571
1636100975167,-0.9429,8.9453,-1.5410,0.6572,0.5371,-0.5889
1636100975178,-0.8403,9.1250,-1.7158,0.6680,0.4167,-0.5601
1636100975183,-0.8784,9.2031,-2.0527,0.6030,0.3210,-0.4932
1636100975208,-0.9385,9.0625,-2.3965,0.5044,0.2498,-0.4314
1636100975213,-0.9189,8.7734,-2.6152,0.4563,0.2029,-0.3484
1636100975217,-1.0264,8.2656,-2.6113,0.5054,0.1954,-0.2272
1636100975228,-1.2998,7.7773,-2.7617,0.6055,0.1709,-0.1208
1636100975233,-1.3906,7.6875,-2.7949,0.6636,0.1284,-0.0612
1636100975259,-1.3379,7.7305,-2.8223,0.6597,0.0944,-0.0134
1636100975264,-1.4453,7.4883,-2.9316,0.6328,0.0837,0.0685
1636100975275,-1.5918,7.1719,-2.9590,0.5742,0.0837,0.1729
1636100975283,-1.5273,7.2148,-2.9922,0.5146,0.0699,0.2708
1636100975287,-1.4121,7.5000,-3.1250,0.5044,0.0412,0.3750
1636100975299,-1.2520,8.0000,-3.1738,0.4746,0.0188,0.4910
1636100975304,-0.9189,8.7578,-3.1113,0.3638,0.0156,0.6025
1636100975329,-0.6030,9.3750,-2.7793,0.1862,0.0593,0.7124
1636100975347,-0.6055,9.5156,-2.5156,-0.0383,0.1018,0.7856
1636100975351,-0.6104,9.4375,-2.7188,-0.2563,0.0975,0.8027
1636100975357,-0.4116,9.4375,-2.7969,-0.4033,0.0901,0.7749
1636100975361,-0.1412,9.7578,-2.9180,-0.4905,0.1104,0.7344
1636100975369,-0.0048,10.3359,-2.7598,-0.5029,0.1539,0.7036
1636100975373,-0.0862,10.6328,-2.4824,-0.4521,0.1497,0.7188
1636100975399,-0.1436,10.6953,-2.0938,-0.3713,0.0922,0.7407
1636100975403,-0.0024,10.8281,-1.7852,-0.2458,0.0071,0.7588
1636100975408,0.2106,11.1016,-1.2256,-0.1362,-0.0322,0.6943
1636100975419,0.3853,11.4219,-1.1582,-0.2617,-0.0695,0.5981
1636100975423,0.4788,11.5156,-1.4668,-0.4949,-0.1078,0.5283
1636100975449,0.6245,11.3359,-1.6895,-0.6626,-0.1227,0.4536
1636100975453,0.7661,11.1016,-1.7021,-0.7769,-0.1099,0.3899
1636100975458,0.9336,10.8984,-1.6279,-0.8350,-0.0812,0.3506
1636100975469,0.7876,9.9297,-1.4980,-0.7031,-0.0386,0.3804
1636100975473,0.7876,9.9297,-1.4980,-0.7031,-0.0386,0.3804
1636100975499,0.8496,8.9688,-1.5195,-0.1234,-0.0844,0.4771
1636100975512,1.0098,9.3906,-1.6152,0.1968,-0.0939,0.5249
1636100975517,1.1680,9.6875,-1.4121,0.4863,-0.1046,0.5708
1636100975523,1.1250,9.5469,-1.3330,0.6211,-0.0876,0.5879
1636100975529,1.0361,9.5391,-1.4531,0.6030,-0.0514,0.5601
1636100975540,1.1133,9.6953,-1.5723,0.5732,-0.0280,0.5366
1636100975546,1.2207,9.6328,-1.5342,0.5767,-0.0173,0.5513
1636100975575,1.2832,9.5703,-1.3096,0.5425,0.0061,0.5645
1636100975594,1.3838,9.5078,-1.1992,0.5210,0.0007,0.6196
1636100975610,1.4668,9.7109,-1.4004,0.5010,-0.0120,0.6802
1636100975616,1.5801,9.9766,-1.7549,0.4575,-0.0195,0.6836
1636100975620,1.7236,9.9141,-1.7568,0.4363,-0.0152,0.6621
1636100975625,1.7070,10.6016,-1.4287,0.3286,0.0082,0.5430
1636100975630,1.7090,11.9688,-1.8555,-0.0989,0.0039,0.1898
1636100975635,1.9746,11.4219,-2.0430,-0.2585,-0.0525,0.1132
1636100975640,1.5605,9.9141,-2.1172,-0.0277,-0.0939,0.2695
1636100975650,0.6128,9.5234,-3.1445,0.1329,-0.1769,0.1111
1636100975654,0.7827,9.9219,-3.2188,0.3691,-0.3801,-0.0559
1636100975680,1.8213,10.8047,-2.5898,0.5073,-0.4685,-0.0623
1636100975684,2.1133,11.7734,-2.5918,0.2988,-0.3418,-0.1293
1636100975689,1.8047,11.8984,-2.3867,-0.0181,-0.2844,-0.0931
1636100975700,1.4287,11.7813,-2.2129,-0.3574,-0.3311,-0.0421
1636100975704,1.3711,11.8672,-1.7324,-0.6392,-0.3716,-0.2155
1636100975730,1.6465,12.0078,-1.5010,-0.8833,-0.4207,-0.3367
1636100975734,2.0840,11.8047,-1.8379,-1.0439,-0.4707,-0.2996
1636100975739,2.3359,11.0156,-2.1445,-1.0752,-0.4343,-0.2262
1636100975750,2.3086,10.4297,-2.2402,-1.0244,-0.3259,-0.1591
1636100975764,2.2910,10.5391,-2.1816,-0.9351,-0.2109,-0.1570
1636100975770,2.3027,11.0391,-1.8457,-0.8350,-0.0876,-0.2102
1636100975777,2.1992,11.4141,-1.4912,-0.8535,0.0316,-0.2517
1636100975791,2.1348,11.6016,-1.2109,-0.9946,0.1305,-0.2964
1636100975796,1.7666,11.7656,-0.9385,-1.2148,0.2338,-0.3857
1636100975820,1.1484,11.7891,-0.8091,-1.4180,0.2571,-0.4529
1636100975825,0.8784,11.5625,-1.0215,-1.5264,0.1709,-0.4827
1636100975840,0.9023,11.2891,-1.3018,-1.5547,0.0763,-0.4995
1636100975845,0.7803,10.9375,-1.5098,-1.5000,0.0124,-0.4890
1636100975850,0.7397,10.7109,-1.6846,-1.3770,-0.0376,-0.4827
1636100975860,0.5957,10.7109,-1.6182,-1.2344,-0.0344,-0.5166
1636100975865,0.3350,10.8594,-1.5322,-1.1025,-0.0269,-0.5474
1636100975890,0.1101,10.8984,-1.3809,-0.9883,-0.0503,-0.5654
1636100975895,-0.0263,10.9063,-1.2227,-0.8989,-0.0908,-0.5962
1636100975899,-0.1938,10.9922,-1.0527,-0.8501,-0.1259,-0.6558
1636100975910,-0.4211,11.0078,-0.9907,-0.8276,-0.1748,-0.7017
1636100975915,-0.6655,10.8203,-0.9600,-0.7949,-0.2355,-0.7217
1636100975940,-0.6055,10.8359,-0.8594,-0.7119,-0.3120,-0.7568
1636100975945,-0.6484,10.8516,-0.7920,-0.6265,-0.3770,-0.8027
1636100975949,-0.7778,10.8984,-0.7012,-0.5928,-0.4238,-0.8345
1636100975960,-0.8594,10.8359,-0.6533,-0.5820,-0.4780,-0.8550
1636100975965,-0.8643,10.5625,-0.5938,-0.5615,-0.5161,-0.8452
1636100975992,-0.9165,10.2109,-0.5674,-0.5444,-0.5303,-0.8398
1636100976004,-1.0361,9.8906,-0.5000,-0.5054,-0.5376,-0.8413
1636100976009,-1.0771,9.6563,-0.5122,-0.4287,-0.5640,-0.8389
1636100976014,-1.0293,9.3281,-0.5024,-0.3223,-0.5845,-0.8164
1636100976019,-1.0293,8.9844,-0.4595,-0.1862,-0.5811,-0.7749
1636100976031,-0.9932,8.7969,-0.4045,-0.0149,-0.5801,-0.7485
1636100976035,-0.9980,8.6953,-0.3159,0.1564,-0.5757,-0.7114
1636100976061,-0.9336,8.7578,-0.1986,0.2820,-0.5586,-0.6655
1636100976066,-0.8545,8.9609,-0.0814,0.3479,-0.5303,-0.6133
1636100976073,-0.8643,9.0625,-0.0551,0.3574,-0.5088,-0.5366
1636100976081,-0.8618,8.9375,-0.0909,0.3352,-0.4897,-0.4399
1636100976086,-0.8281,8.6875,-0.0742,0.3245,-0.4600,-0.3367
1636100976111,-0.8569,8.5469,-0.0239,0.3542,-0.4375,-0.2537
1636100976115,-0.8423,8.5000,0.0503,0.4382,-0.4312,-0.2017
1636100976120,-0.9023,8.5625,0.0407,0.5298,-0.4397,-0.1581
1636100976131,-0.8999,8.5938,-0.0383,0.6011,-0.4663,-0.1166
1636100976135,-0.7969,8.3359,-0.2705,0.6543,-0.4834,-0.0623
1636100976162,-0.6895,7.9727,-0.5073,0.7266,-0.4717,0.0132
1636100976166,-0.6724,7.6250,-0.6128,0.8735,-0.4473,0.1016
1636100976171,-0.6104,7.4141,-0.7515,1.0928,-0.4302,0.1835
1636100976181,-0.5000,7.3984,-0.8140,1.3262,-0.4036,0.2676
1636100976186,-0.2632,7.6016,-0.8472,1.5244,-0.3770,0.3611
1636100976212,0.0359,8.1328,-0.7349,1.6621,-0.3311,0.4441
1636100976213,0.0503,8.6094,-0.5981,1.7002,-0.2864,0.5464
1636100976214,0.0790,8.8359,-0.5264,1.6348,-0.2737,0.6631
1636100976241,0.3398,9.1563,-0.4763,1.5029,-0.2673,0.7549
1636100976243,0.6152,9.6875,-0.4907,1.3477,-0.2546,0.8208
1636100976249,0.9189,10.2734,-0.6392,1.1865,-0.2407,0.8877
1636100976277,1.2734,10.8438,-0.7300,1.0176,-0.2078,0.9688
1636100976281,1.4434,11.2578,-0.7227,0.8457,-0.1450,1.0469
1636100976288,1.6494,11.4297,-0.7324,0.6797,-0.1099,1.1143
1636100976293,1.7900,11.3984,-0.8687,0.5562,-0.0673,1.1602
1636100976298,1.7500,11.3359,-0.9214,0.4639,-0.0152,1.1885
1636100976321,2.0469,11.5391,-1.0889,0.3882,-0.0078,1.2041
1636100976325,2.2969,11.9141,-1.1777,0.3394,0.0582,1.1904
1636100976330,2.2617,12.0313,-1.1797,0.2883,0.1422,1.1943
1636100976341,2.2324,11.9141,-1.3809,0.2319,0.1891,1.2119
1636100976345,2.4141,11.4688,-1.5029,0.2319,0.2465,1.2061
1636100976371,2.4414,10.8203,-1.4121,0.3032,0.3391,1.1855
1636100976375,2.4121,10.8750,-1.5059,0.4138,0.4326,1.1016
1636100976380,2.5488,11.5625,-1.7588,0.7031,0.5518,0.8101
1636100976391,2.7266,12.5156,-1.6973,0.6777,0.6582,0.6792
1636100976396,2.7266,12.5156,-1.6973,0.6777,0.6582,0.6792
1636100976421,2.3496,11.5938,-1.5723,0.5327,0.5933,0.5098
1636100976426,2.0371,12.0625,-1.1484,0.3245,0.6211,0.1165
1636100976429,1.7324,12.2891,-1.2998,0.0829,0.5474,-0.1782
1636100976442,1.4141,11.6953,-1.6807,0.0308,0.3730,-0.1761
1636100976446,1.2754,10.8672,-1.8809,0.1383,0.2103,-0.2123
1636100976472,1.3096,10.6563,-2.1738,0.3020,0.0752,-0.3645
1636100976476,1.2832,11.1016,-2.6309,0.4788,-0.0429,-0.4963
1636100976480,1.2256,11.9219,-2.7598,0.5522,-0.0950,-0.6133
1636100976492,1.4023,12.5469,-2.7539,0.4553,-0.1311,-0.6826
1636100976496,1.5723,12.1016,-2.8750,0.3010,-0.2025,-0.6196
1636100976522,1.5361,11.3516,-2.9688,0.0787,-0.1918,-0.6646
1636100976526,1.4287,11.3594,-2.9277,-0.1703,-0.1270,-0.8462
1636100976531,1.2373,11.5703,-2.7832,-0.3140,-0.0812,-0.9526
1636100976542,1.0293,11.3281,-2.5918,-0.3872,-0.0876,-0.9390
1636100976547,1.0938,11.2813,-2.5000,-0.4639,-0.1216,-0.9390
1636100976572,1.3018,11.6641,-2.4648,-0.5073,-0.1259,-1.0430
1636100976577,1.3213,11.5703,-2.2109,-0.4958,-0.1067,-1.0938
1636100976592,1.0078,10.9141,-1.8506,-0.5327,-0.0780,-1.0264
1636100976598,0.5957,10.0313,-1.7354,-0.6084,-0.0482,-0.9644
1636100976603,0.3757,9.3359,-1.9297,-0.5947,-0.0407,-0.9634
1636100976613,0.3064,8.9453,-2.0723,-0.4746,-0.0365,-1.0039
1636100976618,0.1484,8.6641,-1.9297,-0.3054,0.0039,-1.0566
1636100976643,-0.0958,8.6016,-1.6582,-0.1426,0.0848,-1.0938
1636100976647,-0.4285,8.6875,-1.6152,-0.0224,0.1486,-1.0898
1636100976652,-0.8379,8.6953,-1.5225,0.0659,0.1688,-1.0586
1636100976662,-1.1943,8.2188,-1.4121,0.1085,0.1539,-1.0098
1636100976667,-1.4355,7.7930,-1.7305,0.0106,0.1379,-0.9858
1636100976693,-1.5889,7.4922,-2.0176,-0.0883,0.2083,-0.9824
1636100976697,-1.7402,6.8555,-2.0723,0.1245,0.2751,-0.8486
1636100976702,-1.9600,6.2383,-1.9678,0.5361,0.3103,-0.6592
1636100976713,-2.2012,6.7344,-1.8506,0.6777,0.4124,-0.6655
1636100976727,-2.4883,7.2578,-2.1816,0.6895,0.4465,-0.6348
1636100976733,-2.8496,6.6641,-2.6836,0.8076,0.3826,-0.4263
1636100976738,-2.7500,6.0898,-2.6992,0.8066,0.3677,-0.3262
1636100976763,-2.3477,6.1523,-2.5449,0.6372,0.4614,-0.2888
1636100976784,-2.2559,6.1367,-2.4609,0.5679,0.5527,-0.0729
1636100976789,-2.6875,6.0078,-2.3047,0.6074,0.6050,0.1771
1636100976796,-2.6738,6.5156,-2.3691,0.6191,0.5508,0.3345
1636100976802,-2.0781,7.1055,-2.7754,0.6211,0.4019,0.5430
1636100976806,-1.3018,7.3672,-2.9961,0.5767,0.3242,0.7920
1636100976813,-0.7036,7.5664,-2.9746,0.5054,0.3582,0.9985
1636100976818,-0.3853,7.8203,-2.9727,0.4810,0.4209,1.1475
1636100976843,-0.3398,8.2188,-2.6426,0.4946,0.4275,1.2373
1636100976848,-0.2944,8.5156,-2.5449,0.4670,0.3486,1.2676
1636100976852,0.1221,9.0234,-2.6094,0.3967,0.2710,1.2334
1636100976863,0.7612,9.7578,-2.6191,0.2754,0.2220,1.1992
1636100976868,1.2256,10.5313,-2.6426,0.1287,0.2284,1.1934
1636100976893,1.3359,11.1172,-2.5840,-0.0181,0.2412,1.1875
1636100976898,1.4141,11.1719,-2.6250,-0.0947,0.1891,1.2168
1636100976902,1.4863,10.5781,-2.6328,-0.0596,0.1146,1.2617
1636100976914,1.5459,10.5078,-2.4258,0.0351,0.0816,1.1816
1636100976918,1.7207,11.1172,-2.5723,0.1096,0.0210,1.0527
1636100976944,1.9678,11.5469,-2.4297,0.1160,-0.0301,0.9580
1636100976948,2.0215,12.1016,-2.3965,-0.0436,-0.0386,0.8535
1636100976953,1.9434,12.5703,-2.2520,-0.2690,-0.0418,0.7886
1636100976964,1.7305,12.5234,-1.9678,-0.5884,-0.0525,0.7549
1636100976968,1.5723,11.7188,-1.8066,-0.9756,-0.0780,0.7251
1636100976994,1.4170,11.0391,-1.7949,-1.2588,-0.1014,0.6943
1636100976998,1.3955,10.7813,-1.9150,-1.3633,-0.1525,0.6475
1636100977003,1.5918,10.7031,-1.9941,-1.3838,-0.2057,0.5898
1636100977014,1.7637,10.4609,-1.9863,-1.3789,-0.2109,0.5728
1636100977019,1.6895,9.9297,-1.8721,-1.3174,-0.1759,0.5728
1636100977044,1.4961,9.5078,-1.7666,-1.1289,-0.1536,0.5430
1636100977049,1.5488,9.3984,-1.8555,-0.8311,-0.1599,0.5034
1636100977053,1.7617,9.5781,-1.6660,-0.5264,-0.1450,0.5005
1636100977064,1.8359,9.6016,-1.7734,-0.2925,-0.1227,0.5347
1636100977069,1.7021,9.7578,-1.2871,-0.0766,-0.1046,0.4951
1636100977094,1.7900,11.6484,-1.2061,-0.2776,-0.0780,0.2410
1636100977099,2.1563,12.0000,-1.7734,-0.3501,-0.2482,0.2399
1636100977104,2.4219,10.5234,-1.4219,-0.1489,-0.3450,0.4153
1636100977114,2.2969,9.7656,-1.6328,-0.0053,-0.3918,0.4729
1636100977119,2.1250,9.7578,-1.6826,0.2213,-0.4780,0.4270
1636100977150,1.8525,10.2578,-1.7500,0.3542,-0.5522,0.3025
1636100977155,1.9678,10.4688,-1.4814,0.3352,-0.5820,0.1866
1636100977160,2.1738,10.3594,-1.0049,0.2256,-0.5396,0.1526
1636100977166,2.0801,10.4688,-1.0459,0.0191,-0.5015,0.0973
1636100977171,1.8574,10.3594,-1.3359,-0.1288,-0.5195,0.0558
1636100977196,1.7637,9.9453,-1.5010,-0.2490,-0.5366,-0.0006
1636100977201,1.5967,9.3750,-2.2344,-0.3521,-0.5601,-0.0261
1636100977206,2.4199,10.0000,-1.7090,-0.1744,-0.4216,-0.2527
1636100977215,2.3125,11.7656,-1.1250,-0.5732,-0.2502,-0.3601
1636100977220,1.7139,11.9531,-0.7061,-1.0918,-0.1301,-0.2549
1636100977245,1.4287,10.7500,-0.7944,-1.3789,-0.1385,-0.0814
1636100977251,1.9385,9.5547,-1.0820,-1.3330,-0.2493,0.0164
1636100977255,2.0938,9.2734,-1.4219,-1.0234,-0.3047,0.0930
1636100977265,1.9365,10.2031,-1.4238,-0.7520,-0.2930,-0.0687
1636100977277,2.0430,11.1406,-1.3115,-0.6587,-0.2949,-0.2102
1636100977288,2.0332,11.3281,-1.0693,-0.6445,-0.2822,-0.1484
1636100977293,2.1816,11.7969,-0.7681,-0.6978,-0.2524,-0.1624
1636100977305,2.4043,12.5469,-0.4978,-0.7798,-0.2450,-0.2303
1636100977310,2.6094,12.8828,-0.3757,-0.9331,-0.2651,-0.2676
1636100977336,2.8535,12.5703,-0.3662,-1.1328,-0.2440,-0.2793
1636100977340,3.3242,12.0469,-0.3782,-1.2979,-0.1812,-0.2751
1636100977345,3.6953,11.6172,0.0718,-1.3291,-0.0333,-0.2527
1636100977356,3.4434,12.3125,0.9072,-1.4385,0.2252,-0.3613
1636100977360,2.8633,13.3359,1.6279,-1.6875,0.3933,-0.4761
1636100977386,2.4551,13.4766,2.0059,-1.9902,0.4263,-0.4805
1636100977390,2.3008,12.6484,1.7422,-2.3066,0.3923,-0.4634
1636100977395,2.4668,11.5859,1.2012,-2.5273,0.4050,-0.4741
1636100977406,2.5840,10.9609,0.9980,-2.5645,0.5229,-0.5015
1636100977410,2.2969,10.5859,1.0625,-2.4375,0.6934,-0.5176
1636100977436,1.7930,10.3359,1.3135,-2.2305,0.8413,-0.5239
1636100977441,1.3711,10.1250,1.6846,-1.9951,0.9414,-0.5518
1636100977445,1.0742,10.1172,1.8359,-1.7500,0.9912,-0.5923
1636100977456,0.6772,10.2969,1.9170,-1.5234,1.0254,-0.6592
1636100977461,0.3279,10.5859,2.1172,-1.3369,1.0508,-0.7334
1636100977499,-0.0431,10.8438,2.2598,-1.2588,1.0566,-0.7656
1636100977504,-0.4548,10.7422,2.2422,-1.3057,1.0313,-0.7612
1636100977508,-0.7515,10.3906,2.1582,-1.3906,0.9966,-0.7505
1636100977514,-1.0029,9.9844,1.9941,-1.4482,0.9688,-0.7305
1636100977518,-1.2900,9.6016,1.9053,-1.4189,0.9507,-0.7168
1636100977526,-1.6709,9.3438,1.8379,-1.3096,0.9414,-0.7026
1636100977531,-1.9961,9.2109,1.7158,-1.1660,0.9106,-0.6953
1636100977557,-2.1367,9.1563,1.7354,-1.0225,0.8574,-0.6709
1636100977561,-2.1348,9.1797,1.7021,-0.8999,0.8188,-0.6558
1636100977566,-2.1426,9.2266,1.7979,-0.7744,0.7925,-0.6401
1636100977577,-2.1230,9.4688,2.1875,-0.6670,0.7817,-0.6411
1636100977581,-2.2109,9.6094,2.3887,-0.6001,0.7412,-0.6431
1636100977607,-2.2656,9.5547,2.3789,-0.5903,0.6592,-0.6377
1636100977611,-2.2012,9.4375,2.3223,-0.6138,0.5688,-0.6411
1636100977618,-2.0156,9.3125,2.3242,-0.6362,0.4934,-0.6431
1636100977628,-1.8789,9.0547,2.4121,-0.6328,0.4519,-0.6196
1636100977633,-1.9219,8.5547,2.4824,-0.6182,0.4092,-0.5737
1636100977658,-1.8623,8.1875,2.5527,-0.5928,0.3369,-0.5303
1636100977664,-1.6943,7.8516,2.6465,-0.5181,0.2507,-0.4890
1636100977670,-1.6250,7.4219,2.5879,-0.3970,0.1667,-0.4187
1636100977678,-1.5342,7.0664,2.5938,-0.2426,0.0965,-0.3442
1636100977683,-1.4219,7.0820,2.6777,-0.0628,0.0390,-0.2847
1636100977708,-1.2920,7.3281,2.8359,0.1064,-0.0152,-0.2155
1636100977714,-1.2178,7.5508,3.0117,0.2085,-0.0886,-0.1346
1636100977722,-1.1797,7.5234,2.9512,0.2340,-0.1726,-0.0304
1636100977729,-1.0674,7.3984,2.7734,0.2085,-0.2502,0.0696
1636100977733,-0.8184,7.3711,2.6230,0.1851,-0.2993,0.1472
1636100977758,-0.6221,7.3906,2.5625,0.1936,-0.3098,0.2367
1636100977764,-0.6533,7.0742,2.4258,0.2308,-0.3174,0.3589
1636100977769,-0.7300,6.4375,2.1445,0.3096,-0.3428,0.4951
1636100977786,-0.5815,5.8555,1.6494,0.4905,-0.3833,0.6216
1636100977790,-0.0431,5.8633,1.5146,0.8052,-0.3494,0.7163
1636100977802,0.3518,6.6055,1.8193,1.1533,-0.2174,0.7813
1636100977808,0.4070,7.3711,2.0723,1.4238,-0.1248,0.8677
1636100977821,0.6318,7.8438,2.1152,1.5664,-0.1290,0.9814
1636100977827,1.1631,8.2188,1.9297,1.5967,-0.1418,1.0762
1636100977840,1.6680,8.5000,1.5918,1.6201,-0.0876,1.1553
1636100977860,1.9199,8.5391,1.3398,1.6865,0.0061,1.2568
1636100977883,2.2129,8.7891,1.3613,1.7881,0.1241,1.3350
1636100977888,2.4980,9.3750,1.5059,1.9268,0.2423,1.3643
1636100977893,2.5840,9.8125,1.4697,2.0703,0.2944,1.4111
1636100977898,2.8496,10.1641,1.4287,2.1543,0.3103,1.4141
1636100977905,3.1250,10.5469,1.1680,2.1465,0.3445,1.3594
1636100977910,3.2949,10.9453,0.9907,2.1016,0.4092,1.2959
1636100977919,3.5352,11.5859,1.0215,2.0449,0.4827,1.2070
1636100977924,3.5840,12.1797,1.0313,1.9551,0.5454,1.0977
1636100977953,3.4844,12.5156,1.0723,1.8174,0.5796,1.0352
1636100977961,3.4629,13.0938,1.1826,1.5928,0.6133,0.9272
1636100977967,3.4590,13.5469,1.2568,1.0000,0.5859,0.7461
1636100977986,2.6992,12.6172,1.0215,0.6572,0.5400,0.6738
1636100977992,2.6992,12.6172,1.0215,0.4712,0.4541,0.5825
1636100977999,2.5938,11.0156,0.3135,0.5020,0.3975,0.4666
1636100978003,2.4297,11.4141,0.1484,0.5713,0.4146,0.2419
1636100978018,2.3066,13.0781,0.2083,0.4255,0.4966,-0.1113
1636100978023,1.5625,13.5313,0.0694,0.0542,0.5986,-0.3018
1636100978034,0.8833,11.8125,-0.3687,-0.0947,0.5327,-0.0676
1636100978040,1.0459,10.4922,-0.8354,0.1277,0.4316,0.0728
1636100978058,1.3213,10.2734,-1.1699,0.4937,0.4646,-0.1346
1636100978062,1.1201,10.4531,-0.9121,0.8042,0.5771,-0.2389
1636100978069,0.5913,10.8047,-0.7134,0.9810,0.6665,-0.1953
1636100978074,0.2632,11.0000,-0.6079,1.0850,0.6636,-0.2474
1636100978100,0.4429,11.1953,-0.6938,1.1670,0.5835,-0.3474
1636100978104,0.6821,11.4922,-1.1201,1.2246,0.5283,-0.4475
1636100978109,0.7466,11.8047,-1.2617,1.2461,0.5752,-0.5249
1636100978119,0.5386,12.0547,-1.1348,1.2500,0.6294,-0.5645
1636100978124,0.2537,12.2656,-1.0820,1.1885,0.6157,-0.6152
1636100978159,0.1794,11.9453,-1.0986,1.0947,0.5303,-0.6484
1636100978163,0.4070,11.3359,-1.3398,1.0791,0.3743,-0.5942
1636100978168,0.6367,11.3203,-1.6416,1.1064,0.2922,-0.6440
1636100978173,0.8115,12.0313,-1.8047,1.0635,0.2891,-0.7866
1636100978178,0.7588,11.9297,-1.6543,0.9937,0.2656,-0.7324
1636100978190,0.7251,11.3516,-1.5127,0.9087,0.2295,-0.6440
1636100978195,0.8354,11.1328,-1.4023,0.8511,0.2146,-0.6699
1636100978220,0.7993,10.9141,-1.4072,0.8545,0.1785,-0.7007
1636100978224,0.8950,10.8984,-1.5625,0.8735,0.1124,-0.7251
1636100978229,1.0391,11.0000,-1.7090,0.8638,0.0742,-0.7593
1636100978240,1.1250,10.9688,-1.7979,0.8447,0.0508,-0.7612
1636100978245,1.1797,10.7500,-1.8408,0.8599,0.0390,-0.7568
1636100978271,1.1221,10.3672,-1.8838,0.8789,0.0242,-0.7646
1636100978291,1.1826,10.2969,-1.9961,0.8843,0.0007,-0.8027
1636100978296,1.2061,10.4375,-1.9434,0.8906,-0.0078,-0.8452
1636100978303,0.9287,10.5234,-1.8936,0.8599,-0.0067,-0.8462
1636100978309,0.5889,10.4922,-1.8643,0.8257,-0.0354,-0.7983
1636100978314,0.5195,10.2266,-1.6807,0.8257,-0.1003,-0.7412
1636100978321,0.6318,9.9453,-1.8213,0.7861,-0.1791,-0.7295
1636100978326,0.6963,10.0391,-2.0938,0.6870,-0.2249,-0.7466
1636100978351,0.5767,10.0391,-2.1172,0.5669,-0.2152,-0.7539
1636100978355,0.2369,9.6328,-1.9551,0.4363,-0.1897,-0.7168
1636100978360,-0.1364,9.0781,-1.6973,0.3201,-0.1780,-0.6240
1636100978371,-0.2944,9.0234,-1.8408,0.2372,-0.2217,-0.5737
1636100978375,-0.2130,9.2109,-2.1270,0.2074,-0.2695,-0.5220
1636100978401,-0.3040,8.7734,-2.0898,0.1957,-0.2610,-0.4006
1636100978417,-0.4907,8.3047,-2.0156,0.1606,-0.2375,-0.2869
1636100978421,-0.6177,8.1484,-2.0547,0.1309,-0.2312,-0.2208
1636100978427,-0.7681,7.9023,-2.0645,0.1351,-0.2386,-0.1698
1636100978436,-0.8906,7.8086,-2.1270,0.1383,-0.2375,-0.1367
1636100978443,-0.9360,7.8047,-2.2168,0.1426,-0.2227,-0.0942
1636100978447,-1.1250,7.6445,-2.0430,0.1138,-0.1599,-0.0485
1636100978471,-1.4238,7.4961,-1.8623,0.0681,-0.0886,0.0005
1636100978476,-1.6943,7.2461,-1.9121,0.1266,-0.0854,0.1111
1636100978480,-1.8887,6.9141,-2.0508,0.2223,-0.0876,0.2015
1636100978491,-1.9482,6.7539,-2.2109,0.2798,-0.0525,0.2452
1636100978496,-2.0176,6.6719,-2.4199,0.3457,-0.0046,0.3398
1636100978521,-1.9365,6.9180,-2.5781,0.4182,0.0433,0.4729
1636100978526,-1.7305,7.4570,-2.5625,0.3809,0.1167,0.5620
1636100978530,-1.7520,7.8359,-2.5742,0.2181,0.1975,0.6836
1636100978543,-1.8359,8.1797,-2.5566,0.0319,0.2944,0.8154
1636100978547,-1.6611,8.6094,-2.5000,-0.1064,0.3379,0.9229
1636100978571,-1.4863,8.6094,-2.3066,-0.1895,0.3411,1.0479
1636100978576,-1.4287,8.2578,-2.1133,-0.2937,0.3337,1.1416
1636100978581,-1.3018,8.0078,-2.2227,-0.4192,0.3018,1.1748
1636100978592,-1.0479,8.0156,-2.5234,-0.4863,0.2517,1.1777
1636100978596,-0.7036,8.4766,-2.7422,-0.5137,0.2231,1.1572
1636100978622,-0.2035,9.3594,-2.9453,-0.5063,0.2072,1.1465
1636100978626,0.2871,10.2109,-3.0566,-0.4395,0.1923,1.1768
1636100978631,0.5601,10.4219,-2.7148,-0.3394,0.1774,1.2139
1636100978642,0.4116,9.9766,-2.1270,-0.3096,0.1635,1.2012
1636100978646,0.1771,9.4453,-1.7588,-0.2830,0.0933,1.1055
1636100978675,0.1963,9.5781,-1.9990,-0.1628,-0.0716,0.9326
1636100978683,0.6870,10.8984,-2.2031,0.0372,-0.2450,0.6782
1636100978687,1.4795,12.7109,-2.5469,0.1191,-0.3779,0.4697
1636100978693,1.9365,13.4609,-3.0918,0.0202,-0.4292,0.4302
1636100978697,2.0547,13.1953,-2.9766,-0.2319,-0.3577,0.4602
1636100978722,1.7998,12.5938,-2.5371,-0.5073,-0.2407,0.5024
1636100978727,1.2588,11.7422,-2.1426,-0.6499,-0.1737,0.5239
1636100978731,0.8472,11.0156,-1.8525,-0.6797,-0.1940,0.5015
1636100978742,1.0264,10.8828,-1.9170,-0.6914,-0.2759,0.4229
1636100978747,1.5625,10.9063,-2.1855,-0.6777,-0.3269,0.3569
1636100978775,1.7979,11.1328,-2.2031,-0.7402,-0.1588,0.2218
1636100978794,1.7979,11.1328,-2.2031,-0.7402,-0.1588,0.2218
1636100978805,1.3135,10.4297,-2.0586,-0.7373,-0.0908,0.3142
1636100978821,1.5059,10.0156,-2.0840,-0.6436,-0.1067,0.3674
1636100978829,1.4795,9.6016,-2.0547,-0.4927,-0.0897,0.4526
1636100978835,1.4668,9.2578,-1.9551,-0.2969,-0.0726,0.5313
1636100978841,1.7451,9.6953,-1.8477,-0.1266,-0.0822,0.5376
1636100978846,1.8623,10.4766,-1.3574,-0.1224,-0.0588,0.3931
1636100978860,1.4980,10.2266,-1.5459,-0.3628,-0.0514,0.3728
1636100978867,1.6250,9.3359,-1.8506,-0.2839,-0.1290,0.5610
1636100978873,1.8291,9.0234,-1.9814,0.1234,-0.1642,0.5737
1636100978879,1.5391,9.7422,-1.9004,0.4915,-0.1514,0.4038
1636100978886,1.4121,10.4375,-1.8506,0.6362,-0.2152,0.2527
1636100978905,1.4004,10.4063,-2.0645,0.5830,-0.3206,0.1547
1636100978915,1.9102,10.3438,-2.0996,0.5615,-0.4685,0.0143
1636100978921,2.5977,11.3750,-2.0469,0.5063,-0.5874,-0.2932
1636100978925,2.3672,12.2266,-1.5674,0.2394,-0.5376,-0.4827
1636100978934,2.1172,12.5938,-1.7998,-0.0840,-0.6016,-0.4294
1636100978937,2.9102,12.4531,-1.9463,-0.2861,-0.6855,-0.4592
1636100978963,3.1406,11.9063,-1.6152,-0.4011,-0.6299,-0.4092
1636100978968,2.3066,11.4688,-1.0693,-0.6299,-0.5068,-0.4229
1636100978974,2.0938,10.4453,-1.2109,-0.7896,-0.5610,-0.3484
1636100978983,2.5781,10.0469,-1.5410,-0.7417,-0.6396,-0.3240
1636100978988,2.9004,10.8125,-1.5225,-0.8149,-0.5249,-0.4539
1636100979013,2.7539,10.7734,-1.1582,-0.9712,-0.3611,-0.3484
1636100979026,2.6094,10.0938,-0.9668,-1.1211,-0.2461,-0.1921
1636100979031,2.6348,9.9844,-0.7300,-1.1885,-0.1439,-0.1804
1636100979036,2.3789,10.2891,-0.2681,-1.2539,-0.0344,-0.2070
1636100979041,2.4102,10.1641,-0.1819,-1.3203,-0.0227,-0.1432
1636100979053,2.5918,9.7188,-0.3230,-1.3125,-0.0152,-0.0751
1636100979058,2.6973,9.6719,-0.4070,-1.2373,0.0603,-0.0580
1636100979084,2.6016,9.9141,-0.2920,-1.1475,0.1891,-0.0570
1636100979094,2.2285,10.0703,-0.3088,-1.1387,0.3081,-0.0623
1636100979099,1.9150,10.1328,-0.3184,-1.1270,0.3860,-0.0602
1636100979105,1.8574,10.4063,-0.3350,-1.0596,0.4316,-0.0793
1636100979109,1.6230,10.8047,-0.2106,-1.0215,0.4944,-0.1102
1636100979134,1.2256,11.1328,0.0431,-1.0674,0.5327,-0.1389
1636100979138,0.9263,11.1953,0.1173,-1.1348,0.5068,-0.1687
1636100979143,0.7490,11.1328,-0.0814,-1.1787,0.4326,-0.2006
1636100979154,0.5601,11.0547,-0.3184,-1.1748,0.3774,-0.2357
1636100979159,0.3423,11.2656,-0.3469,-1.1279,0.3540,-0.2803
1636100979184,-0.0024,11.5078,-0.2297,-1.0928,0.3337,-0.3218
1636100979189,-0.1891,11.6875,-0.1508,-1.1113,0.2783,-0.3677
1636100979210,-0.2969,11.9609,-0.0981,-1.1650,0.2231,-0.4282
1636100979215,-0.4092,12.0156,-0.1293,-1.2041,0.1582,-0.4761
1636100979220,-0.4092,12.0859,-0.1915,-1.2021,0.1008,-0.5220
1636100979224,-0.4021,12.5000,-0.0120,-1.1699,0.0912,-0.5898
1636100979234,-0.8379,12.5547,0.3638,-1.1484,0.0880,-0.6411
1636100979239,-1.0645,12.4531,0.5791,-1.1816,0.0199,-0.7114
1636100979264,-1.1133,12.2813,0.5239,-1.2314,-0.0493,-0.8198
1636100979269,-1.0742,11.9531,0.3687,-1.2295,-0.1088,-0.8955
1636100979282,-1.1221,11.5156,0.2944,-1.1533,-0.1248,-0.9590
1636100979288,-1.2158,11.2578,0.3733,-1.0117,-0.1216,-1.0254
1636100979302,-1.2471,11.2266,0.4978,-0.8564,-0.1333,-1.0947
1636100979309,-1.4502,11.0703,0.6343,-0.7446,-0.1290,-1.1387
1636100979314,-1.4746,10.9766,0.7876,-0.6831,-0.1365,-1.1777
1636100979325,-1.3838,11.0625,0.8594,-0.6274,-0.1514,-1.2305
1636100979330,-1.5488,10.8359,0.8545,-0.5776,-0.1577,-1.2402
1636100979355,-1.4551,10.4766,0.7681,-0.5342,-0.1833,-1.2354
1636100979360,-1.4102,10.1797,0.6392,-0.4714,-0.1802,-1.2471
1636100979364,-1.5146,9.8125,0.5767,-0.3596,-0.1642,-1.2412
1636100979377,-1.5293,9.4219,0.5049,-0.2118,-0.1567,-1.2285
1636100979383,-1.5723,9.2969,0.5815,-0.0532,-0.1418,-1.2236
1636100979396,-1.6016,9.3359,0.6343,0.0883,-0.1450,-1.2227
1636100979401,-1.5820,9.3203,0.6797,0.2000,-0.1620,-1.1846
1636100979426,-1.6367,9.1016,0.7158,0.2754,-0.1876,-1.1201
1636100979431,-1.6875,8.6328,0.6846,0.3542,-0.2472,-1.0557
1636100979436,-1.6445,8.0625,0.5693,0.4331,-0.3142,-1.0176
1636100979446,-1.4932,7.6914,0.3687,0.5381,-0.3706,-0.9995
1636100979451,-1.3164,7.4648,0.2681,0.7041,-0.4026,-0.9634
1636100979476,-1.2871,7.2617,0.2417,0.9014,-0.4175,-0.8965
1636100979480,-1.1631,7.1289,0.2512,1.1211,-0.4631,-0.8091
1636100979485,-0.9121,7.1680,0.3184,1.3213,-0.4983,-0.7080
1636100979497,-0.7085,7.4805,0.4858,1.4746,-0.5078,-0.6016
1636100979501,-0.5938,7.7617,0.6724,1.5693,-0.5288,-0.4624
1636100979526,-0.3159,7.8867,0.7705,1.6045,-0.5693,-0.3081
1636100979536,-0.0431,7.9141,0.8330,1.5996,-0.5801,-0.1633
1636100979541,0.0742,7.9023,0.9189,1.5732,-0.5703,-0.0314
1636100979547,0.2681,7.9336,1.0342,1.5156,-0.5610,0.0792
1636100979552,0.5195,8.0625,1.1055,1.4385,-0.5439,0.1877
1636100979566,0.6797,8.1875,1.1797,1.3496,-0.5044,0.3174
1636100979571,0.6938,8.1641,1.3613,1.1914,-0.4482,0.6323
1636100979596,0.8906,8.3359,1.4980,1.1113,-0.4077,0.7739
1636100979601,0.8521,8.2266,1.5029,0.9971,-0.3662,0.9419
1636100979606,0.9863,8.1484,1.3477,0.8662,-0.3215,1.1035
1636100979616,1.1729,8.3438,1.1533,0.7607,-0.2366,1.2256
1636100979621,1.2373,8.4219,1.0166,0.6851,-0.1376,1.3564
1636100979646,1.1514,8.2578,0.9624,0.6201,-0.0312,1.5049
1636100979651,1.0693,8.0313,0.8926,0.5703,0.0805,1.6045
1636100979656,1.0674,8.0313,0.8232,0.5859,0.1688,1.6396
1636100979666,1.0527,8.2422,0.7827,0.6616,0.2380,1.6387
1636100979672,1.0527,8.6328,0.5981,0.7520,0.2954,1.6230
1636100979703,0.8999,9.1641,0.3423,0.8501,0.3464,1.6084
1636100979708,0.9478,9.6172,0.0311,0.9595,0.3784,1.6045
1636100979715,1.0049,10.0547,-0.2656,1.0439,0.4231,1.6123
1636100979721,1.0313,10.4453,-0.5024,1.0791,0.4871,1.6035
1636100979727,1.0957,10.7969,-0.7612,1.0713,0.5562,1.5908
1636100979737,1.4072,11.2500,-0.8857,1.0723,0.6348,1.5605
1636100979744,1.2803,12.1484,-0.7251,1.0166,0.7871,1.4189
1636100979757,0.1580,13.0234,-0.6055,0.6958,0.9180,1.2021
1636100979763,0.5815,12.7188,-0.8662,0.5308,0.6348,1.3320
1636100979793,1.1152,11.4609,-1.3711,0.8022,0.4326,1.5137
1636100979798,1.1221,12.6328,-1.0625,0.8286,0.5537,1.0283
1636100979804,1.2754,15.5469,-0.6436,0.2266,0.6484,0.2942
1636100979810,0.8594,17.0156,-1.4121,-0.6553,0.5771,0.0079
1636100979815,0.2751,15.1875,-1.5889,-1.0801,0.4604,0.2590
1636100979827,0.1197,12.1563,-1.6660,-0.9819,0.3125,0.4653
1636100979833,0.3040,10.7813,-1.8408,-0.5327,0.1943,0.2759
1636100979857,0.5386,10.9219,-1.8193,0.0425,0.0986,0.0430
1636100979861,0.5625,11.2578,-1.5059,0.4639,0.1199,0.0430
1636100979864,0.2705,11.5000,-1.1465,0.4978,0.1965,0.0601
1636100979876,0.1675,11.6484,-1.1729,0.2830,0.1816,-0.0325
1636100979878,0.4883,11.3984,-1.4189,0.1575,0.0837,-0.0708
1636100979907,0.6846,11.0234,-1.4766,0.1542,0.0593,-0.0814
1636100979909,0.6128,11.1094,-1.5342,0.1309,0.0859,-0.1367
1636100979910,0.5503,11.3125,-1.5889,0.0851,0.0975,-0.1761
1636100979937,0.6318,11.1328,-1.5801,0.0234,0.0880,-0.1687
1636100979939,0.6846,10.8516,-1.7090,-0.0479,0.0816,-0.1687
1636100979940,0.7134,10.6484,-1.9170,-0.0638,0.0773,-0.1825
1636100979968,0.9238,10.5625,-2.0859,0.0404,0.0390,-0.1665
1636100979969,1.0098,10.6484,-1.8809,0.1564,0.0508,-0.2017
1636100979970,0.8066,10.7734,-1.7520,0.1393,0.0869,-0.2654
1636100979997,0.7178,10.8438,-1.6016,0.1021,0.0784,-0.3113
1636100979999,0.7754,10.7813,-1.5938,0.1149,0.0284,-0.3601
1636100980000,0.9287,10.6016,-1.7813,0.2021,-0.0280,-0.4070
1636100980027,1.0313,10.4688,-1.8672,0.3425,-0.0610,-0.4624
1636100980029,1.0674,10.5781,-1.9316,0.4756,-0.0759,-0.5229
1636100980030,1.0791,10.6250,-1.9072,0.5977,-0.0833,-0.5430
1636100980058,0.9907,10.5313,-1.8955,0.7031,-0.0865,-0.5347
1636100980059,0.9287,10.4766,-2.0156,0.7949,-0.1014,-0.5347
1636100980061,0.8999,10.3047,-2.1016,0.9077,-0.1121,-0.5293
1636100980089,0.7705,9.8203,-2.0723,1.0264,-0.1046,-0.5024
1636100980091,0.6509,9.3438,-2.1270,1.1572,-0.1014,-0.4963
1636100980093,0.4668,8.8828,-2.0938,1.3223,-0.0790,-0.4976
1636100980120,0.1053,8.2578,-2.3164,1.5635,-0.0908,-0.4399
1636100980121,0.1149,8.1016,-2.7070,1.9053,-0.1184,-0.4146
1636100980123,0.3901,8.5000,-3.0039,2.2090,-0.0759,-0.4304
1636100980150,0.3613,8.9688,-3.2363,2.3633,0.0273,-0.3953
1636100980151,0.2058,9.2734,-3.2773,2.3555,0.1508,-0.3389
1636100980153,0.1340,9.4141,-3.1426,2.2383,0.2529,-0.2676
1636100980179,-0.1508,9.3516,-3.0078,2.0723,0.3391,-0.1888
1636100980182,-0.3469,9.5234,-2.9160,1.8809,0.3943,-0.1708
1636100980183,-0.3518,9.7813,-2.9922,1.6367,0.4253,-0.1527
1636100980210,-0.4644,9.8828,-3.1563,1.3115,0.4709,-0.0868
1636100980211,-0.4954,9.9766,-3.3027,0.9692,0.4966,-0.0006
1636100980213,-0.4355,9.6797,-3.4707,0.6489,0.4966,0.1090
1636100980240,-0.4211,9.5469,-3.5566,0.2947,0.5239,0.1846
1636100980242,-0.2871,9.6328,-3.5840,-0.0181,0.5435,0.1973
1636100980243,-0.1794,9.6172,-3.7559,-0.2820,0.5186,0.2410
1636100980270,-0.0455,9.7031,-3.7168,-0.5488,0.4956,0.2749
1636100980272,0.0598,9.7344,-3.5977,-0.7534,0.4561,0.3057
1636100980273,0.1627,9.4219,-3.5371,-0.8042,0.3806,0.3525
1636100980305,0.2561,9.1953,-3.6094,-0.7905,0.2720,0.3484
1636100980306,0.4788,9.2500,-3.8770,-0.7520,0.1528,0.2803
1636100980308,0.8208,9.4141,-4.0625,-0.7183,0.0667,0.2133
1636100980330,1.0723,9.8047,-3.9160,-0.7588,0.0561,0.1483
1636100980332,1.0576,10.0391,-3.5313,-0.8896,0.0816,0.1260
1636100980334,0.7563,10.0781,-2.5566,-1.1201,0.0709,0.1569
1636100980361,0.8018,9.9375,-2.5352,-1.1348,-0.0386,0.1803
1636100980362,1.1367,9.6875,-2.7930,-1.0869,-0.1376,0.1664
1636100980364,1.4268,9.3828,-3.1738,-0.9746,-0.1737,0.1515
1636100980393,1.4219,9.2188,-2.9219,-0.8735,-0.1333,0.1580
1636100980395,1.1387,9.2422,-2.9160,-0.8120,-0.1174,0.1846
1636100980397,1.1152,9.2578,-2.8125,-0.6821,-0.1428,0.2079
1636100980421,1.2783,9.1406,-2.6055,-0.5435,-0.1620,0.2484
1636100980423,1.4141,8.8906,-2.5391,-0.4224,-0.1556,0.2942
1636100980426,1.3135,8.6719,-2.2617,-0.2458,-0.1354,0.3110
1636100980450,1.1104,9.1641,-1.9746,-0.1320,-0.1067,0.2164
1636100980451,1.0645,9.8281,-2.2207,-0.1288,-0.1503,0.1898
1636100980453,1.2490,9.7969,-2.4668,-0.1181,-0.2046,0.2430
1636100980481,1.4072,9.5625,-2.2500,-0.1309,-0.1631,0.2856
1636100980483,1.1514,9.4453,-2.3301,-0.2010,-0.1046,0.3142
1636100980485,0.9717,9.1250,-2.4609,-0.1830,-0.1290,0.3738
1636100980512,1.1729,9.0781,-2.1445,-0.1575,-0.1205,0.3867
1636100980514,1.2637,9.3203,-2.0156,-0.2330,-0.0599,0.4260
1636100980515,1.1582,9.1641,-1.8887,-0.2852,-0.0163,0.5024
1636100980542,1.1914,8.9531,-1.9004,-0.3191,0.0039,0.5386
1636100980544,1.3066,9.0078,-1.9316,-0.3606,0.0305,0.5698
1636100980545,1.4072,8.9844,-1.9170,-0.3394,0.0656,0.6396
1636100980572,1.6152,8.6563,-1.7158,-0.2234,0.0965,0.7334
1636100980574,1.7783,8.6094,-1.4404,-0.0756,0.1359,0.7983
1636100980576,1.7500,9.4922,-1.0215,-0.0075,0.1688,0.7261
1636100980602,1.8379,10.6016,-0.7920,-0.1819,0.1029,0.6216
1636100980604,1.8574,10.5938,-1.3760,-0.4351,0.0359,0.5908
1636100980606,1.9531,10.4219,-1.6543,-0.4436,0.0156,0.5396
1636100980632,1.8242,10.5234,-1.9814,-0.2043,-0.0503,0.5229
1636100980634,1.8506,10.7656,-1.8047,0.0074,-0.1270,0.4504
1636100980636,1.8242,10.8672,-1.6064,-0.0245,-0.1726,0.3154
1636100980663,1.6943,10.9219,-1.4453,-0.1521,-0.1865,0.1377
1636100980664,1.6279,11.1719,-1.7471,-0.3308,-0.2642,-0.0325
1636100980666,1.7285,11.5156,-1.7471,-0.4373,-0.3918,-0.1250
1636100980694,2.3965,12.2734,-1.4648,-0.6426,-0.4419,-0.3132
1636100980695,2.6934,12.8672,-1.5752,-1.0010,-0.3928,-0.3582
1636100980697,2.4629,12.5078,-1.4219,-1.2432,-0.3376,-0.2603
1636100980723,2.4395,11.8594,-1.1797,-1.4658,-0.3440,-0.2389
1636100980725,2.4258,10.9531,-1.0078,-1.6611,-0.3513,-0.1868
1636100980726,2.3457,10.0547,-0.9312,-1.7080,-0.3396,-0.1740
1636100980753,2.6309,9.7188,-1.0889,-1.5508,-0.4207,-0.1410
1636100980755,3.0938,10.0859,-0.8521,-1.3643,-0.3535,-0.1836
