1636101026561,-1.9463,1.4619,9.4297,0.2181,-0.1035,0.0069
1636101026562,-2.0391,1.5488,9.4453,0.2510,-0.0737,0.0100
1636101026564,-1.8789,1.8145,9.3359,0.2659,-0.0961,0.0164
1636101026575,-2.0371,1.9385,9.2813,0.2372,-0.0386,0.0728
1636101026576,-2.2598,1.9863,9.3047,0.2096,0.0029,0.1207
1636101026635,-2.3867,1.9844,9.3516,0.1830,-0.0269,0.1398
1636101026637,-2.4355,2.0410,9.3750,0.1521,-0.0833,0.1409
1636101026639,-2.4316,2.0938,9.3516,0.1074,-0.1354,0.1431
1636101026642,-2.3047,2.1777,9.2734,0.0500,-0.1567,0.1483
1636101026643,-2.3496,2.2031,9.2500,-0.0085,-0.1354,0.1537
1636101026644,-2.5391,2.0996,9.3047,-0.0607,-0.1428,0.1388
1636101026672,-2.6191,2.0195,9.2969,-0.0915,-0.2067,0.1122
1636101026674,-2.4434,1.9844,9.2109,-0.1032,-0.2769,0.0887
1636101026675,-2.2832,1.9053,9.1719,-0.1139,-0.2673,0.0930
1636101026693,-2.2813,1.7930,9.1641,-0.1224,-0.2057,0.1026
1636101026698,-2.2715,1.6660,9.2500,-0.1118,-0.1737,0.1154
1636101026700,-2.1563,1.5244,9.3047,-0.0926,-0.1663,0.1239
1636101026720,-2.1016,1.4434,9.4375,-0.0703,-0.1545,0.1186
1636101026722,-2.1133,1.4121,9.5078,-0.0564,-0.1514,0.1016
1636101026723,-2.0254,1.3760,9.4766,-0.0394,-0.1567,0.0824
1636101026752,-1.9600,1.4102,9.4609,-0.0245,-0.1450,0.0728
1636101026754,-1.9795,1.3691,9.4688,-0.0139,-0.1227,0.0675
1636101026755,-1.9629,1.3262,9.3594,0.0117,-0.1259,0.0590
1636101026778,-1.8643,1.4170,9.3281,0.0298,-0.1333,0.0420
1636101026780,-1.8457,1.4766,9.2656,0.0191,-0.1482,0.0622
1636101026786,-1.8721,1.3877,9.1172,0.0138,-0.1344,0.0664
1636101026807,-1.8164,1.4004,9.1484,0.0383,-0.1163,0.0239
1636101026809,-1.7715,1.5244,9.1484,0.0319,-0.1121,0.0345
1636101026811,-1.7764,1.4600,9.1641,0.0042,-0.1003,0.0505
1636101026838,-1.7520,1.6084,9.1563,-0.0170,-0.1121,0.0441
1636101026839,-1.6514,1.7158,9.1563,-0.0564,-0.1311,0.0398
1636101026840,-1.6660,1.8330,9.2578,-0.1139,-0.1385,0.0420
1636101026869,-1.6709,1.9365,9.3047,-0.1777,-0.1556,0.0515
1636101026870,-1.6846,2.0078,9.3516,-0.2458,-0.1823,0.0654
1636101026871,-1.7324,1.9814,9.3672,-0.3140,-0.2067,0.0675
1636101026901,-1.7324,1.9170,9.4375,-0.3669,-0.2333,0.0643
1636101026903,-1.7207,1.8525,9.4922,-0.4097,-0.2651,0.0590
1636101026904,-1.6807,1.7207,9.5313,-0.4309,-0.3142,0.0547
1636101026934,-1.6104,1.5654,9.6563,-0.4299,-0.3440,0.0590
1636101026936,-1.5225,1.4238,9.8047,-0.4170,-0.3621,0.0430
1636101026937,-1.3955,1.2539,9.7969,-0.3853,-0.3611,0.0281
1636101026959,-1.3477,1.1084,9.7344,-0.3159,-0.3003,0.0132
1636101026960,-1.4932,1.1084,9.7578,-0.2310,-0.2683,-0.0102
1636101026972,-1.4355,1.1611,9.7188,-0.1511,-0.3152,-0.0229
1636101026978,-1.3330,1.2373,9.5938,-0.0777,-0.3535,-0.0187
1636101026980,-0.7705,1.4355,8.9844,0.0053,-0.3088,-0.0017
1636101027008,-1.1777,1.3975,9.4219,0.1170,-0.0205,0.0473
1636101027016,-1.2900,1.4316,9.1641,0.1436,-0.1333,0.0281
1636101027017,-0.6221,1.5195,8.7969,0.2510,-0.1694,0.0239
1636101027034,-0.6294,1.5820,8.5859,0.3533,-0.0599,0.0558
1636101027036,-0.8379,1.6445,8.3906,0.4778,-0.0822,0.0515
1636101027058,-0.2010,1.5508,8.1406,0.6201,-0.1428,-0.0527
1636101027067,-0.1221,1.6729,8.0703,0.7769,0.0252,-0.0665
1636101027069,-0.2896,1.6328,8.0156,0.9609,0.0773,-0.0836
1636101027081,-0.0742,1.4668,7.7461,1.2002,0.0412,-0.1602
1636101027082,-0.1388,1.3643,7.4492,1.5479,0.0242,-0.2017
1636101027114,-0.0598,1.5586,7.1250,1.9736,-0.0120,-0.2612
1636101027115,0.1436,1.7666,6.9922,2.4160,-0.0152,-0.3740
1636101027116,0.0311,1.7354,6.6992,2.8867,-0.0120,-0.4453
1636101027140,0.0239,1.2227,6.3750,3.5176,-0.0599,-0.5122
1636101027147,0.0718,0.5527,6.1836,4.3633,-0.1195,-0.5781
1636101027149,-0.0742,0.8472,5.5977,5.3008,-0.1971,-0.7349
1636101027164,-0.1316,1.1729,4.9297,6.2344,-0.2822,-0.9497
1636101027165,-0.2656,1.0820,4.0078,7.2969,-0.3887,-0.9849
1636101027189,-0.3398,1.4600,2.4238,8.5547,-0.5386,-0.9751
1636101027191,0.0263,3.2031,0.8164,9.8047,-0.6387,-1.1719
1636101027200,0.1173,5.6602,-0.3398,10.7422,-0.5737,-1.3896
1636101027214,-0.1340,8.0547,-1.2441,11.3125,-0.5151,-1.3174
1636101027215,-0.4070,10.2031,-1.9248,11.5313,-0.5332,-1.1182
1636101027241,-0.5337,11.8125,-2.3223,11.4453,-0.5801,-0.9111
1636101027243,-0.6006,13.0000,-2.4102,11.1172,-0.6118,-0.6123
1636101027244,-0.6895,13.9375,-2.2949,10.6563,-0.6016,-0.2400
1636101027269,-0.8330,14.4375,-1.9170,10.1016,-0.5547,0.1451
1636101027271,-1.1318,14.6563,-1.6328,9.4766,-0.5566,0.5410
1636101027272,-1.1895,15.1094,-1.3262,7.8320,-0.5225,1.0791
1636101027304,-1.2256,15.0000,-1.6416,6.8672,-0.3801,1.3662
1636101027306,-1.4531,15.3438,-1.5605,5.9805,-0.1812,1.5859
1636101027309,-1.7666,15.7891,-1.3760,5.1719,-0.0567,1.7354
1636101027329,-2.0957,16.3438,-0.9888,4.2969,-0.0003,1.8057
1636101027331,-2.7520,16.5781,-0.4739,3.2813,-0.0354,1.8232
1636101027332,-3.0430,16.4219,-0.2585,2.1602,-0.2025,1.7900
1636101027359,-2.9453,16.0938,-0.5288,1.0615,-0.3823,1.6982
1636101027367,-2.9453,15.5156,-0.6294,0.1277,-0.4919,1.5898
1636101027368,-2.9824,14.8203,-0.7778,-0.6235,-0.6016,1.5127
1636101027390,-2.7051,13.9844,-1.1318,-1.1650,-0.7236,1.4648
1636101027392,-2.4297,12.8594,-1.2109,-1.4980,-0.7983,1.4121
1636101027397,-2.3789,11.7656,-1.3740,-1.7109,-0.8643,1.3066
1636101027409,-2.0156,10.8672,-1.5801,-1.8105,-0.9355,1.1523
1636101027414,-1.5029,10.2344,-1.5146,-1.7646,-0.9502,0.9795
1636101027439,-1.2227,9.7344,-1.3760,-1.5830,-0.9111,0.8306
1636101027444,-1.0342,9.1797,-1.3164,-1.2568,-0.8789,0.7378
1636101027448,-0.7158,8.6875,-1.3877,-0.8042,-0.8560,0.6621
1636101027460,-0.3469,8.5391,-1.4600,-0.3054,-0.7930,0.5708
1636101027464,-0.0048,9.1328,-1.3477,0.1584,-0.6665,0.4580
1636101027490,0.0263,10.0703,-1.0771,0.4819,-0.5151,0.3538
1636101027496,-0.1388,10.7109,-0.8140,0.5850,-0.4026,0.3079
1636101027503,-0.1077,10.9531,-0.5313,0.5371,-0.3408,0.2930
1636101027511,-0.0958,10.9141,-0.5552,0.4490,-0.3162,0.2813
1636101027517,0.0000,10.7891,-0.8403,0.4084,-0.3152,0.2759
1636101027530,0.2656,10.8984,-1.1777,0.3926,-0.2971,0.2494
1636101027534,0.4429,11.1016,-1.4795,0.3733,-0.2440,0.2313
1636101027560,0.5693,11.2266,-1.8145,0.3457,-0.1876,0.2261
1636101027564,0.5981,11.1328,-1.9814,0.2734,-0.1184,0.2090
1636101027570,0.5239,11.0156,-2.1172,0.1724,-0.0503,0.1738
1636101027581,0.4644,10.9141,-2.2480,0.1096,-0.0110,0.1356
1636101027585,0.4404,10.6953,-2.1660,0.0798,-0.0024,0.1069
1636101027602,0.3926,10.5938,-2.2324,0.0276,-0.0205,0.0707
1636101027604,0.4500,10.6563,-2.3340,-0.0415,-0.0397,0.0377
1636101027631,0.5313,10.6406,-2.4395,-0.1032,-0.0588,0.0345
1636101027633,0.6987,10.4219,-2.8125,-0.1500,-0.0886,0.0622
1636101027635,0.8447,9.9766,-3.0059,-0.1426,-0.0908,0.0845
1636101027662,0.9692,9.6484,-3.1074,-0.1022,-0.0620,0.0760
1636101027663,0.9814,9.5625,-3.2070,-0.0532,-0.0184,0.0515
1636101027665,0.9980,9.6016,-3.0664,-0.0075,0.0380,0.0430
1636101027692,0.9863,9.7969,-2.8477,0.0468,0.0922,0.0590
1636101027694,0.9907,9.9453,-2.6738,0.1170,0.1104,0.0750
1636101027695,0.9502,9.8516,-2.5840,0.1458,0.1178,0.0824
1636101027725,0.9453,9.6328,-2.5566,0.1500,0.1082,0.0845
1636101027727,1.0166,9.5469,-2.7148,0.1627,0.0901,0.0664
1636101027729,1.1270,9.5703,-2.9531,0.1893,0.0773,0.0377
1636101027753,1.1133,9.5234,-3.1426,0.2415,0.0752,0.0260
1636101027754,1.0361,9.4375,-3.1602,0.3032,0.0688,0.0164
1636101027756,0.9165,9.5703,-3.1289,0.3574,0.0593,-0.0048
1636101027781,0.7349,9.7578,-3.1465,0.3882,0.0380,-0.0134
1636101027783,0.7466,9.9609,-3.2383,0.3818,-0.0024,-0.0112
1636101027784,0.8042,10.0547,-3.2617,0.3298,-0.0195,0.0005
1636101027812,0.6533,9.9375,-3.1973,0.2426,-0.0195,0.0324
1636101027813,0.5767,9.8984,-3.2910,0.1542,-0.0556,0.0420
1636101027815,0.6797,9.8281,-3.4199,0.1053,-0.1078,0.0324
1636101027841,0.7275,9.7891,-3.4141,0.0957,-0.1407,0.0260
1636101027843,0.7827,9.7734,-3.4727,0.0925,-0.1716,0.0164
1636101027844,0.8423,9.7500,-3.5547,0.0883,-0.1886,0.0154
1636101027873,0.7300,9.5625,-3.5215,0.1160,-0.1908,0.0473
1636101027875,0.6509,9.5625,-3.4004,0.1532,-0.2067,0.0505
1636101027876,0.6582,9.8594,-3.3652,0.1616,-0.2515,0.0090
1636101027906,0.8018,10.1953,-3.4902,0.1170,-0.3025,-0.0112
1636101027910,0.8184,10.2422,-3.4180,0.0436,-0.3025,0.0239
1636101027916,0.8569,10.4141,-3.3867,-0.0628,-0.3088,0.0303
1636101027924,0.8545,10.3359,-3.3262,-0.1628,-0.3142,0.0654
1636101027928,0.8091,10.1016,-3.3047,-0.2563,-0.3174,0.1132
1636101027956,0.7803,9.9297,-3.2207,-0.3203,-0.3120,0.1356
1636101027958,0.7275,9.8594,-3.2598,-0.3723,-0.3196,0.1334
1636101027963,0.7441,9.7422,-3.3105,-0.3916,-0.3440,0.1472
1636101027972,0.8472,9.6016,-3.3730,-0.3767,-0.3535,0.1589
1636101027973,0.9551,9.6406,-3.3574,-0.3105,-0.3440,0.1483
1636101028002,0.9404,9.7500,-3.1973,-0.2659,-0.3098,0.1334
1636101028003,0.8042,9.7891,-3.0664,-0.2426,-0.2800,0.1547
1636101028004,0.7251,9.8438,-2.9766,-0.2288,-0.2664,0.1409
1636101028033,0.8833,9.8281,-2.9863,-0.2234,-0.2727,0.1366
1636101028035,0.8257,9.7578,-2.9375,-0.2150,-0.2301,0.1451
1636101028037,0.9214,9.7734,-2.9512,-0.1660,-0.2238,0.1451
1636101028063,0.9766,9.5000,-3.2090,-0.0862,-0.2227,0.1483
1636101028065,0.7061,9.5625,-3.4707,-0.0064,-0.1865,0.0952
1636101028067,0.9165,9.7734,-3.5098,0.2297,-0.1940,0.0994
1636101028094,1.0098,9.8281,-3.5020,0.4043,-0.1769,0.0941
1636101028096,0.6152,9.7188,-3.2910,0.4106,-0.0971,0.0739
1636101028097,-0.0168,9.1250,-2.9238,0.4053,-0.1471,-0.1687
1636101028124,-0.1101,9.4375,-3.4648,0.4011,-0.3088,-0.3506
1636101028125,0.3088,9.3281,-3.7988,0.5146,-0.4695,-0.4006
1636101028127,1.1563,9.5469,-4.7656,0.8789,-0.6470,-0.3398
1636101028154,0.5625,11.2656,-4.3203,0.9956,-0.5898,-0.5591
1636101028156,0.8857,11.9219,-3.8965,0.6406,-0.6260,-0.5610
1636101028157,0.9404,10.8125,-3.9824,0.2437,-0.6367,-0.3176
1636101028184,0.2896,10.2422,-3.8672,0.0883,-0.6289,-0.2537
1636101028186,0.4331,10.3906,-3.6074,0.0585,-0.7344,-0.2505
1636101028188,0.4692,10.9922,-3.9336,-0.1362,-0.8193,-0.3284
1636101028220,0.7661,11.3672,-3.9941,-0.3638,-0.8843,-0.3484
1636101028222,1.1963,11.0391,-4.1250,-0.4702,-0.9131,-0.2634
1636101028224,1.0938,10.9609,-3.9824,-0.5254,-0.8789,-0.2346
1636101028244,1.1348,10.6250,-3.7051,-0.5796,-0.8545,-0.2028
1636101028246,1.2324,10.4141,-3.5332,-0.6499,-0.8237,-0.2059
1636101028248,1.1436,10.0078,-3.3223,-0.6807,-0.7676,-0.1602
1636101028274,1.2803,9.8672,-3.2207,-0.6670,-0.7397,-0.1495
1636101028275,1.4795,10.0000,-2.8848,-0.6299,-0.6577,-0.1527
1636101028277,1.4170,10.0156,-2.6641,-0.5693,-0.5405,-0.1240
1636101028304,1.2969,9.9453,-2.4141,-0.4766,-0.4492,-0.1027
1636101028307,1.4863,10.1250,-2.2773,-0.3958,-0.3557,-0.1123
1636101028310,1.3379,10.4375,-1.9746,-0.3564,-0.2195,-0.1208
1636101028334,1.1367,10.6563,-1.6973,-0.3723,-0.0971,-0.1432
1636101028335,1.0791,10.7578,-1.5605,-0.3735,0.0114,-0.1633
1636101028336,0.8042,10.6328,-1.3594,-0.3533,0.1327,-0.1974
1636101028363,0.7441,10.4141,-1.4404,-0.3267,0.2189,-0.2454
1636101028364,0.8521,10.3281,-1.5605,-0.2542,0.3306,-0.2869
1636101028365,0.4858,10.4375,-1.5195,-0.1713,0.4858,-0.3293
1636101028395,0.1891,10.6328,-1.5273,-0.1053,0.5996,-0.3740
1636101028396,-0.1316,10.7031,-1.4814,-0.0703,0.6943,-0.4155
1636101028398,-0.3230,10.7500,-1.4219,-0.0607,0.7676,-0.4644
1636101028425,-0.4548,10.8047,-1.3574,-0.0617,0.8340,-0.5039
1636101028426,-0.6895,10.8672,-1.3359,-0.0819,0.8936,-0.5347
1636101028428,-0.8379,10.9531,-1.3857,-0.1128,0.9453,-0.5698
1636101028455,-1.1152,10.8203,-1.4238,-0.1340,0.9956,-0.5869
1636101028456,-1.2900,10.4219,-1.4844,-0.1543,1.0371,-0.5962
1636101028458,-1.4053,10.2578,-1.6084,-0.1478,1.0850,-0.6284
1636101028485,-1.3740,10.2969,-1.6543,-0.1128,1.1357,-0.6494
1636101028487,-1.4287,10.3125,-1.5986,-0.1022,1.1992,-0.6636
1636101028488,-1.6660,10.0469,-1.6465,-0.1478,1.2549,-0.6738
1636101028515,-1.6016,9.6328,-1.8691,-0.1638,1.2910,-0.6934
1636101028516,-1.5703,9.3516,-1.9648,-0.1032,1.3496,-0.7231
1636101028518,-1.5078,9.1172,-2.0488,0.0010,1.4180,-0.7466
1636101028545,-1.4004,8.7656,-2.1660,0.1064,1.4902,-0.7397
1636101028547,-1.4619,8.3047,-2.3008,0.2107,1.5762,-0.7271
1636101028549,-1.4883,7.8867,-2.5996,0.3384,1.6367,-0.7285
1636101028594,-1.3594,7.5859,-2.8711,0.5044,1.7061,-0.7231
1636101028596,-1.4316,7.4219,-3.0703,0.6733,1.8037,-0.7188
1636101028597,-1.4648,7.1563,-3.4063,0.8320,1.8691,-0.7007
1636101028599,-1.4004,6.8867,-3.7012,0.9956,1.9277,-0.6772
1636101028601,-1.4072,6.6289,-3.8848,1.1826,1.9912,-0.6323
1636101028628,-1.6279,6.2383,-4.1367,1.3779,2.0273,-0.5674
1636101028633,-1.3018,5.9570,-4.6250,1.5986,2.0352,-0.4985
1636101028645,-1.0166,5.9023,-5.2539,1.8447,2.0918,-0.4250
1636101028650,-0.7539,6.1953,-5.7695,2.0488,2.1855,-0.3303
1636101028660,-0.5073,6.5430,-6.1797,2.1836,2.2754,-0.1698
1636101028678,-0.2896,6.8945,-6.4063,2.2480,2.3672,0.0132
1636101028683,-0.1891,7.1719,-6.5391,2.2598,2.4434,0.2079
1636101028694,-0.0048,7.2891,-6.7344,2.2578,2.4785,0.3792
1636101028706,0.2322,7.4063,-6.8555,2.2480,2.5000,0.5205
1636101028709,0.4453,7.7422,-6.9805,2.2129,2.4863,0.6494
1636101028723,0.5981,8.2500,-7.0547,2.1465,2.4063,0.7622
1636101028731,0.9385,8.9297,-7.2578,2.0293,2.2832,0.8550
1636101028744,1.0889,9.4688,-7.2031,1.8428,2.1895,0.9058
1636101028748,1.0361,9.8359,-6.9883,1.5977,2.0605,0.9517
1636101028758,1.1729,9.8984,-6.4805,1.3145,1.8672,0.9600
1636101028775,1.2324,9.4141,-5.1094,1.0117,1.6533,0.8940
1636101028776,1.6709,10.6016,-5.6563,0.6553,1.2559,0.5215
1636101028777,1.5391,13.5547,-7.5000,0.1107,0.8188,-0.0953
1636101028807,1.2109,12.4219,-6.6484,0.0372,0.5698,0.1377
1636101028809,1.4053,11.5781,-7.2930,-0.0958,0.2189,0.2430
1636101028810,2.2129,11.7344,-7.5234,-0.5010,-0.0748,-0.1581
1636101028839,1.9463,10.5938,-7.0547,-0.7896,-0.1748,-0.1782
1636101028843,1.1416,9.3672,-6.7227,-0.9258,-0.2781,-0.1283
1636101028845,1.2373,9.2656,-6.5547,-1.0361,-0.5098,-0.2303
1636101028866,1.4531,9.4688,-6.3828,-1.1211,-0.7012,-0.2644
1636101028870,1.2852,9.5625,-6.2383,-1.2715,-0.7993,-0.2517
1636101028873,1.0693,9.6016,-6.0977,-1.4648,-0.8950,-0.2505
1636101028895,1.0625,9.5313,-6.1953,-1.6182,-1.0205,-0.2272
1636101028896,1.1582,9.8828,-6.0859,-1.6924,-1.1230,-0.2134
1636101028901,0.9624,9.8438,-5.6563,-1.8535,-1.1787,-0.1644
1636101028924,0.6724,9.2656,-5.3281,-2.0957,-1.2549,-0.0729
1636101028926,0.7637,9.0859,-5.1289,-2.2773,-1.3506,-0.0793
1636101028927,0.7637,9.0000,-5.0352,-2.3652,-1.4102,-0.0740
1636101028955,0.6748,8.5469,-4.8281,-2.3379,-1.4629,0.0122
1636101028957,0.6606,8.2500,-4.6758,-2.2207,-1.5244,0.0494
1636101028958,0.7324,8.1328,-4.5391,-2.0410,-1.5713,0.0473
1636101028988,0.7134,8.1250,-4.4141,-1.8838,-1.5771,0.0260
1636101028989,0.5938,8.0313,-4.2109,-1.7432,-1.5586,0.0175
1636101028991,0.5171,7.8828,-4.0117,-1.3281,-1.5469,0.0537
1636101029019,0.6079,8.0859,-3.5781,-1.0996,-1.5078,0.0845
1636101029021,0.5503,8.2031,-3.3984,-0.8989,-1.4580,0.1271
1636101029022,0.5337,8.1484,-3.3008,-0.7256,-1.4111,0.1803
1636101029045,0.5073,7.8789,-3.3516,-0.5669,-1.3623,0.2356
1636101029051,0.4165,7.5938,-3.3047,-0.4033,-1.3008,0.2739
1636101029052,0.3208,7.4453,-3.1777,-0.2245,-1.2295,0.2942
1636101029075,0.3374,7.8047,-2.8555,-0.0532,-1.1621,0.3123
1636101029077,0.3208,8.4766,-2.6719,0.0351,-1.0957,0.3398
1636101029078,0.3159,8.9141,-2.5938,0.0276,-1.0215,0.4016
1636101029106,0.3972,9.4141,-2.1895,-0.0819,-0.9302,0.4355
1636101029107,0.3208,9.8281,-1.7900,-0.2744,-0.8408,0.4771
1636101029108,0.1652,10.0156,-1.3857,-0.4832,-0.7661,0.4963
1636101029137,0.1580,10.3047,-0.8999,-0.7041,-0.6821,0.4792
1636101029139,0.1460,10.6016,-0.6196,-0.9053,-0.6055,0.4602
1636101029140,0.1771,10.7109,-0.4692,-1.0273,-0.5537,0.4080
1636101029166,0.2991,10.7188,-0.5264,-1.0400,-0.4961,0.3440
1636101029167,0.5000,10.6719,-0.7778,-0.9531,-0.4026,0.2771
1636101029169,0.6294,10.4531,-0.8042,-0.8076,-0.2493,0.2271
1636101029197,0.5264,10.0156,-0.7061,-0.5977,-0.0631,0.2112
1636101029199,0.2178,9.5859,-0.4883,-0.2905,0.0975,0.2037
1636101029201,0.0526,9.4922,-0.2322,0.0202,0.2114,0.1483
1636101029228,-0.0048,9.7813,-0.1221,0.2595,0.2986,0.0877
1636101029231,0.0383,10.1797,-0.2969,0.4031,0.3667,0.0313
1636101029233,0.2155,10.3984,-0.6509,0.4224,0.4338,-0.0187
1636101029257,0.2847,10.3516,-1.0361,0.3894,0.5254,-0.0283
1636101029260,0.2035,10.1094,-1.3574,0.3745,0.6211,-0.0357
1636101029262,0.1268,9.9844,-1.5195,0.3840,0.7007,-0.0495
1636101029287,-0.2681,10.2422,-1.3096,0.4214,0.7637,-0.0495
1636101029289,-0.7681,10.1016,-1.2969,0.4309,0.7446,0.0186
1636101029291,-0.4500,10.1016,-1.5391,0.3850,0.6499,0.0079
1636101029318,0.1029,10.3906,-1.8906,0.2808,0.5850,-0.0432
1636101029320,0.1245,10.5469,-1.9775,0.1819,0.5952,-0.0368
1636101029321,-0.0479,10.4531,-1.8809,0.0957,0.5859,-0.0304
1636101029348,-0.0670,10.3203,-1.8740,0.0127,0.5264,-0.0591
1636101029350,-0.0239,10.3594,-2.0508,-0.0617,0.4529,-0.1070
1636101029351,0.0694,10.2969,-2.2598,-0.0958,0.3870,-0.1389
1636101029379,0.1580,10.1250,-2.3828,-0.0905,0.3379,-0.1389
1636101029382,0.1460,9.8359,-2.5234,-0.0575,0.2944,-0.1155
1636101029384,0.1580,9.5938,-2.6523,-0.0128,0.2444,-0.1006
1636101029408,0.3230,9.4688,-2.7539,0.0202,0.2103,-0.1006
1636101029410,0.4165,9.6406,-2.7227,0.0244,0.2124,-0.1155
1636101029412,0.3972,9.7969,-2.6758,-0.0160,0.2083,-0.1102
1636101029438,0.4331,9.6563,-2.6230,-0.0617,0.1912,-0.0751
1636101029440,0.4524,9.5547,-2.6152,-0.1043,0.1731,-0.0485
1636101029442,0.4260,9.5547,-2.5293,-0.1469,0.1614,-0.0240
1636101029468,0.3613,9.5547,-2.4941,-0.2043,0.1411,0.0100
1636101029470,0.3230,9.3594,-2.4629,-0.2437,0.1061,0.0632
1636101029472,0.3088,9.1484,-2.5391,-0.2607,0.0763,0.1079
1636101029498,0.4932,9.1875,-2.6758,-0.2437,0.0497,0.1186
1636101029500,0.6772,9.3828,-2.8125,-0.2192,0.0422,0.1090
1636101029502,0.5410,9.6250,-2.6230,-0.2085,0.0561,0.0941
1636101029529,0.3950,9.9766,-2.8105,-0.2617,0.0295,0.0601
1636101029530,0.4788,9.5156,-2.7109,-0.2245,-0.0099,0.1271
1636101029532,0.4045,9.3984,-2.5703,-0.1649,-0.0046,0.1729
1636101029559,0.1747,9.6172,-2.3262,-0.0426,-0.0620,0.1941
1636101029563,0.3135,10.1328,-1.8887,0.0308,-0.1599,0.1249
1636101029566,0.0958,10.8750,-2.2773,-0.1713,-0.2078,-0.0314
1636101029589,-0.2297,11.2344,-2.6719,-0.2861,-0.3621,-0.0421
1636101029591,0.0742,11.2109,-3.1250,-0.2671,-0.5674,-0.0240
1636101029592,0.5742,11.3594,-3.3145,-0.3352,-0.6440,-0.1272
1636101029619,0.1866,10.7891,-3.5000,-0.3979,-0.6694,-0.1027
1636101029621,-0.1794,10.1328,-3.6758,-0.2925,-0.7759,-0.1091
1636101029622,0.3926,10.8750,-3.9238,-0.1554,-0.9536,-0.3398
1636101029649,0.6318,11.3359,-4.1094,-0.2010,-0.9995,-0.4028
1636101029651,-0.0120,11.1641,-3.6719,-0.3191,-0.9790,-0.3037
1636101029652,0.1986,10.7656,-3.3164,-0.4417,-1.0645,-0.3218
1636101029679,0.7563,10.6719,-3.4043,-0.4746,-1.1924,-0.3357
1636101029681,0.6821,10.8984,-3.3691,-0.4363,-1.2061,-0.3740
1636101029683,0.7300,11.0938,-3.2383,-0.3457,-1.2334,-0.3474
1636101029709,0.8906,10.9531,-3.0977,-0.3118,-1.2471,-0.3037
1636101029711,0.7778,10.4609,-2.9961,-0.3054,-1.2236,-0.2432
1636101029713,0.8735,10.1172,-2.9434,-0.2053,-1.2031,-0.2177
1636101029740,1.0605,10.2266,-2.8242,-0.0341,-1.1641,-0.2517
1636101029742,0.8496,10.8906,-2.5898,0.0298,-1.0977,-0.3474
1636101029744,0.6436,11.4219,-2.3555,-0.0458,-1.0371,-0.4070
1636101029770,0.7202,11.4766,-2.4746,-0.1255,-1.0000,-0.4197
1636101029772,0.7061,11.0703,-2.6445,-0.1128,-0.9155,-0.4187
1636101029774,0.6055,10.3750,-2.5488,0.0244,-0.8027,-0.4070
1636101029800,0.6392,10.1719,-2.3223,0.2405,-0.6831,-0.4719
1636101029802,0.4907,10.2969,-2.0215,0.4639,-0.5366,-0.5430
1636101029804,0.3040,10.2969,-1.6924,0.8926,-0.2620,-0.6025
1636101029830,0.0909,10.4141,-1.4883,1.0703,-0.1121,-0.6519
1636101029832,0.0000,10.4688,-1.4502,1.2119,0.0337,-0.6870
1636101029834,-0.0263,10.3203,-1.5293,1.3242,0.1997,-0.6982
1636101029861,-0.1747,10.0313,-1.5195,1.4004,0.3955,-0.6997
1636101029862,-0.3254,9.9766,-1.3740,1.4287,0.5986,-0.7153
1636101029864,-0.7876,10.0234,-0.9668,1.4023,0.8062,-0.7188
1636101029892,-1.0557,10.0391,-0.6919,1.3408,0.9243,-0.7217
1636101029893,-1.0557,9.9141,-0.6006,1.2578,1.0059,-0.7207
1636101029895,-1.1035,9.7891,-0.6128,1.1641,1.0967,-0.7070
1636101029919,-1.0674,9.6094,-0.8066,1.0830,1.1680,-0.7026
1636101029920,-0.9741,9.4531,-1.0342,0.9766,1.2578,-0.7007
1636101029922,-1.0361,9.3516,-1.1133,0.8364,1.3945,-0.6846
1636101029949,-1.2178,9.2734,-1.1133,0.6870,1.5283,-0.6646
1636101029950,-1.2637,9.1641,-1.1943,0.5693,1.6172,-0.6357
1636101029952,-1.2520,8.7969,-1.3311,0.4702,1.7051,-0.5781
1636101029979,-1.3574,8.1484,-1.6445,0.4021,1.7852,-0.5078
1636101029981,-1.2900,7.5664,-2.0820,0.4128,1.8496,-0.4602
1636101029983,-1.2734,7.1406,-2.5566,0.4778,1.9268,-0.4102
1636101030011,-1.2490,6.8359,-2.9902,0.5693,2.0078,-0.3569
1636101030013,-1.2324,6.6719,-3.3965,0.6680,2.0957,-0.2952
1636101030015,-1.2686,6.6836,-3.7754,0.7744,2.1543,-0.2251
1636101030041,-1.0908,6.7344,-4.2500,0.8970,2.1738,-0.1506
1636101030043,-0.9385,6.7227,-4.8281,1.0010,2.1914,-0.0718
1636101030045,-0.8091,6.7852,-5.2969,1.1162,2.1895,0.0111
1636101030071,-0.6152,7.0781,-5.7266,1.2813,2.1523,0.0813
1636101030073,-0.2920,7.4688,-6.1875,1.4492,2.1094,0.1505
1636101030075,-0.0909,7.7969,-6.4727,1.5723,2.0859,0.2505
1636101030102,0.0287,7.9414,-6.6602,1.6455,2.0605,0.3940
1636101030104,0.2058,8.0078,-6.7734,1.6826,2.0195,0.5430
1636101030105,0.3447,8.2422,-6.8008,1.6738,1.9580,0.6729
1636101030136,0.4883,8.5625,-6.9414,1.6172,1.8604,0.7759
1636101030137,0.8208,8.9219,-7.0781,1.5127,1.7305,0.8579
1636101030140,1.0889,8.8438,-6.3203,1.3662,1.6123,0.9121
1636101030161,1.3809,10.0156,-6.4414,1.0527,1.4131,0.7495
1636101030163,0.8257,12.2969,-7.3711,0.4106,1.1875,0.3154
1636101030165,0.2394,11.0000,-6.5352,0.1755,0.9155,0.5464
1636101030194,0.6963,10.6563,-6.7930,0.0872,0.4753,0.6279
1636101030197,1.9697,11.9375,-6.9805,-0.2437,0.0997,0.1941
1636101030199,2.0801,12.2891,-6.8750,-0.6084,-0.0737,0.0462
1636101030223,1.2705,11.7656,-6.9063,-0.9766,-0.1876,0.0186
1636101030225,1.2393,10.6953,-6.8633,-1.2480,-0.4153,-0.0314
1636101030226,1.5293,9.4141,-6.8672,-1.3066,-0.5972,-0.0027
1636101030254,1.4746,9.0547,-6.7188,-1.3066,-0.6865,-0.0698
1636101030256,1.3574,9.2656,-6.4102,-1.3857,-0.7505,-0.1921
1636101030257,1.3047,9.2422,-6.2070,-1.5146,-0.7832,-0.2134
1636101030283,1.1416,9.2188,-6.1094,-1.5273,-0.8091,-0.2113
1636101030285,0.6987,8.9766,-5.6172,-1.4346,-0.8579,-0.1644
1636101030287,0.5479,9.0234,-5.5273,-1.4707,-0.9482,-0.1761
1636101030313,0.7373,9.2813,-5.4844,-1.5371,-1.0371,-0.2208
1636101030314,0.6699,9.3672,-5.2813,-1.5938,-1.0684,-0.2059
1636101030316,0.4858,9.2344,-5.1250,-1.6191,-1.1123,-0.1357
1636101030347,0.4883,9.0391,-4.9336,-1.5908,-1.1650,-0.0740
1636101030349,0.4429,9.0859,-4.7578,-1.5410,-1.1982,-0.0272
1636101030351,0.3159,9.0859,-4.5039,-1.4961,-1.2109,0.0005
1636101030375,0.2035,9.1328,-4.3008,-1.4912,-1.2227,-0.0048
1636101030376,0.0958,9.2813,-4.0938,-1.5313,-1.2275,-0.0251
1636101030378,0.0096,9.5156,-3.8809,-1.5713,-1.2363,-0.0304
1636101030402,-0.0598,9.6563,-3.6367,-1.5908,-1.2490,-0.0187
1636101030404,-0.1029,9.6328,-3.3789,-1.6064,-1.2568,0.0111
1636101030405,-0.1963,9.6172,-3.1406,-1.6211,-1.2559,0.0356
1636101030432,-0.2800,9.5313,-2.8340,-1.6211,-1.2500,0.0569
1636101030433,-0.3447,9.5078,-2.5273,-1.6182,-1.2373,0.0590
1636101030434,-0.3469,9.5859,-2.2656,-1.6260,-1.2129,0.0452
1636101030461,-0.3711,9.4375,-1.9912,-1.6309,-1.1689,0.0473
1636101030463,-0.3208,9.1328,-1.8740,-1.5957,-1.1250,0.0558
1636101030464,-0.2656,8.7578,-1.7637,-1.5029,-1.0635,0.0611
1636101030494,-0.2512,8.2344,-1.7158,-1.3545,-0.9619,0.0867
1636101030495,-0.1460,8.0078,-1.6943,-1.0615,-0.8599,0.1398
1636101030497,-0.0311,8.3984,-1.0244,-0.7563,-0.6895,0.1090
1636101030524,-0.3806,8.9141,-0.6006,-0.6587,-0.4993,0.0803
1636101030526,-0.5889,9.0078,-0.2751,-0.5435,-0.4077,0.1589
1636101030527,-0.3757,8.9609,-0.0981,-0.3777,-0.3525,0.1984
1636101030554,-0.2106,9.2422,0.0072,-0.2659,-0.2450,0.1813
1636101030556,-0.2489,9.5938,0.0933,-0.2224,-0.1227,0.1792
1636101030558,-0.2058,9.8438,0.1891,-0.2159,0.0859,0.1738
1636101030584,-0.1794,10.1172,0.2871,-0.2118,0.1869,0.1952
1636101030586,-0.1891,10.1875,0.3088,-0.1735,0.2656,0.2302
1636101030588,-0.1843,10.1563,0.2681,-0.1692,0.3433,0.2261
1636101030613,-0.2202,9.8828,0.1460,-0.1915,0.4285,0.2313
1636101030615,-0.2083,9.5781,-0.0526,-0.1532,0.5020,0.2410
1636101030625,-0.1699,9.5078,-0.2417,-0.0819,0.5718,0.2133
1636101030644,-0.1508,9.6563,-0.5576,-0.0096,0.6265,0.1930
1636101030646,-0.0790,9.7656,-0.7852,0.0627,0.6699,0.2004
1636101030648,-0.0909,9.6641,-0.9097,0.1245,0.7178,0.2356
1636101030676,-0.1268,9.6250,-0.9146,0.2064,0.7422,0.2695
1636101030677,-0.2227,9.6172,-1.0215,0.2925,0.7285,0.2803
1636101030679,-0.2178,9.7578,-1.2012,0.3616,0.6797,0.2759
1636101030704,-0.0215,10.0625,-1.4482,0.3628,0.6274,0.2164
1636101030706,0.1149,10.2656,-1.9072,0.2703,0.5952,0.1781
1636101030708,0.2585,10.1563,-2.0059,0.2117,0.5688,0.2026
1636101030734,0.3447,9.9766,-1.9121,0.2139,0.5444,0.2015
1636101030736,0.0359,9.9922,-2.1367,0.2297,0.4839,0.1749
1636101030738,-0.0144,10.2188,-2.4766,0.2776,0.3477,0.1505
1636101030765,0.3997,10.3594,-2.6934,0.3286,0.2167,0.1196
1636101030767,0.5889,10.4766,-2.8145,0.3467,0.1593,0.1228
1636101030768,0.5239,10.4922,-2.8105,0.3362,0.1210,0.1313
1636101030795,0.4548,10.3750,-2.8340,0.3394,0.0401,0.1345
1636101030797,0.5693,10.3906,-2.7832,0.3467,-0.0514,0.1047
1636101030798,0.7109,10.5078,-2.6543,0.3213,-0.1141,0.0845
1636101030825,0.6392,10.4453,-2.4727,0.2690,-0.1599,0.0728
1636101030827,0.5864,10.4453,-2.5918,0.2202,-0.2546,0.0292
1636101030828,0.7778,10.5703,-2.9121,0.2148,-0.3770,-0.0112
1636101030855,1.0293,10.7109,-3.1973,0.2266,-0.4556,-0.0293
1636101030857,1.2012,10.8672,-3.2773,0.2170,-0.4622,-0.0325
1636101030858,1.1221,11.0391,-3.1816,0.1277,-0.4292,-0.0240
1636101030885,0.7705,10.9063,-2.9297,-0.0394,-0.3940,-0.0006
1636101030887,0.5503,10.6641,-2.7969,-0.2085,-0.3887,0.0122
1636101030889,0.6030,10.3750,-2.7090,-0.3181,-0.3877,0.0303
1636101030915,0.5981,9.9063,-2.5059,-0.3628,-0.3503,0.0867
1636101030917,0.4092,9.3594,-2.2227,-0.3352,-0.3057,0.1334
1636101030919,0.3613,9.0703,-2.2773,-0.2362,-0.3066,0.1505
1636101030944,0.5840,9.0078,-2.4414,-0.0851,-0.2993,0.1686
1636101030946,0.7036,9.0078,-2.4668,0.0957,-0.2407,0.1813
1636101030947,0.6079,9.1719,-2.4316,0.2468,-0.1812,0.1632
1636101030974,0.5146,9.4063,-2.3027,0.3394,-0.1428,0.1431
1636101030975,0.6128,9.7969,-2.1699,0.3542,-0.1110,0.0930
1636101030976,0.3423,9.8203,-1.9727,0.3394,-0.0588,0.1016
1636101031004,0.1221,9.8828,-1.9678,0.3191,-0.0641,0.1037
1636101031005,0.2681,10.0234,-2.0840,0.3169,-0.1110,0.1175
1636101031007,0.3687,10.0000,-2.0313,0.2839,-0.0918,0.1558
1636101031035,0.2202,10.0938,-1.8721,0.2000,-0.0354,0.2004
1636101031037,0.0024,10.1953,-1.6777,0.0978,-0.0024,0.2399
1636101031039,0.1029,10.2813,-1.7158,0.0010,-0.0301,0.2642
1636101031064,0.2825,10.0859,-1.6680,-0.0830,-0.0493,0.2930
1636101031065,0.2274,9.9297,-1.0908,-0.1447,-0.0152,0.2484
1636101031066,-0.4453,10.1016,-1.2900,-0.3074,-0.0152,0.0069
1636101031094,-0.8379,10.5469,-1.7021,-0.3564,-0.1428,-0.1602
1636101031095,-0.0383,10.0703,-2.1367,0.0308,-0.4324,-0.0495
1636101031096,0.5864,10.3750,-2.3496,0.3723,-0.4961,-0.1324
1636101031125,0.0168,11.2422,-2.3457,0.3904,-0.4419,-0.2815
1636101031126,-0.2800,11.5703,-2.2734,0.2637,-0.5078,-0.3433
1636101031127,-0.0742,10.8594,-2.2266,0.1489,-0.5747,-0.3560
1636101031161,0.2489,10.2656,-2.9805,0.2903,-0.7056,-0.2825
1636101031162,0.3208,10.9609,-3.0195,0.5210,-0.6982,-0.3848
1636101031164,0.0024,12.1563,-2.7500,0.5352,-0.6812,-0.4729
1636101031187,0.8711,12.1719,-2.3066,0.2340,-0.7344,-0.4485
1636101031194,0.7061,11.4922,-2.4219,-0.1809,-0.6846,-0.3867
1636101031200,0.5840,11.1328,-2.1484,-0.2310,-0.6396,-0.3699
1636101031207,0.9668,11.1953,-1.6807,-0.2085,-0.6216,-0.3613
1636101031214,0.8164,11.5156,-1.2920,-0.3872,-0.5376,-0.3740
1636101031228,0.8447,10.9297,-1.2588,-0.5640,-0.5142,-0.3018
1636101031252,1.0625,10.2969,-1.5586,-0.6201,-0.4939,-0.2666
1636101031260,1.2275,10.3906,-1.6367,-0.5928,-0.4109,-0.3081
1636101031272,1.3018,10.8594,-1.7520,-0.5947,-0.3196,-0.3655
1636101031285,1.2354,11.0547,-1.9053,-0.6265,-0.2249,-0.3848
1636101031295,0.8115,10.9219,-2.1016,-0.6670,-0.1407,-0.4048
1636101031308,0.4429,11.1016,-2.2969,-0.6860,-0.1110,-0.4709
1636101031320,0.2632,11.5156,-2.3457,-0.6533,-0.1237,-0.5410
1636101031327,-0.0311,11.5469,-2.2598,-0.6650,-0.1493,-0.5806
1636101031334,-0.1173,11.3750,-2.3867,-0.7319,-0.2163,-0.6079
1636101031343,-0.3398,10.8984,-2.5391,-0.7949,-0.2737,-0.6050
1636101031350,-0.6055,10.2344,-2.6934,-0.8169,-0.3291,-0.5972
1636101031358,-0.7202,9.5859,-2.8379,-0.7715,-0.3918,-0.5854
1636101031375,-0.9214,9.0391,-2.8379,-0.6689,-0.4302,-0.5625
1636101031391,-1.0313,8.6719,-2.8438,-0.5254,-0.4641,-0.5454
1636101031408,-1.1748,8.3594,-2.8027,-0.3682,-0.4961,-0.5132
1636101031420,-1.2393,7.9844,-2.8320,-0.1852,-0.5469,-0.4688
1636101031433,-1.1748,7.7539,-2.8809,0.0361,-0.5972,-0.4346
1636101031445,-1.1367,7.7031,-2.9805,0.4648,-0.6631,-0.3132
1636101031453,-1.1250,7.3867,-3.0137,0.6636,-0.6792,-0.1953
1636101031459,-1.0410,7.1523,-2.9590,0.8647,-0.6831,-0.0857
1636101031465,-0.9189,7.1914,-2.7969,1.0361,-0.6665,0.0249
1636101031472,-0.8711,7.3203,-2.4883,1.1455,-0.6323,0.1547
1636101031478,-0.7681,7.4336,-2.1875,1.1816,-0.6016,0.2920
1636101031495,-0.4644,7.6289,-2.0371,1.1885,-0.5898,0.4409
1636101031501,-0.0814,7.9492,-2.0059,1.1748,-0.5469,0.5942
1636101031506,0.3518,8.3750,-2.0684,1.1455,-0.4504,0.7549
1636101031511,0.7109,8.8125,-2.1211,1.1133,-0.2981,0.9146
1636101031517,0.8809,9.1328,-2.0371,1.0850,-0.1035,1.0830
1636101031522,0.8184,9.1094,-1.8291,1.0713,0.0826,1.2412
1636101031526,0.8164,9.0781,-1.7109,1.0850,0.2284,1.3408
1636101031537,0.9839,9.1641,-1.8379,1.1348,0.3582,1.3662
1636101031541,1.1611,9.4766,-2.0645,1.2129,0.4827,1.3711
1636101031567,1.4883,10.2344,-2.3145,1.3135,0.6104,1.3242
1636101031571,1.5938,11.0313,-2.3828,1.3760,0.7827,1.2402
1636101031576,1.3525,11.5391,-2.1055,1.3604,0.9199,1.1689
1636101031586,1.2158,12.2422,-1.4863,1.1953,0.9819,0.9497
1636101031591,1.0889,14.3828,-2.0508,0.5488,0.9360,0.3538
1636101031617,-0.0096,14.6641,-1.5938,-0.1053,1.0137,0.0856
1636101031621,-0.8643,12.7266,-1.0625,-0.3596,0.8232,0.4048
1636101031626,-0.3279,11.4219,-1.4531,-0.3105,0.3784,0.4983
1636101031637,0.6294,11.8203,-1.9600,-0.2852,0.1411,0.1302
1636101031647,0.3950,12.4063,-2.3086,-0.3372,0.0731,-0.0006
1636101031657,-0.2274,12.1875,-2.4531,-0.5488,-0.0173,0.0409
1636101031663,-0.1891,11.1875,-2.8965,-0.8086,-0.2078,0.0398
1636101031687,0.1938,10.5000,-3.3867,-0.8765,-0.3982,-0.0027
1636101031691,0.4500,10.4766,-3.4395,-0.8403,-0.4758,-0.1315
1636101031696,0.4548,10.7500,-3.3652,-0.8906,-0.4822,-0.2357
1636101031707,0.3398,10.5391,-3.2656,-0.9531,-0.5054,-0.2346
1636101031712,0.2681,10.2734,-3.1133,-0.8896,-0.5366,-0.2389
1636101031737,0.1029,10.2656,-2.9180,-0.7490,-0.5601,-0.2485
1636101031744,0.0024,10.0703,-2.8809,-0.6138,-0.6289,-0.1931
1636101031749,0.2871,9.9531,-2.7930,-0.4810,-0.6782,-0.1879
1636101031757,0.3711,10.0703,-2.6641,-0.3660,-0.6479,-0.1921
1636101031763,0.2035,10.0938,-2.4707,-0.2893,-0.6045,-0.1665
1636101031787,0.2969,9.9766,-2.3145,-0.2479,-0.5854,-0.1516
1636101031792,0.2969,9.8125,-2.1523,-0.2053,-0.5366,-0.1613
1636101031796,0.2106,9.9453,-2.0273,-0.1638,-0.4897,-0.1814
1636101031807,0.2489,10.1719,-1.9365,-0.1362,-0.4600,-0.2017
1636101031812,0.2441,10.2422,-1.8643,-0.1564,-0.4067,-0.2070
1636101031837,0.1316,10.0938,-1.7637,-0.1724,-0.3472,-0.1793
1636101031842,0.0455,9.9531,-1.7305,-0.1478,-0.3174,-0.1655
1636101031847,0.1340,9.9063,-1.7568,-0.1064,-0.2917,-0.1633
1636101031858,0.1843,9.8203,-1.7324,-0.0787,-0.2397,-0.1624
1636101031862,0.1125,9.6719,-1.6543,-0.0522,-0.1726,-0.1602
1636101031888,0.0551,9.6016,-1.7021,-0.0234,-0.1174,-0.1888
1636101031892,0.1101,9.6953,-1.8428,0.0181,-0.0726,-0.2177
1636101031897,0.1555,9.6797,-1.9775,0.0989,-0.0152,-0.2048
1636101031908,0.1555,9.5781,-2.0195,0.2107,0.0539,-0.1847
1636101031913,0.0981,9.5859,-2.0078,0.3159,0.1262,-0.1888
1636101031938,-0.0862,9.5234,-1.9248,0.3926,0.1901,-0.1814
1636101031943,-0.2250,9.3828,-1.7617,0.4341,0.2423,-0.1974
1636101031947,-0.3230,9.4531,-1.7139,0.4309,0.2815,-0.2505
1636101031958,-0.2441,9.7813,-1.7832,0.3989,0.3220,-0.3081
1636101031963,-0.1699,10.0625,-1.7520,0.3394,0.3911,-0.3218
1636101031989,-0.3135,10.1797,-1.5967,0.2798,0.4592,-0.2729
1636101031993,-0.5146,10.0703,-1.4404,0.2468,0.4753,-0.2017
1636101031998,-0.5337,9.9609,-1.3857,0.2223,0.4624,-0.1442
1636101032009,-0.4211,9.9922,-1.3838,0.1936,0.4519,-0.1027
1636101032013,-0.4285,9.9766,-1.3574,0.1149,0.4604,-0.0687
1636101032039,-0.5264,9.9063,-1.4219,-0.0139,0.4656,-0.0368
1636101032043,-0.4668,9.6484,-1.6445,-0.1362,0.4519,-0.0144
1636101032048,-0.2991,9.3750,-1.8115,-0.2064,0.4529,0.0005
1636101032070,-0.2106,9.2891,-2.0000,-0.2245,0.4773,0.0005
1636101032075,-0.2394,9.2344,-2.1152,-0.2043,0.5029,0.0090
1636101032081,-0.3015,9.2813,-2.1367,-0.1564,0.5166,0.0164
1636101032086,-0.3254,9.3203,-2.2305,-0.0947,0.5103,0.0388
1636101032100,-0.3135,9.3125,-2.2734,-0.0277,0.4871,0.0654
1636101032105,-0.2130,9.3984,-2.3828,0.0255,0.4614,0.0654
1636101032129,-0.0909,9.5547,-2.5820,0.0638,0.4465,0.0707
1636101032134,-0.0790,9.4688,-2.6719,0.1160,0.4390,0.1069
1636101032138,-0.1029,9.3594,-2.6641,0.1670,0.4358,0.1186
1636101032149,-0.1149,9.4922,-2.6855,0.2031,0.4177,0.1047
1636101032154,-0.0622,9.4219,-2.8066,0.2500,0.3933,0.1175
1636101032179,-0.0048,9.3047,-2.8457,0.3916,0.3496,0.1771
1636101032184,0.0503,9.2031,-2.8535,0.3916,0.3496,0.1771
1636101032189,0.0383,9.1797,-2.9180,0.5479,0.2986,0.2419
1636101032199,0.0886,9.4844,-2.8203,0.5884,0.2615,0.2537
1636101032203,0.3494,10.0234,-2.9824,0.5029,0.2274,0.2261
1636101032229,0.2991,9.8438,-2.6367,0.4692,0.2380,0.3196
1636101032234,0.0000,9.7969,-2.6133,0.3850,0.2401,0.3174
1636101032245,-0.0909,9.8047,-2.5273,0.3020,0.1603,0.2876
1636101032253,0.1173,9.8750,-2.3555,0.2000,0.0539,0.2069
1636101032256,0.1508,9.4063,-1.9990,0.0649,-0.0003,0.1292
1636101032280,0.0239,9.8672,-1.9531,0.0010,-0.0854,-0.0293
1636101032284,-0.2394,12.3750,-2.3906,-0.2330,-0.1865,-0.4507
1636101032289,-0.5938,13.0000,-2.2207,-0.5542,-0.2715,-0.4304
1636101032300,-0.4309,12.2578,-2.5078,-0.6938,-0.4685,-0.1421
1636101032304,-0.0168,11.6719,-2.6309,-0.8843,-0.5640,-0.1229
1636101032330,-0.1149,11.0703,-2.6465,-1.1211,-0.5864,-0.1473
1636101032334,-0.2751,10.6563,-2.7676,-1.1367,-0.6650,-0.0921
1636101032338,0.3469,10.9141,-2.7070,-1.0361,-0.7705,-0.1113
1636101032350,0.3064,11.7500,-3.0664,-1.1631,-0.7471,-0.2622
1636101032354,-0.0622,12.6719,-2.8672,-1.4717,-0.6533,-0.3889
1636101032379,0.4524,12.2734,-2.6895,-1.6445,-0.6973,-0.2983
1636101032384,0.9648,11.8906,-2.5801,-1.7520,-0.6782,-0.2102
1636101032389,0.6196,12.1641,-1.9697,-1.9883,-0.4939,-0.2517
1636101032400,0.1077,11.7578,-1.2920,-2.2285,-0.3972,-0.1166
1636101032419,-0.0311,10.8906,-0.8521,-2.4004,-0.4067,-0.0080
1636101032424,-0.2130,10.7891,-0.7275,-2.5527,-0.4343,-0.0538
1636101032429,-0.1316,11.5000,-0.6963,-2.6426,-0.4812,-0.1346
1636101032440,-0.3831,12.0000,-0.5073,-2.7637,-0.5151,-0.1219
1636101032445,-0.7944,12.2500,-0.5889,-2.9434,-0.6226,-0.0847
1636101032482,-0.9336,12.3594,-0.6797,-3.1270,-0.7578,-0.0676
1636101032487,-0.9263,12.4844,-0.8330,-3.3125,-0.8896,-0.0453
1636101032491,-0.6436,12.6094,-0.7637,-3.5410,-0.9673,-0.0485
1636101032497,-0.6416,12.4453,-0.4812,-3.8457,-1.0068,0.0069
1636101032507,-0.6416,12.1875,0.0120,-4.1641,-1.0459,0.0473
1636101032513,-0.6245,12.0859,0.6367,-4.4531,-1.0850,0.0420
1636101032517,-0.6963,12.1797,1.3066,-4.7578,-1.1230,0.0047
1636101032531,-0.6680,12.3438,1.9072,-5.0742,-1.1904,-0.0304
1636101032535,-0.5171,12.1406,2.2773,-5.3359,-1.2891,-0.0389
1636101032561,-0.2825,11.5703,2.5781,-5.5391,-1.3750,-0.0325
1636101032565,-0.0120,11.2109,2.8965,-5.6992,-1.3936,-0.0623
1636101032573,0.2991,10.9844,3.2598,-5.8125,-1.3652,-0.1006
1636101032612,0.5337,10.3828,3.6523,-5.9219,-1.2871,-0.0878
1636101032616,0.7251,9.4063,4.1133,-6.0078,-1.1768,-0.0283
1636101032622,0.8833,8.4609,4.7305,-6.0117,-1.0439,-0.0091
1636101032632,0.8423,7.5430,5.4805,-5.9453,-0.8896,-0.0070
1636101032655,0.8643,6.7344,6.2188,-5.8164,-0.7622,-0.0219
1636101032660,0.8594,5.9805,6.6602,-5.6094,-0.6748,-0.0197
1636101032672,0.6870,5.4648,7.2383,-5.3789,-0.6118,-0.0123
1636101032677,0.7085,4.9688,7.3711,-5.1328,-0.6367,0.0079
1636101032681,1.0244,4.1172,7.1289,-4.8203,-0.6470,0.0792
1636101032686,1.3545,3.4434,7.0664,-4.4297,-0.5278,0.1451
1636101032691,1.3281,3.0371,7.4141,-3.9746,-0.3259,0.2037
1636101032697,1.1914,2.7598,7.9531,-3.5430,-0.1439,0.2419
1636101032702,1.0410,2.4434,8.2891,-3.1680,-0.0365,0.2727
1636101032712,1.0693,1.9746,8.3438,-2.8008,0.0348,0.2825
1636101032717,1.0938,1.8193,8.3438,-2.4102,0.1157,0.2590
1636101032742,0.9839,1.9941,8.6250,-2.0059,0.2209,0.2250
1636101032753,0.8618,2.0391,8.7891,-1.6201,0.2837,0.2112
1636101032758,0.7612,2.0273,8.9063,-1.2627,0.3135,0.2047
1636101032767,0.7681,2.0938,8.9531,-0.9341,0.3379,0.1835
1636101032772,0.7539,2.2910,8.9531,-0.6436,0.3625,0.1451
1636101032782,0.7490,2.4727,8.8906,-0.4214,0.3923,0.1058
1636101032787,0.6821,2.5527,8.8125,-0.2595,0.4338,0.0707
1636101032812,0.6128,2.6797,8.6875,-0.1309,0.4731,0.0217
1636101032817,0.5215,2.8984,8.6875,-0.0298,0.5112,-0.0261
1636101032821,0.3662,3.0137,8.7109,0.0330,0.5410,-0.0612
1636101032832,0.1866,2.9863,8.6484,0.0670,0.5371,-0.0847
1636101032836,0.0431,2.9727,8.5938,0.0936,0.5166,-0.1144
1636101032862,-0.0359,2.9492,8.5859,0.1318,0.4890,-0.1410
1636101032867,-0.0862,2.9727,8.4297,0.1798,0.4326,-0.1687
1636101032871,-0.0718,3.0117,8.2969,0.2256,0.3816,-0.2028
1636101032882,-0.0909,3.0293,8.2188,0.2722,0.3486,-0.2240
1636101032886,-0.1101,2.9980,8.1016,0.3276,0.3145,-0.2336
1636101032918,-0.0431,3.0156,8.0547,0.4031,0.2783,-0.2474
1636101032923,0.0215,3.1953,8.1641,0.4702,0.2603,-0.2612
1636101032927,-0.0503,3.1934,8.2891,0.4978,0.2455,-0.2517
1636101032933,-0.0526,3.2051,8.4453,0.5181,0.2050,-0.2454
1636101032938,-0.0694,3.4004,8.6563,0.5278,0.1539,-0.2559
1636101032976,-0.0287,3.5781,8.8125,0.5054,0.0869,-0.2517
1636101032980,0.0551,3.7930,8.9922,0.4521,0.0242,-0.2368
1636101032985,0.1675,4.0000,9.0938,0.3755,-0.0344,-0.2177
1636101032991,0.2561,4.1406,9.1406,0.2786,-0.0790,-0.1825
1636101032995,0.3208,4.1875,9.1797,0.1733,-0.0982,-0.1357
1636101033002,0.3782,4.1250,9.2266,0.0702,-0.1088,-0.0847
1636101033007,0.3733,3.9570,9.2266,-0.0149,-0.1141,-0.0485
1636101033032,0.4573,3.7910,9.2891,-0.0756,-0.1067,-0.0240
1636101033042,0.4404,3.6328,9.4063,-0.1288,-0.0663,0.0090
1636101033046,0.3757,3.4082,9.4375,-0.0905,-0.0631,0.0154
1636101033052,0.3494,3.5332,9.5000,-0.0447,-0.0493,0.0132
1636101033057,0.3374,3.5449,9.4453,-0.0234,-0.0514,0.0228
1636101033083,0.3687,3.4727,9.3516,-0.0000,-0.0397,0.0356
1636101033087,0.3110,3.4688,9.3828,0.0372,-0.0110,0.0462
1636101033093,0.3135,3.6191,9.4844,0.0702,0.0135,0.0494
1636101033103,0.2632,3.6973,9.6328,0.0692,0.0359,0.0569
1636101033107,0.1580,3.7070,9.6484,0.0425,0.0422,0.0771
1636101033133,0.1101,3.6797,9.6406,0.0021,0.0337,0.0856
1636101033137,0.1580,3.6836,9.7266,-0.0394,0.0369,0.0952
1636101033142,0.1388,3.7500,9.8672,-0.0958,0.0454,0.0994
1636101033153,0.1316,3.7773,9.9141,-0.1744,0.0390,0.1090
1636101033158,0.1484,3.6855,9.9063,-0.2563,0.0316,0.1292
1636101033183,0.2083,3.5762,9.8594,-0.3276,0.0380,0.1472
1636101033188,0.2106,3.4805,9.8828,-0.3884,0.0603,0.1707
1636101033192,0.2489,3.2910,9.9297,-0.4233,0.0805,0.2004
1636101033204,0.3040,3.1133,9.9844,-0.4395,0.1093,0.2207
1636101033212,0.2178,2.8359,9.9063,-0.4331,0.1411,0.2515
1636101033223,0.2106,2.6406,9.8594,-0.3853,0.1752,0.2642
1636101033250,0.1699,2.5684,9.8359,-0.3086,0.2178,0.2676
1636101033259,0.0862,2.5469,9.8438,-0.2170,0.2549,0.2739
1636101033264,0.0479,2.6484,9.8516,-0.1160,0.2847,0.2727
1636101033269,-0.0335,2.7930,9.8672,-0.0319,0.3145,0.2727
1636101033275,-0.0886,2.9375,9.9297,0.0202,0.3369,0.2749
1636101033280,-0.1484,3.1348,10.1250,0.0319,0.3635,0.2686
1636101033294,-0.1604,3.3223,10.2578,0.0010,0.3699,0.2686
1636101033299,-0.1484,3.4395,10.2656,-0.0532,0.3645,0.2664
1636101033324,-0.1555,3.4355,10.2500,-0.1107,0.3708,0.2708
1636101033329,-0.1268,3.4219,10.2344,-0.1617,0.3901,0.2813
1636101033333,-0.1699,3.1816,10.0781,-0.1904,0.4177,0.3079
1636101033354,-0.2394,2.9590,9.8359,-0.1713,0.4573,0.3281
1636101033358,-0.2920,2.9160,9.7266,-0.1107,0.5068,0.3281
1636101033364,-0.3613,3.0254,9.7656,-0.0490,0.5654,0.3208
1636101033370,-0.4475,3.0664,9.6953,0.0032,0.6050,0.3196
1636101033394,-0.5264,3.1016,9.5859,0.0532,0.6338,0.3154
1636101033399,-0.5957,3.2480,9.5938,0.0989,0.6655,0.3057
1636101033403,-0.6606,3.3867,9.5547,0.1213,0.6753,0.3005
1636101033414,-0.6724,3.4609,9.5391,0.1160,0.6816,0.2920
1636101033419,-0.8066,3.4961,9.4688,0.0978,0.6836,0.2930
1636101033444,-0.8042,3.4688,9.3281,0.0787,0.6699,0.2974
1636101033449,-0.8735,3.4844,9.3047,0.0585,0.6860,0.2930
1636101033453,-1.0166,3.4727,9.2656,0.0393,0.6860,0.2908
1636101033464,-1.0127,3.4648,9.2344,0.0361,0.6699,0.2898
1636101033469,-1.0244,3.4609,9.1406,0.0287,0.6538,0.2920
1636101033494,-1.0430,3.5430,9.0938,0.0042,0.6538,0.2866
1636101033499,-1.1133,3.5957,9.1016,-0.0309,0.6592,0.2834
1636101033504,-1.2520,3.4746,9.0391,-0.0585,0.6455,0.2961
1636101033515,-1.3594,3.4141,8.9844,-0.0617,0.6211,0.2876
1636101033519,-1.3809,3.3750,8.8125,-0.0404,0.5913,0.2834
1636101033545,-1.3525,3.3516,8.7266,-0.0064,0.5669,0.2749
1636101033550,-1.4316,3.3457,8.6563,0.0266,0.5581,0.2622
1636101033555,-1.5098,3.3223,8.6094,0.0638,0.5435,0.2515
1636101033565,-1.5557,3.3574,8.5781,0.1064,0.5239,0.2292
1636101033569,-1.6367,3.2656,8.3828,0.1510,0.4912,0.2144
1636101033595,-1.7637,3.1992,8.1328,0.2170,0.4551,0.1920
1636101033599,-1.7715,3.2988,7.9258,0.3105,0.4231,0.1494
1636101033604,-1.8145,3.3867,7.6172,0.4084,0.3901,0.1143
1636101033615,-1.8477,3.3203,7.3320,0.5073,0.3613,0.0887
1636101033619,-1.8770,3.2949,7.2266,0.6274,0.3540,0.0515
1636101033645,-1.9072,3.3828,7.0938,0.7651,0.3188,0.0100
1636101033649,-1.9336,3.3770,6.9727,0.9014,0.2698,-0.0240
1636101033654,-1.9033,3.4277,6.8750,1.0342,0.2241,-0.0634
1636101033665,-1.8809,3.5879,6.8125,1.1777,0.1656,-0.1091
1636101033669,-1.7686,3.7969,6.7148,1.3135,0.0944,-0.1548
1636101033695,-1.5674,3.9180,6.4805,1.4365,0.0199,-0.1793
1636101033699,-1.4697,3.7578,6.0586,1.5605,-0.0461,-0.1804
1636101033704,-1.4980,3.1992,5.5039,1.7441,-0.0897,-0.1655
1636101033715,-1.6064,2.5801,4.8906,2.0410,-0.1227,-0.1581
1636101033720,-1.7207,1.9795,4.2344,2.4746,-0.1556,-0.1613
1636101033745,-1.7832,1.4717,3.5371,3.0430,-0.1886,-0.1655
1636101033752,-1.6826,1.0557,2.9121,3.7266,-0.2025,-0.1740
1636101033757,-1.4482,0.9238,2.4141,4.5078,-0.1918,-0.1879
1636101033766,-1.2090,1.1895,1.8721,5.3672,-0.1791,-0.2039
1636101033771,-0.8545,1.8115,1.2441,6.2734,-0.1577,-0.2028
1636101033795,-0.3469,3.1016,1.0098,7.1484,-0.0503,-0.1921
1636101033800,-0.1101,5.0391,0.9121,7.8789,0.1008,-0.1516
1636101033810,0.2274,7.5781,1.1650,8.3594,0.2465,-0.0506
1636101033816,0.5454,10.3594,1.8379,8.5234,0.4092,0.1409
1636101033820,0.4453,12.2813,2.5313,8.3359,0.5122,0.4751
1636101033845,0.5288,13.4531,2.9922,7.8555,0.5464,0.8281
1636101033854,0.7251,14.6641,3.3887,7.1953,0.6294,1.0635
1636101033858,0.6221,15.8672,3.8086,6.4141,0.7603,1.2197
1636101033865,0.1604,16.2500,4.0742,5.5156,0.8232,1.4063
1636101033870,-0.1508,16.0625,3.8633,4.5195,0.8018,1.5342
1636101033896,-0.2130,15.7031,3.4063,3.5762,0.7827,1.5723
1636101033900,-0.4834,14.0625,2.1797,2.3027,0.7700,1.6816
1636101033903,-0.4141,13.1484,1.5703,2.0469,0.7378,1.7041
1636101033914,-0.4858,12.3594,1.0313,1.9922,0.7456,1.6445
1636101033917,-0.3997,11.7969,0.6484,2.0879,0.7573,1.5605
1636101033947,-0.2130,11.7969,0.5171,2.2129,0.8223,1.4102
1636101033949,-0.2466,12.3359,0.3757,2.2949,0.8828,1.2139
1636101033951,-0.2705,12.8203,0.0144,2.3027,0.8540,1.0518
1636101033977,-0.0790,12.9531,-0.3877,2.2207,0.8081,0.9058
1636101033979,0.0383,12.6563,-0.7061,2.1406,0.8052,0.7856
1636101033981,-0.0144,12.4688,-1.1914,2.0547,0.8315,0.6504
1636101034007,-0.1724,12.4297,-1.3115,2.0117,0.8442,0.5283
1636101034009,-0.0958,13.6875,-1.5557,1.8076,0.8223,0.1866
1636101034011,-0.2369,14.7813,-1.5391,1.3623,0.8457,-0.1378
1636101034037,-0.8999,14.1406,-1.1777,0.9243,0.8350,-0.0027
1636101034039,-1.1797,13.1250,-1.3740,0.5498,0.7095,0.0728
1636101034041,-0.8447,12.1484,-1.8096,0.3425,0.5264,0.0324
1636101034068,-0.4524,11.0000,-2.2344,0.4214,0.3423,0.1218
1636101034069,-0.1580,10.9609,-2.2813,0.5093,0.3167,0.0643
1636101034071,-0.1053,11.5469,-2.1445,0.4341,0.3550,-0.0219
1636101034098,-0.5264,11.2266,-1.9795,0.3137,0.3274,0.0058
1636101034100,-0.5454,10.6250,-2.0469,0.2234,0.2157,-0.0176
1636101034101,-0.1149,10.4219,-2.4961,0.2947,0.0359,-0.0655
1636101034128,0.2155,10.3047,-2.8027,0.4692,-0.0726,-0.1198
1636101034130,0.3469,10.8984,-2.9180,0.5181,-0.1099,-0.2325
1636101034131,0.3494,11.4297,-2.6465,0.4448,-0.1333,-0.3167
1636101034158,0.2800,11.4219,-2.4395,0.3096,-0.1940,-0.3176
1636101034160,0.3518,11.4063,-2.3008,0.1681,-0.2737,-0.3208
1636101034162,0.3877,11.2031,-2.3164,0.0372,-0.3472,-0.3081
1636101034189,0.2920,10.8828,-2.2559,-0.0649,-0.4014,-0.2761
1636101034191,0.1604,10.5781,-2.3555,-0.1351,-0.4631,-0.2634
1636101034193,0.1484,10.3828,-2.4336,-0.1755,-0.5171,-0.2686
1636101034218,0.0790,10.2344,-2.4121,-0.1936,-0.5430,-0.2761
1636101034220,0.0790,10.2578,-2.3887,-0.1798,-0.5757,-0.2834
1636101034222,0.1699,10.2656,-2.4238,-0.1543,-0.6172,-0.2815
1636101034253,0.2607,10.1719,-2.4023,-0.1458,-0.6353,-0.2856
1636101034255,0.2561,9.9453,-2.3496,-0.1234,-0.6279,-0.2634
1636101034259,0.1101,9.5781,-2.3223,-0.0596,-0.6118,-0.2294
1636101034279,0.0431,9.3750,-2.2715,0.0351,-0.5938,-0.2059
1636101034281,-0.0311,9.1484,-2.1328,0.1649,-0.5630,-0.1655
1636101034283,-0.1866,8.8438,-1.9531,0.3169,-0.5225,-0.1176
1636101034309,-0.3184,8.7344,-1.8555,0.4648,-0.4983,-0.0782
1636101034311,-0.2969,8.8516,-1.8193,0.5850,-0.4749,-0.0485
1636101034312,-0.3589,8.8281,-1.7041,0.6636,-0.4207,0.0026
1636101034339,-0.3733,8.9922,-1.6201,0.7104,-0.3567,0.0505
1636101034341,-0.3184,9.2578,-1.5391,0.7275,-0.2917,0.0962
1636101034342,-0.3662,9.3828,-1.3877,0.6753,-0.1992,0.1451
1636101034368,-0.4548,9.3203,-1.1777,0.5806,-0.1184,0.2112
1636101034380,-0.5337,9.2578,-1.0479,0.4585,-0.0695,0.2771
1636101034382,-0.5073,9.3984,-0.9429,0.2839,-0.0184,0.2876
1636101034400,-0.4978,9.5078,-0.8354,0.0638,0.0444,0.2844
1636101034402,-0.4116,9.6250,-0.8140,-0.1766,0.0986,0.3069
1636101034404,-0.3328,9.6328,-0.8545,-0.4404,0.1699,0.3240
1636101034430,-0.3494,9.5078,-0.8208,-0.6968,0.2412,0.3547
1636101034432,-0.1675,9.3828,-0.8330,-0.8809,0.3030,0.3813
1636101034434,0.0933,9.3828,-0.9048,-0.9375,0.4009,0.3835
1636101034460,0.0191,9.2344,-0.8760,-0.8726,0.5083,0.4143
1636101034462,-0.1364,9.2266,-0.9668,-0.7446,0.5742,0.4368
1636101034463,0.0407,9.4219,-1.2012,-0.6226,0.6040,0.3972
1636101034490,0.2681,9.4688,-1.4355,-0.5137,0.6636,0.3398
1636101034492,0.2394,9.3984,-1.7588,-0.3618,0.7456,0.3110
1636101034493,0.1843,9.4375,-2.0059,-0.1255,0.8145,0.2803
1636101034520,0.0526,9.6250,-1.9629,0.1223,0.8691,0.2186
1636101034522,-0.1963,9.5938,-1.9072,0.3318,0.8828,0.2175
1636101034523,-0.2417,9.8828,-1.9814,0.4863,0.8638,0.1547
1636101034550,-0.1604,10.2578,-2.0781,0.5586,0.8369,0.0590
1636101034552,-0.2825,10.3125,-2.1523,0.5625,0.8027,0.0601
1636101034554,-0.4045,10.1641,-2.3457,0.5425,0.7539,0.0685
1636101034581,-0.4285,10.1719,-2.3613,0.5425,0.6870,0.0441
1636101034582,-0.2561,10.3594,-2.5586,0.4978,0.6006,-0.0251
1636101034584,-0.3015,10.1875,-2.5820,0.4968,0.5464,-0.0070
1636101034611,-0.4380,10.3359,-2.7637,0.4563,0.4880,-0.0304
1636101034612,-0.2800,10.4609,-2.8906,0.4373,0.3635,-0.0378
1636101034614,-0.2369,10.3438,-2.8672,0.3127,0.1954,-0.0453
1636101034640,-0.2250,10.2734,-2.7695,0.2542,0.0997,-0.0612
1636101034643,-0.1843,10.2266,-2.6563,0.1713,0.0050,-0.1027
1636101034644,-0.1652,10.2813,-2.6543,0.0734,-0.0790,-0.1473
1636101034671,-0.1627,10.4688,-3.1543,-0.0819,-0.1620,-0.2654
1636101034673,0.1724,10.4766,-3.3906,-0.2085,-0.2152,-0.3315
1636101034674,0.2607,10.0313,-3.6367,-0.1936,-0.2397,-0.2229
1636101034701,0.2607,9.8047,-3.6191,-0.1554,-0.2301,-0.1825
1636101034703,0.1412,9.7031,-3.4102,-0.1713,-0.2120,-0.2463
1636101034705,-0.0670,9.6797,-3.2832,-0.1543,-0.2131,-0.2996
1636101034731,-0.4331,9.9766,-3.3145,-0.1022,-0.2695,-0.4336
1636101034733,-0.5981,9.8984,-3.2617,-0.0096,-0.3792,-0.5762
1636101034735,0.6938,10.3594,-3.7773,0.2798,-0.6333,-0.6792
1636101034763,0.5625,11.4375,-4.3750,0.5923,-0.6611,-0.7710
1636101034764,0.6128,12.6797,-3.9141,0.7510,-0.6108,-0.7920
1636101034769,1.1152,12.5703,-3.7070,0.4543,-0.5874,-0.6880
1636101034792,0.7441,11.7969,-3.5898,0.1223,-0.5342,-0.4878
1636101034794,0.7422,12.4531,-3.3516,0.0159,-0.5107,-0.5347
1636101034795,0.1938,12.9297,-2.7910,-0.3118,-0.4749,-0.5322
1636101034822,0.3831,12.2656,-2.4297,-0.7393,-0.5513,-0.3984
1636101034824,0.7158,12.0859,-2.4336,-1.0498,-0.6001,-0.4272
1636101034825,0.6030,12.5625,-2.4238,-1.2705,-0.5703,-0.4858
1636101034852,0.2825,12.4063,-2.4414,-1.4395,-0.5854,-0.4431
1636101034854,0.1675,12.0781,-2.6191,-1.5674,-0.6260,-0.4634
1636101034855,-0.0526,12.0000,-2.6484,-1.6240,-0.6494,-0.5195
1636101034882,-0.1915,11.8594,-2.5508,-1.6377,-0.6738,-0.5547
1636101034884,-0.3303,11.5078,-2.4961,-1.6455,-0.7046,-0.5791
1636101034886,-0.3950,11.2734,-2.4707,-1.6348,-0.7246,-0.6313
1636101034912,-0.5625,11.0078,-2.2715,-1.5820,-0.7290,-0.6826
1636101034914,-0.6987,10.7578,-2.0176,-1.5088,-0.7417,-0.7529
1636101034916,-0.7349,10.6094,-1.9385,-1.4170,-0.7759,-0.8281
1636101034944,-0.7588,10.1250,-1.9199,-1.2734,-0.8047,-0.8569
1636101034946,-0.7178,9.6406,-1.8809,-1.0723,-0.8037,-0.8838
1636101034948,-0.8618,9.4766,-1.7637,-0.8457,-0.7729,-0.9209
1636101034971,-1.1943,9.4844,-1.4434,-0.6289,-0.7451,-0.9424
1636101034973,-1.3066,9.6484,-1.2705,-0.4734,-0.7686,-0.9741
1636101034974,-1.3975,9.5703,-1.1035,-0.3682,-0.7793,-0.9795
1636101035001,-1.4980,9.1953,-0.9814,-0.3000,-0.7856,-0.9570
1636101035003,-1.5605,8.7578,-0.9072,-0.2330,-0.7974,-0.9263
1636101035004,-1.6611,8.4375,-0.8232,-0.1437,-0.7974,-0.8867
1636101035033,-1.6807,8.1094,-0.8306,-0.0287,-0.7910,-0.8345
1636101035035,-1.6396,7.8711,-0.8281,0.1053,-0.7778,-0.7646
1636101035036,-1.6777,7.8008,-0.8208,0.2659,-0.7515,-0.6772
1636101035063,-1.6514,7.6133,-0.7729,0.4363,-0.7290,-0.5737
1636101035065,-1.6250,7.3945,-0.8184,0.5786,-0.6909,-0.4741
1636101035066,-1.5820,7.1914,-0.9360,0.7456,-0.6431,-0.3623
1636101035093,-1.5488,6.9336,-0.9888,0.9531,-0.5747,-0.2325
1636101035095,-1.6182,6.5586,-0.9741,1.1660,-0.4919,-0.0900
1636101035097,-1.6104,6.1406,-1.0313,1.3623,-0.4207,0.0515
1636101035123,-1.5654,5.8750,-1.0576,1.5449,-0.3323,0.1771
1636101035125,-1.5801,5.7656,-1.1201,1.7129,-0.2482,0.3037
1636101035127,-1.3906,5.9844,-1.2090,1.8555,-0.1716,0.4282
1636101035154,-1.1992,6.6406,-1.3115,1.9893,-0.0822,0.5493
1636101035156,-0.9624,7.5391,-1.3525,2.0996,0.0071,0.6919
1636101035158,-0.7612,8.3516,-1.4053,2.1484,0.1082,0.8740
1636101035183,-0.6870,8.9141,-1.4453,2.1230,0.2189,1.0723
1636101035193,-0.5098,9.3281,-1.5537,2.0371,0.3423,1.2539
1636101035195,-0.3542,9.7500,-1.6758,1.9307,0.4795,1.4121
1636101035203,-0.5674,9.8672,-1.6396,1.7949,0.6328,1.5557
1636101035205,-0.7588,9.8125,-1.4844,1.6289,0.7275,1.6592
1636101035234,-0.6104,9.7656,-1.6416,1.4688,0.7368,1.7197
1636101035236,-0.1532,10.1172,-1.9551,1.3223,0.7573,1.7090
1636101035237,0.1963,10.9766,-2.1270,1.2070,0.8442,1.6348
1636101035271,0.1652,11.5625,-2.1152,1.0791,0.9199,1.6055
1636101035273,0.1197,11.8359,-2.2520,0.8960,0.9106,1.6260
1636101035274,0.0742,11.9922,-2.1816,0.6987,0.9189,1.5869
1636101035286,-0.1221,11.7500,-2.0918,0.5146,0.8848,1.5166
1636101035288,-0.3494,11.4609,-2.0313,0.3169,0.7998,1.3906
1636101035314,-0.1149,11.1563,-2.0000,0.1318,0.6699,1.2607
1636101035316,0.3638,10.8672,-2.4395,0.0904,0.5083,1.1748
1636101035318,0.6846,10.9453,-2.9160,0.1616,0.4316,1.0166
1636101035345,1.2158,11.4844,-3.4395,0.2595,0.3806,0.8145
1636101035346,1.4766,13.1172,-3.8613,0.1426,0.4060,0.4580
1636101035348,0.8926,14.1641,-3.4883,-0.1617,0.5752,0.2250
1636101035376,0.2969,12.9688,-3.5742,-0.2788,0.5156,0.4644
1636101035378,-0.0239,10.6328,-3.8203,0.1787,0.2220,0.4963
1636101035379,0.5791,10.8125,-3.5781,0.2883,0.2390,0.1016
1636101035403,0.3997,11.8203,-3.3145,0.1681,0.2561,-0.0644
1636101035404,0.1412,11.3750,-3.2266,0.0213,0.1731,0.0345
1636101035405,0.1221,10.6172,-3.1973,-0.0500,0.0582,0.0813
1636101035436,0.4141,10.8047,-3.4316,-0.1011,-0.0812,-0.0931
1636101035437,0.7036,11.3359,-3.6074,-0.1809,-0.2057,-0.2208
1636101035438,0.6699,11.7109,-3.7852,-0.4277,-0.2386,-0.2537
1636101035468,0.5815,11.7813,-3.8242,-0.6948,-0.2566,-0.2091
1636101035470,0.4932,11.5078,-3.5664,-0.8374,-0.3057,-0.1442
1636101035471,0.1580,10.7031,-3.4629,-0.9180,-0.4175,-0.0963
1636101035514,0.0766,10.1797,-3.3457,-0.9819,-0.5747,-0.1027
1636101035515,0.3997,10.3516,-3.1660,-1.0820,-0.6973,-0.2080
1636101035516,0.7754,10.7422,-3.1816,-1.2305,-0.7676,-0.2856
1636101035517,0.6870,10.9844,-3.3008,-1.3574,-0.8047,-0.2517
1636101035518,0.3447,11.0547,-2.9414,-1.5596,-0.7813,-0.2793
1636101035544,0.1580,10.4453,-2.8008,-1.7578,-0.7876,-0.1591
1636101035621,0.1771,9.5703,-2.9941,-1.6445,-0.8960,0.0313
1636101035622,0.2250,9.5859,-2.6035,-1.4971,-0.9038,-0.0272
1636101035623,0.0120,10.2578,-2.2031,-1.6055,-0.8643,-0.0718
1636101035624,-0.0598,10.1719,-2.1133,-1.7510,-0.8896,0.0452
1636101035625,0.1005,9.1250,-2.0645,-1.7461,-0.9365,0.2356
1636101035626,0.5981,8.7109,-1.7666,-1.6875,-0.8770,0.2462
1636101035627,0.6772,8.8984,-1.5488,-1.6387,-0.7642,0.1824
1636101035628,0.3853,8.8906,-1.4316,-1.5840,-0.6855,0.2228
1636101035639,0.5000,8.6328,-1.4404,-1.5098,-0.6523,0.3123
1636101035667,0.7466,8.1719,-1.4072,-1.3965,-0.5513,0.3291
1636101035668,0.6392,7.8828,-1.2949,-1.2383,-0.3843,0.2974
1636101035671,0.4092,7.6797,-1.0342,-0.9609,-0.2461,0.3174
1636101035676,0.2346,7.3516,-0.7920,-0.5850,-0.1716,0.3738
1636101035685,0.3279,7.4023,-0.7275,-0.2373,-0.1279,0.3718
1636101035689,0.4932,7.7734,-0.7803,0.0330,-0.0631,0.3079
1636101035693,0.5527,8.0703,-0.6846,0.2372,0.0295,0.2876
1636101035705,0.5479,8.5234,-0.4475,0.3425,0.1401,0.2876
1636101035709,0.5024,9.1641,-0.4236,0.3723,0.2135,0.2546
1636101035735,0.5454,9.7578,-0.3589,0.3872,0.2423,0.2186
1636101035740,0.6294,10.1406,-0.5098,0.3850,0.2549,0.2302
1636101035745,0.8018,10.2969,-0.5024,0.4233,0.2827,0.2695
1636101035762,0.4573,10.4609,-0.3638,0.4382,0.3625,0.2942
1636101035766,0.4309,10.5000,-0.3279,0.4297,0.3411,0.3154
1636101035776,0.7827,10.4219,-0.4978,0.4287,0.2932,0.3259
1636101035780,0.9692,10.2422,-0.5767,0.4363,0.3274,0.3208
1636101035806,0.4260,10.1328,-0.5000,0.4265,0.4253,0.3440
1636101035810,0.1986,9.8281,-0.4954,0.3958,0.4041,0.3823
1636101035814,0.3135,9.5938,-0.6748,0.3755,0.3560,0.3516
1636101035826,0.3972,9.5547,-0.6245,0.4138,0.3433,0.3174
1636101035830,0.5938,10.0156,-0.7852,0.4351,0.3040,0.2771
1636101035856,0.8423,10.4297,-0.8164,0.4468,0.2773,0.2175
1636101036079,1.0127,10.6094,-0.7012,0.4233,0.2656,0.1909
1636101036081,1.2998,10.4063,-0.5674,0.4287,0.2710,0.1792
1636101036082,1.4238,9.8828,-0.3303,0.4819,0.3486,0.1600
1636101036083,0.8066,10.1172,-0.6582,0.4756,0.3838,0.0409
1636101036084,0.9165,11.4922,-1.5225,0.4233,0.2815,-0.2952
1636101036085,1.7500,11.9297,-1.6299,0.6597,0.2529,-0.4485
1636101036085,1.7979,11.4375,-1.5225,0.8013,0.3721,-0.2400
1636101036086,1.1172,11.0391,-1.5703,0.7202,0.5303,-0.2208
1636101036087,0.4954,10.5859,-1.8525,0.7661,0.5483,-0.2485
1636101036088,1.5273,10.3359,-1.8164,0.9980,0.4465,-0.2421
1636101036089,1.6709,11.4297,-1.2588,0.9917,0.6646,-0.4592
1636101036090,0.4907,12.1797,-1.5723,0.6914,0.7339,-0.4282
1636101036091,0.7227,11.5313,-1.9365,0.5415,0.5933,-0.3601
1636101036092,1.1318,10.3516,-2.4082,0.5405,0.5806,-0.2654
1636101036093,0.7134,9.8281,-2.6836,0.5776,0.6797,-0.2400
1636101036530,0.5479,10.1797,-2.4668,0.5244,0.7349,-0.3931
1636101036531,0.7227,11.2266,-2.2168,0.3372,0.7729,-0.5454
1636101036532,1.2109,11.5234,-2.1270,0.0978,0.7793,-0.5273
1636101036533,1.3877,11.0469,-2.0684,-0.1085,0.8198,-0.4165
1636101036534,0.7300,10.9297,-1.9844,-0.3447,0.9336,-0.4463
1636101036535,0.6416,10.9297,-1.8457,-0.5234,0.9189,-0.4795
1636101036536,0.7061,10.6719,-1.8408,-0.7383,0.8467,-0.4985
1636101036537,0.5337,10.5625,-2.0840,-0.7510,0.7871,-0.5156
1636101036582,0.5146,10.7109,-2.3867,-0.6572,0.6978,-0.5581
1636101036587,0.5576,11.2500,-2.6328,-0.5352,0.6294,-0.6338
1636101036593,0.2776,11.4531,-2.7969,-0.4097,0.5601,-0.6401
1636101036598,0.1460,11.2813,-2.8867,-0.3533,0.4573,-0.6206
1636101036602,0.3015,11.1250,-3.0586,-0.3394,0.3604,-0.6855
1636101036608,0.2681,11.1094,-3.0723,-0.3416,0.3049,-0.7612
1636101036613,0.0479,11.1250,-3.0352,-0.3320,0.2338,-0.7910
1636101036617,-0.1005,10.9219,-2.9102,-0.3064,0.1359,-0.8062
1636101036623,-0.2489,10.6094,-2.7949,-0.2830,0.0284,-0.8296
1636101036627,-0.3853,10.5000,-2.8711,-0.2405,-0.0961,-0.8633
1636101036632,-0.4932,10.5078,-2.8789,-0.1437,-0.2238,-0.8955
1636101036636,-0.2727,10.6406,-2.8750,-0.0319,-0.3643,-0.9111
1636101036640,-0.2322,10.7656,-2.8867,0.0213,-0.4631,-0.9102
1636101036645,-0.4453,10.6016,-2.9063,0.0064,-0.5566,-0.8838
1636101036649,-0.4788,10.3359,-2.8965,-0.0245,-0.6558,-0.8711
1636101036654,-0.4211,10.1797,-2.9082,-0.0458,-0.7378,-0.8760
1636101036658,-0.4189,10.0078,-2.7949,-0.0596,-0.7993,-0.8667
1636101036663,-0.5146,9.8203,-2.6738,-0.0936,-0.8408,-0.8379
1636101036667,-0.5337,9.6641,-2.5996,-0.1075,-0.8857,-0.7930
1636101036672,-0.5479,9.4063,-2.5469,-0.0713,-0.9282,-0.7378
1636101036676,-0.6938,9.1328,-2.5078,-0.0139,-0.9707,-0.6738
1636101036681,-0.6699,8.9063,-2.5059,0.0745,-1.0234,-0.6221
1636101036685,-0.6367,8.6406,-2.4531,0.1776,-1.0400,-0.5557
1636101036690,-0.7969,8.4063,-2.2930,0.2820,-1.0352,-0.4773
1636101036694,-0.7944,8.3047,-2.1875,0.3967,-1.0547,-0.4250
1636101036699,-0.7158,8.1875,-2.1875,0.5044,-1.0684,-0.3699
1636101036703,-0.7969,7.9414,-2.0332,0.6040,-1.0537,-0.2932
1636101036707,-0.9238,7.6953,-1.9365,0.6948,-1.0498,-0.2251
1636101036712,-0.8809,7.5313,-1.9629,0.7979,-1.0674,-0.1782
1636101036716,-0.7422,7.4961,-2.0508,0.9097,-1.0566,-0.1198
1636101036721,-0.7397,7.4492,-1.8984,1.0088,-0.9985,-0.0208
1636101036725,-0.8735,7.3945,-1.7422,1.0889,-0.9473,0.0983
1636101036730,-0.8232,7.3828,-1.8096,1.1660,-0.9375,0.2122
1636101036734,-0.5479,7.5078,-1.8838,1.2578,-0.9175,0.3271
1636101036739,-0.3542,7.8516,-1.8242,1.3760,-0.8442,0.4431
1636101036743,-0.4070,8.1328,-1.7715,1.5029,-0.7622,0.5684
1636101036748,-0.3831,8.2188,-1.6973,1.6152,-0.7046,0.7056
1636101036752,-0.2800,8.1250,-1.6367,1.6924,-0.6343,0.8228
1636101036760,-0.2369,8.1094,-1.5703,1.7256,-0.5439,0.9004
1636101036764,-0.2155,8.4453,-1.5986,1.7207,-0.4546,0.9390
1636101036769,-0.1221,9.0313,-1.5889,1.6895,-0.3630,0.9663
1636101036773,0.0359,9.6719,-1.6758,1.6025,-0.2715,1.0107
1636101036777,0.1293,10.1406,-1.7832,1.4766,-0.1652,1.0957
1636101036782,0.1053,10.2969,-1.8291,1.3184,-0.0514,1.2051
1636101036786,0.1891,10.4453,-2.0059,1.1416,0.0550,1.3018
1636101036794,0.3423,10.7109,-2.2559,0.9883,0.1805,1.3828
1636101036799,0.5435,10.8594,-2.5918,0.8789,0.3167,1.4922
1636101036819,0.5742,10.7969,-2.8066,0.7861,0.4722,1.5898
1636101036820,0.3997,10.5000,-2.6895,0.6870,0.6157,1.6455
1636101036821,0.2250,10.1797,-2.4258,0.5391,0.7168,1.5996
1636101036823,0.2058,10.1484,-2.0801,0.4128,0.7456,1.4590
1636101036825,0.2776,10.4766,-2.1523,0.3403,0.6782,1.2344
1636101036826,0.5454,11.2188,-2.7207,0.2500,0.5815,0.9663
1636101036831,0.9575,11.6641,-2.5879,0.2245,0.5220,0.6953
1636101036837,1.6660,13.2344,-3.3613,0.0234,0.4285,0.3110
1636101036843,1.2871,14.3281,-3.5488,-0.1692,0.5112,-0.0527
1636101036847,0.0239,13.0547,-3.8613,-0.3000,0.5571,0.0271
1636101036848,-0.6558,11.2891,-4.4180,-0.1234,0.3508,0.2505
1636101036850,-0.1077,10.8359,-4.3789,0.2830,0.1593,0.0601
1636101036851,0.7876,11.3594,-4.1055,0.5806,0.1124,-0.2751
1636101036852,0.5718,11.2734,-3.8281,0.6831,0.1965,-0.3230
1636101036859,-0.2512,10.7109,-4.0313,0.6851,0.2092,-0.2815
1636101036865,-0.4236,10.7188,-4.1758,0.6606,0.1327,-0.4314
1636101036867,0.1532,11.2109,-4.2773,0.5659,0.0284,-0.6357
1636101036871,0.7085,11.5078,-4.1406,0.3701,0.0124,-0.6665
1636101036873,0.7178,11.8203,-4.0664,-0.0011,0.1273,-0.6538
1636101036874,0.5815,11.9609,-3.7500,-0.4534,0.2698,-0.7090
1636101036875,0.5742,11.7031,-3.7070,-0.9033,0.3359,-0.6973
1636101036876,0.5503,11.1719,-3.7441,-1.2588,0.3784,-0.6260
1636101036877,0.3135,11.0781,-3.6660,-1.5254,0.4773,-0.6455
1636101036878,-0.0431,11.4531,-3.3750,-1.7324,0.5483,-0.7144
1636101036880,-0.2202,11.1094,-2.8223,-1.8467,0.5283,-0.6187
1636101036882,-0.1627,10.3438,-2.7793,-1.9883,0.4805,-0.4976
1636101036886,0.0096,9.6797,-2.9766,-2.1680,0.5615,-0.4932
1636101036888,0.1293,8.9531,-2.6230,-2.2051,0.6665,-0.4932
1636101036890,-0.0096,8.5859,-2.7012,-2.2109,0.7378,-0.4495
1636101036891,-0.0862,8.6953,-2.3223,-2.2051,0.8647,-0.5420
1636101036892,-0.1891,8.6953,-1.9941,-2.1504,0.9849,-0.6060
1636101036893,-0.2561,8.0469,-1.9580,-1.8174,0.9893,-0.4241
1636101036894,-0.3542,6.8203,-1.9912,-1.2520,0.9541,-0.1857
1636101036895,-0.3613,6.5234,-2.4531,-0.6743,0.9287,-0.1367
1636101036925,-0.3064,7.2852,-2.9277,-0.0596,0.9063,-0.1198
1636101036926,-0.2155,8.4141,-2.8203,0.4192,0.9570,-0.1432
1636101036927,-0.3254,9.1016,-2.7227,0.5820,1.0156,-0.0847
1636101036943,-0.5649,8.8828,-2.4297,0.5947,1.0732,0.0228
1636101036944,-0.7422,8.1406,-2.4316,0.5806,1.0576,0.1271
1636101036945,-0.8999,7.4375,-2.5918,0.6831,1.0215,0.1505
1636101036978,-0.6582,7.4297,-2.7930,0.8457,0.9785,0.0739
1636101036979,-0.3733,8.2734,-3.2500,0.9512,0.9424,0.0260
1636101036980,-0.1675,9.3516,-3.3262,0.9946,0.9604,0.0047
1636101037008,-0.1963,10.0234,-3.3008,0.9609,0.9561,0.0462
1636101037009,-0.3494,10.2500,-3.5020,0.8545,0.9219,0.0920
1636101037010,-0.1843,10.2422,-3.5898,0.7607,0.8721,0.1143
1636101037033,-0.0096,10.1641,-3.3965,0.7354,0.8467,0.1356
1636101037035,-0.0526,10.1719,-3.2344,0.7183,0.8403,0.1558
1636101037036,-0.1891,10.2188,-3.1230,0.6914,0.8091,0.1718
1636101037063,-0.1125,10.2266,-2.7461,0.6372,0.7529,0.1589
1636101037064,-0.0120,10.0000,-2.4414,0.5615,0.6826,0.1537
1636101037065,0.0048,9.6953,-2.4570,0.5415,0.6328,0.1420
1636101037093,0.1963,9.8438,-2.8223,0.5405,0.5742,0.0771
1636101037095,0.3950,10.0859,-2.9844,0.5522,0.5264,0.0069
1636101037096,0.6055,10.4219,-3.2383,0.5073,0.5200,-0.0527
1636101037123,0.8403,10.5313,-3.5586,0.4702,0.5264,-0.0048
1636101037125,0.7466,10.3672,-3.1172,0.5991,0.5835,0.0281
1636101037126,0.6895,10.7266,-2.7813,0.6841,0.6113,-0.0102
1636101037153,0.6558,10.8438,-2.8496,0.6831,0.5571,0.0526
1636101037155,0.7422,10.3359,-2.9688,0.6895,0.4966,0.0813
1636101037156,0.8594,9.8203,-3.3457,0.8350,0.4456,0.0632
1636101037184,1.0195,9.7813,-3.2676,1.0977,0.4221,0.0356
1636101037185,0.9551,10.1484,-3.2676,1.2432,0.4253,-0.0048
1636101037186,0.8306,10.3359,-3.3262,1.2734,0.4060,-0.0421
1636101037214,0.7993,10.1641,-3.3477,1.2158,0.3784,-0.0432
1636101037215,0.8184,10.3984,-3.0508,1.0225,0.3774,-0.1208
1636101037216,0.8618,10.7656,-3.2480,0.6338,0.3347,-0.1879
1636101037244,0.8472,10.5078,-3.6016,0.2605,0.2847,-0.1942
1636101037245,0.9287,9.6641,-3.9609,0.0436,0.2284,-0.1495
1636101037246,1.0410,9.1406,-3.6797,-0.0256,0.2358,-0.1219
1636101037275,0.9839,9.2891,-3.7344,-0.1075,0.2465,-0.1198
1636101037276,0.9692,9.3750,-3.4961,-0.1586,0.2209,-0.0868
1636101037277,0.9907,9.1797,-3.5117,-0.2043,0.1848,-0.0346
1636101037305,0.9287,8.8750,-3.6484,-0.2224,0.1582,0.0324
1636101037306,0.9385,8.7656,-3.3945,-0.1936,0.1508,0.0717
1636101037307,1.0049,8.7734,-3.6055,-0.2139,0.1188,0.1388
1636101037336,0.7300,8.4063,-3.6406,-0.1638,0.1560,0.0952
1636101037337,0.6870,8.3047,-3.9043,-0.0947,0.1359,-0.0399
1636101037339,0.6606,8.4688,-4.0625,0.1181,0.0795,-0.0208
1636101037365,0.6079,9.0078,-3.6055,0.3542,0.0891,-0.0729
1636101037366,0.6938,9.7813,-3.3906,0.3235,0.0624,-0.0942
1636101037367,0.8379,10.0859,-3.4375,0.0734,0.0039,-0.0091
1636101037395,0.8618,9.7500,-3.6016,-0.1958,-0.0152,0.0164
1636101037396,0.7466,9.1484,-3.6172,-0.3564,-0.0014,-0.0048
1636101037397,0.5625,8.6641,-3.8086,-0.3989,-0.0173,-0.0070
1636101037425,0.5479,8.5938,-3.8652,-0.2734,-0.0897,-0.0346
1636101037426,0.8594,9.1250,-3.7012,-0.1340,-0.1833,-0.0974
1636101037427,1.1729,10.0781,-3.8613,-0.2032,-0.2280,-0.1644
1636101037456,1.1943,10.5938,-4.2461,-0.3704,-0.2632,-0.1613
1636101037458,1.1484,10.3438,-4.2305,-0.4512,-0.3110,-0.0772
1636101037460,1.3545,10.3906,-3.9688,-0.5767,-0.3345,-0.0634
1636101037487,1.5361,10.6016,-4.0508,-0.7627,-0.3525,-0.0665
1636101037488,1.3447,10.2500,-4.1563,-0.8403,-0.3630,0.0122
1636101037490,1.0557,9.8984,-4.0859,-0.8726,-0.3855,0.0515
1636101037517,1.0361,10.0625,-4.2695,-0.9141,-0.4536,0.0281
1636101037519,1.2705,10.2734,-4.4258,-0.9067,-0.5078,0.0303
1636101037520,1.3643,10.1172,-4.4023,-0.8735,-0.5034,0.0707
1636101037547,1.1963,9.6641,-4.4336,-0.8467,-0.4590,0.0994
1636101037549,0.9717,9.2266,-4.4453,-0.7480,-0.4546,0.1069
1636101037550,0.9263,9.1719,-4.1953,-0.4607,-0.4812,-0.0251
1636101037577,0.9048,9.6563,-4.0938,-0.3127,-0.5332,-0.0474
1636101037579,1.2109,9.9688,-3.9395,-0.1000,-0.6025,-0.0517
1636101037581,1.4189,10.3125,-3.7695,-0.0234,-0.5981,-0.0910
1636101037608,1.1680,10.2578,-3.7031,-0.0628,-0.5586,-0.0410
1636101037612,0.8066,9.8984,-3.7168,-0.1053,-0.5405,0.0292
1636101037613,0.8354,9.5547,-3.7344,-0.0958,-0.5630,0.0622
1636101037638,0.9189,9.2188,-3.5449,-0.0192,-0.5664,0.0920
1636101037640,0.7539,9.2422,-3.3867,0.0330,-0.5620,0.0803
1636101037642,0.7373,9.7344,-3.2930,0.0468,-0.6035,0.0228
1636101037668,0.6772,10.0313,-3.1172,0.0085,-0.6440,-0.0208
1636101037670,0.4355,10.1484,-3.2246,-0.0926,-0.7026,-0.0346
1636101037672,0.4573,10.2578,-3.4395,-0.1575,-0.7939,-0.0432
1636101037698,0.5195,10.1719,-3.5645,-0.1586,-0.8687,-0.0538
1636101037700,0.4309,9.9844,-3.7266,-0.1500,-0.9312,-0.0432
1636101037706,0.2250,9.6953,-3.6875,-0.1383,-0.9824,-0.0251
1636101037717,0.0862,9.4141,-3.3848,-0.1022,-1.0352,-0.0059
1636101037722,-0.0287,9.3359,-3.1855,-0.0596,-1.1152,-0.0048
1636101037747,-0.1149,9.3516,-3.2500,-0.0245,-1.2217,-0.0102
1636101037752,-0.0958,9.4453,-3.2695,0.0106,-1.3184,0.0047
1636101037756,-0.1412,9.4922,-3.2188,-0.0011,-1.3809,0.0303
1636101037766,-0.1986,9.6250,-3.1816,-0.0724,-1.4277,0.0622
1636101037771,-0.0646,9.9375,-2.9609,-0.1809,-1.4629,0.0834
1636101037796,-0.1699,10.1172,-2.8691,-0.4084,-1.4365,0.1154
1636101037801,-0.2920,9.9297,-2.8359,-0.6118,-1.4473,0.2313
1636101037805,-0.4165,9.3203,-2.7969,-0.7021,-1.4609,0.3484
1636101037817,-0.0598,8.8359,-2.8359,-0.6499,-1.5166,0.5024
1636101037821,0.1627,8.6719,-2.4258,-0.4863,-1.4814,0.5698
1636101037847,-0.2871,8.8281,-2.1816,-0.5723,-1.3408,0.5283
1636101037851,0.0503,8.8359,-2.3184,-0.6147,-1.3867,0.6899
1636101037856,0.5791,8.1641,-2.3594,-0.4277,-1.3145,0.8208
1636101037868,0.9502,8.3828,-2.2344,-0.2734,-1.0801,0.8237
1636101037873,0.8618,8.8750,-2.0605,-0.0638,-0.9229,0.9390
1636101037911,0.7324,8.9063,-1.6543,0.1245,-0.8027,1.0625
1636101037917,0.8042,8.8203,-1.3213,0.1638,-0.6665,1.1572
1636101037928,0.9766,8.9219,-1.4844,0.1489,-0.5142,1.2676
1636101037934,1.1631,9.0625,-1.3760,0.2522,-0.3525,1.3887
1636101037942,1.1436,9.3828,-1.0605,0.3948,-0.1886,1.4854
1636101037947,1.3740,10.2109,-0.6367,0.3916,-0.0897,1.4697
1636101037953,1.6729,11.5781,-0.2130,0.0564,0.0305,1.2559
1636101037964,1.5771,11.5547,-0.1245,-0.4319,0.1262,1.1699
1636101037969,1.5195,10.8984,0.1101,-0.8652,0.1742,1.1641
1636101037979,1.5225,12.1172,-0.3757,-1.4824,0.2976,0.6909
1636101037984,1.9580,12.7188,-0.8521,-1.7441,0.2996,0.2153
1636101038009,2.1641,11.5859,-0.9287,-1.4551,0.2241,0.2622
1636101038022,1.7666,10.9688,-1.1826,-1.0479,0.2200,0.2642
1636101038026,1.2393,10.9141,-1.4883,-0.5513,0.1348,0.0973
1636101038035,0.9888,10.7578,-1.3066,-0.0160,-0.0173,0.0601
1636101038046,1.1084,11.3828,-0.7085,0.1478,-0.0301,-0.0102
1636101038059,1.2129,11.7266,-0.4355,-0.0064,0.0539,-0.0591
1636101038062,0.9907,11.3672,-0.6318,-0.2118,0.0656,-0.0453
1636101038070,0.8018,11.0313,-0.9023,-0.3403,-0.0078,-0.1495
1636101038071,0.9404,10.7500,-1.1797,-0.3127,-0.1174,-0.2505
1636101038100,1.1514,10.4688,-1.2178,-0.1766,-0.1642,-0.2549
1636101038104,1.1221,10.3984,-1.1797,-0.1118,-0.1461,-0.2581
1636101038105,0.9214,10.5547,-1.2490,-0.1277,-0.1227,-0.2942
1636101038130,0.8521,10.8828,-1.3496,-0.1703,-0.1195,-0.3464
1636101038132,1.0029,11.2109,-1.4844,-0.2766,-0.1237,-0.3794
1636101038133,1.1465,11.2266,-1.8789,-0.4033,-0.1396,-0.3569
1636101038161,1.1631,10.8516,-1.8555,-0.3831,-0.1195,-0.3198
1636101038162,1.0820,10.9922,-1.3574,-0.3787,-0.0322,-0.4016
1636101038163,0.9312,11.6016,-1.1172,-0.5225,0.0252,-0.4932
1636101038192,0.7441,11.5781,-0.9717,-0.6841,0.0252,-0.5186
1636101038193,0.6772,11.0391,-1.0029,-0.8193,0.0018,-0.5176
1636101038194,0.8926,10.5859,-1.1943,-0.8213,0.0220,-0.5610
1636101038221,0.8833,10.5313,-0.9980,-0.7427,0.0816,-0.5654
1636101038222,0.7178,10.5000,-0.7705,-0.6978,0.1550,-0.5664
1636101038223,0.5767,10.3672,-0.6270,-0.6777,0.2209,-0.5625
1636101038251,0.5337,10.1953,-0.4260,-0.6426,0.2764,-0.5420
1636101038252,0.5479,9.9844,-0.3542,-0.6055,0.3262,-0.5132
1636101038253,0.5625,9.7656,-0.5815,-0.5552,0.3677,-0.4741
1636101038282,0.5337,9.2813,-0.9888,-0.4617,0.4092,-0.4263
1636101038284,0.4524,8.7656,-1.1152,-0.3118,0.4690,-0.3931
1636101038286,0.3088,8.5938,-1.0957,-0.1064,0.5347,-0.3794
1636101038313,0.1340,8.7656,-0.9863,0.1383,0.5825,-0.3687
1636101038314,-0.0048,9.0781,-0.8643,0.3650,0.5859,-0.3464
1636101038316,-0.1173,9.1406,-0.8618,0.5171,0.5410,-0.2983
1636101038343,-0.1747,9.0156,-1.0771,0.5796,0.4858,-0.2612
1636101038345,-0.1077,9.0234,-1.3662,0.6436,0.4209,-0.2145
1636101038346,-0.1149,9.0234,-1.3975,0.7520,0.3689,-0.1506
1636101038373,-0.1508,9.0547,-1.4717,0.8076,0.3252,-0.0963
1636101038375,-0.1364,9.1641,-1.5586,0.8481,0.2678,-0.0251
1636101038376,-0.1580,9.3047,-1.5195,0.8608,0.2178,0.0186
1636101038403,-0.2417,9.1953,-1.4434,0.7915,0.1677,0.0675
1636101038407,-0.2800,8.8672,-1.4863,0.6938,0.1071,0.1472
1636101038408,-0.2466,8.4844,-1.5059,0.6362,0.0508,0.2015
1636101038434,-0.1771,8.4063,-1.7139,0.5850,0.0007,0.2186
1636101038435,-0.0407,8.6172,-1.7930,0.5703,-0.0301,0.2144
1636101038437,0.0431,8.8984,-1.7236,0.5444,-0.0376,0.2271
1636101038464,0.0383,9.3516,-1.6465,0.4202,-0.0280,0.2676
1636101038466,0.1053,9.7500,-1.8379,0.2426,-0.0280,0.3228
1636101038467,0.2607,9.8047,-1.9814,0.1149,-0.0099,0.3760
1636101038494,0.3638,9.5391,-1.9746,0.0627,0.0305,0.4419
1636101038496,0.3279,9.0859,-1.8838,0.0564,0.0720,0.5166
1636101038498,0.1915,8.5703,-1.8213,0.0861,0.1093,0.5801
1636101038524,0.1340,8.2500,-1.7979,0.1595,0.1327,0.6206
1636101038526,0.3423,8.3828,-1.7041,0.2649,0.1571,0.6323
1636101038528,0.7134,8.7578,-1.4746,0.3904,0.1891,0.6396
1636101038555,1.0342,9.3516,-1.2637,0.4756,0.2369,0.6440
1636101038556,1.2656,10.1016,-1.2158,0.5117,0.2964,0.6396
1636101038558,1.3926,10.6953,-1.0127,0.5415,0.3379,0.6260
1636101038588,1.3447,11.0625,-0.9956,0.5469,0.3379,0.6177
1636101038590,1.4746,11.1016,-0.7876,0.5640,0.2837,0.5908
1636101038591,1.8428,12.7422,-0.5742,0.3650,0.2795,0.2993
1636101038616,1.9551,13.9844,-1.2227,0.0064,0.2593,0.0547
1636101038617,1.8242,13.9297,-1.3232,-0.1521,0.2688,0.0281
1636101038619,1.6465,13.9219,-1.1582,-0.1830,0.3093,-0.0538
1636101038646,1.5029,13.6094,-1.2422,-0.1979,0.2476,-0.1772
1636101038648,1.3809,12.7969,-1.4482,-0.2659,0.1241,-0.2400
1636101038650,1.4717,12.0469,-1.5439,-0.3425,0.0539,-0.2644
1636101038676,1.7158,12.0781,-0.9453,-0.4553,0.1709,-0.4197
1636101038679,1.7354,12.3516,-0.9624,-0.8267,0.3708,-0.5869
1636101038681,1.4238,11.1094,-1.3955,-1.1201,0.4307,-0.3645
1636101038706,1.1563,8.8047,-1.3477,-1.0400,0.4902,-0.0644
1636101038707,0.9287,7.2852,-1.5225,-0.6680,0.6313,-0.0570
1636101038708,1.1514,7.5820,-1.6133,-0.1329,0.6616,-0.1176
1636101038735,1.4053,9.0000,-1.1914,0.2776,0.7231,-0.1942
1636101038736,1.3359,9.8594,-1.2568,0.2627,0.8848,-0.2847
1636101038737,1.1318,10.0000,-1.5488,-0.0021,1.0264,-0.1740
1636101038765,1.0215,9.6953,-1.6563,-0.1394,1.0859,-0.0485
1636101038766,1.1387,9.4063,-1.8525,-0.1830,1.1348,-0.0963
1636101038767,1.1221,9.7813,-1.9268,-0.2075,1.2080,-0.1730
1636101038795,0.8569,10.2969,-2.0000,-0.2510,1.2549,-0.2123
1636101038796,0.6152,10.2734,-1.8477,-0.2852,1.2520,-0.1730
1636101038797,0.5195,10.1953,-1.6250,-0.2905,1.2012,-0.1357
1636101038827,0.4858,10.3281,-1.5889,-0.3203,1.1221,-0.1879
1636101038829,0.1245,9.9922,-1.7373,-0.1809,0.8232,-0.2059
1636101038830,0.1316,10.2031,-1.9600,-0.0543,0.6563,-0.2517
1636101038857,0.3328,10.7734,-2.2070,0.0308,0.5029,-0.3645
1636101038859,0.4739,11.2031,-2.3613,0.0159,0.3752,-0.4263
1636101038861,0.4548,11.3125,-2.5488,-0.0926,0.2869,-0.4263
1636101038887,0.3901,11.3359,-2.6836,-0.2010,0.2029,-0.4443
1636101038889,0.3088,11.3672,-2.6426,-0.2703,0.1231,-0.4985
1636101038891,0.2512,11.3828,-2.6992,-0.3276,0.0167,-0.5273
1636101038917,0.2297,11.3438,-2.6016,-0.3650,-0.0929,-0.5303
1636101038919,0.2035,11.1719,-2.5605,-0.4192,-0.1971,-0.5527
1636101038921,0.2178,10.9453,-2.4512,-0.4683,-0.2854,-0.5889
1636101038947,0.1819,10.7266,-2.3047,-0.4949,-0.3823,-0.6221
1636101038949,0.1555,10.6094,-2.3242,-0.5029,-0.4802,-0.6528
1636101038951,0.2106,10.6563,-2.2656,-0.4851,-0.5620,-0.6919
1636101038978,0.1293,10.5938,-2.2520,-0.4841,-0.6343,-0.7026
1636101038980,-0.0239,10.3359,-2.2207,-0.4980,-0.6982,-0.6836
1636101038982,-0.1197,9.9375,-2.1484,-0.4734,-0.7686,-0.6665
1636101039008,-0.2632,9.5156,-2.2109,-0.4106,-0.8545,-0.6602
1636101039010,-0.3447,9.2031,-2.2344,-0.2893,-0.9556,-0.6538
1636101039011,-0.2369,9.2031,-2.2207,-0.1118,-1.0469,-0.6504
1636101039038,-0.2227,9.2578,-2.1855,0.0298,-1.0996,-0.6294
1636101039040,-0.3423,9.1406,-2.0117,0.1064,-1.1357,-0.5557
1636101039042,-0.4812,8.9297,-1.8428,0.1372,-1.1787,-0.4741
1636101039068,-0.5171,8.6953,-1.7666,0.1447,-1.2266,-0.3953
1636101039070,-0.4954,8.5859,-1.6133,0.1500,-1.2676,-0.3091
1636101039072,-0.4524,8.4531,-1.4766,0.1436,-1.2930,-0.2080
1636101039099,-0.3374,8.3984,-1.4141,0.1107,-1.3105,-0.1017
1636101039100,-0.2346,8.4609,-1.3018,0.0627,-1.3057,-0.0102
1636101039102,-0.0814,8.4766,-1.2754,0.0361,-1.2979,0.1005
1636101039129,-0.0335,8.2969,-1.0986,0.0415,-1.2588,0.2335
1636101039131,-0.0886,7.7930,-1.0264,0.0585,-1.2295,0.3845
1636101039132,-0.0455,7.2539,-1.0166,0.1181,-1.2129,0.5034
1636101039159,0.0909,6.9844,-0.9502,0.2107,-1.1689,0.5718
1636101039161,0.2274,7.0039,-0.8164,0.3118,-1.0928,0.6421
1636101039162,0.3423,7.2617,-0.5913,0.4128,-0.9961,0.7197
1636101039190,0.4763,7.6289,-0.3687,0.4990,-0.9087,0.8262
1636101039192,0.8306,8.1797,-0.2297,0.5796,-0.8335,0.9517
1636101039194,1.2783,8.8984,0.0574,0.6616,-0.7197,1.0742
1636101039220,1.3789,9.5781,0.5024,0.7363,-0.5522,1.1992
1636101039221,1.5557,10.2500,0.6680,0.8203,-0.4771,1.2969
1636101039223,1.8789,11.2813,0.9741,0.8574,-0.4045,1.2617
1636101039248,1.2539,12.7031,0.7969,0.5044,-0.2407,1.0723
1636101039250,1.4932,12.6406,-0.0598,0.0957,-0.2781,1.1387
1636101039251,2.8809,10.7656,-0.5410,0.3416,-0.4888,1.4482
1636101039279,3.7051,13.2656,-0.5981,0.2510,-0.2832,0.7900
1636101039280,3.6445,18.3125,0.5815,-0.4841,0.3730,-0.2559
1636101039282,2.2910,18.6719,0.8833,-1.1943,0.6655,-0.0974
1636101039310,0.8208,14.2656,0.3613,-1.4043,0.5166,0.5347
1636101039312,0.6030,10.5313,-0.4141,-1.0273,0.2847,0.4431
1636101039313,1.5146,9.3672,-0.6221,-0.1819,0.1752,-0.0091
1636101039340,1.9551,10.0000,-0.0096,0.6406,0.3049,-0.1624
1636101039342,0.9888,11.1563,0.5649,0.9927,0.5508,-0.2048
1636101039344,-0.1747,11.8906,0.5767,0.9170,0.5835,-0.2856
1636101039370,-0.4714,11.5234,0.3853,0.7534,0.3975,-0.2834
1636101039372,0.0048,10.4531,-0.1915,0.6689,0.1752,-0.2294
1636101039374,0.4475,9.9766,-0.9766,0.6914,0.0454,-0.2251
1636101039401,0.4692,10.3594,-1.4268,0.7012,0.0316,-0.3293
1636101039402,0.2825,10.9297,-1.7207,0.6309,0.0475,-0.4485
1636101039404,0.3088,11.2500,-1.7900,0.5073,0.0273,-0.4592
1636101039431,0.5479,11.0781,-1.7832,0.3489,0.0188,-0.4368
1636101039433,0.6152,11.0156,-2.0957,0.1744,0.0188,-0.4326
1636101039434,0.2607,11.2031,-2.1367,0.0553,0.0454,-0.4761
1636101039462,-0.2800,10.5078,-1.6182,0.0936,0.0220,-0.3911
1636101039464,-0.5767,9.4922,-1.3809,0.1681,-0.0961,-0.2654
1636101039465,-0.2825,9.3984,-1.3857,0.2308,-0.2227,-0.3284
1636101039491,0.0718,9.7969,-1.4072,0.3020,-0.2759,-0.4688
1636101039493,0.1771,10.1328,-1.5010,0.2883,-0.2705,-0.4209
1636101039495,0.3423,9.8047,-2.2773,0.3000,-0.2673,-0.3240
1636101039522,0.4500,9.1094,-2.2598,0.3989,-0.1940,-0.2443
1636101039523,0.3159,8.6328,-2.2520,0.5317,-0.0897,-0.1644
1636101039525,0.0144,8.4531,-2.1465,0.7212,-0.0099,-0.1017
1636101039552,-0.1580,8.4609,-1.9463,0.8960,0.0327,-0.0825
1636101039554,-0.1938,8.3438,-1.9893,1.0400,0.0359,-0.0283
1636101039555,-0.0670,8.2266,-2.1348,1.1523,0.0390,0.0547
1636101039583,0.1604,8.2266,-2.1543,1.2158,0.0901,0.1175
1636101039584,0.1340,8.1875,-2.0527,1.2559,0.1763,0.2026
1636101039586,-0.2969,8.0156,-2.1602,1.2539,0.2507,0.2727
1636101039612,-0.5435,7.8828,-2.3691,1.1807,0.2698,0.3079
1636101039616,-0.1053,8.1875,-2.3984,1.0947,0.2913,0.3259
1636101039618,0.3806,8.7891,-2.5156,0.9829,0.3689,0.3579
1636101039642,0.4883,9.2344,-2.4648,0.8584,0.4902,0.4260
1636101039644,0.3254,9.3516,-2.2754,0.7510,0.5967,0.5059
1636101039646,0.1963,9.2891,-2.5820,0.6978,0.6284,0.5928
1636101039672,0.2944,9.1953,-2.7109,0.7300,0.6094,0.6494
1636101039674,0.5742,9.1406,-2.6563,0.8257,0.5815,0.6592
1636101039676,0.6221,8.6953,-2.4434,0.9478,0.5654,0.6440
1636101039703,0.2825,8.4453,-2.3340,1.0117,0.5410,0.5645
1636101039704,0.1316,8.9297,-2.4512,1.0498,0.4646,0.3643
1636101039706,0.8140,10.1094,-2.6055,0.9766,0.3477,0.0781
1636101039733,1.3164,12.6328,-3.7578,0.5083,0.2932,-0.3591
1636101039735,1.0791,12.9766,-3.5254,0.1841,0.3743,-0.4761
1636101039738,0.7920,10.9766,-3.2676,0.2510,0.3540,-0.0389
1636101039762,1.0391,10.3047,-3.5313,0.3403,0.3081,0.0175
1636101039764,1.3447,10.7266,-4.0352,0.5562,0.1986,-0.2294
1636101039765,1.1563,10.9766,-4.2227,0.8970,0.1050,-0.2654
1636101039792,1.0742,11.2578,-4.0391,1.0859,0.0709,-0.2474
1636101039793,1.0820,11.8672,-3.5547,1.0732,0.1039,-0.3750
1636101039794,0.8711,12.6172,-3.3027,0.9297,0.0422,-0.4102
1636101039822,0.4236,13.5547,-2.8867,0.5669,-0.0567,-0.5293
1636101039823,0.8618,14.3516,-1.9199,-0.1766,-0.0567,-0.8306
1636101039824,1.1201,14.1563,-1.7783,-1.1152,-0.0407,-0.8115
1636101039852,0.7637,12.6484,-1.5820,-1.8330,0.0018,-0.5845
1636101039853,0.7637,11.0391,-1.3643,-2.2578,0.0305,-0.4570
1636101039854,1.0264,9.9297,-1.5244,-2.4453,0.0784,-0.3804
1636101039882,1.0938,9.2109,-1.7666,-2.3984,0.1614,-0.2676
1636101039884,1.1172,8.7734,-1.7588,-2.1738,0.2869,-0.1740
1636101039884,1.2227,8.5938,-2.0059,-1.9580,0.4358,-0.1624
1636101039919,1.2656,8.6953,-2.2090,-1.7686,0.5996,-0.2006
1636101039921,1.1895,9.1406,-2.3125,-1.5928,0.7729,-0.2708
1636101039922,1.0293,9.8516,-2.2012,-1.4492,0.9434,-0.3645
1636101039947,0.7754,10.3828,-2.0918,-1.3613,1.0547,-0.4102
1636101039954,0.5625,10.4609,-2.1172,-1.2979,1.1025,-0.3953
1636101039960,0.3687,10.3750,-2.2832,-1.2129,1.1113,-0.3953
1636101039967,0.0742,10.0859,-2.5195,-1.0791,1.1113,-0.3997
1636101039973,-0.1555,9.7969,-2.7402,-0.8970,1.0752,-0.4006
1636101039991,-0.2489,9.7578,-3.0723,-0.6797,1.0127,-0.4358
1636101039997,-0.4573,9.7266,-3.1660,-0.4512,0.9634,-0.4795
1636101040005,-0.8140,9.6328,-3.1328,-0.2416,0.8901,-0.5186
1636101040011,-0.8735,9.9766,-3.2871,-0.0309,0.7393,-0.6104
1636101040025,-0.8042,10.4375,-3.5176,0.1467,0.5718,-0.7285
1636101040031,-0.9624,10.7109,-3.7969,0.2446,0.4124,-0.7813
1636101040045,-0.9502,10.7969,-4.0859,0.3201,0.2263,-0.7944
1636101040051,-0.8662,10.7266,-4.1836,0.3713,0.0667,-0.7920
1636101040065,-1.0342,10.5391,-4.1406,0.3850,-0.0641,-0.7612
1636101040071,-1.0889,10.2188,-4.0664,0.3733,-0.2174,-0.7295
1636101040100,-0.9263,9.9453,-4.0313,0.3521,-0.3823,-0.7124
1636101040120,-0.8999,9.7656,-3.9590,0.3308,-0.5249,-0.7026
1636101040140,-0.8809,9.6406,-3.8750,0.3201,-0.6758,-0.6899
1636101040150,-0.7397,9.4609,-3.7656,0.3086,-0.8145,-0.6636
1636101040158,-0.7876,9.2109,-3.6309,0.2734,-0.9165,-0.6040
1636101040164,-0.7754,9.0156,-3.6641,0.2479,-1.0303,-0.5347
1636101040173,-0.5386,8.7500,-3.6211,0.2405,-1.1191,-0.4561
1636101040179,-0.5239,8.3984,-3.4512,0.2170,-1.1426,-0.3569
1636101040187,-0.5625,8.0781,-3.3418,0.2191,-1.1543,-0.2421
1636101040193,-0.3398,7.8242,-3.3242,0.2883,-1.1729,-0.1272
1636101040200,-0.1005,7.6016,-3.2578,0.4021,-1.1387,0.0026
1636101040206,-0.0215,7.3633,-3.1328,0.5254,-1.0654,0.1643
1636101040213,0.0981,7.1172,-2.9590,0.6680,-0.9707,0.3196
1636101040220,0.2369,7.0664,-2.7949,0.8413,-0.8589,0.4463
1636101040227,0.3088,7.1836,-2.6211,1.0332,-0.7236,0.5322
1636101040233,0.2394,7.4414,-2.4121,1.1982,-0.5908,0.5825
1636101040246,0.4236,7.9141,-2.3086,1.5400,-0.4194,0.6250
1636101040252,0.4141,7.9141,-2.3438,1.7402,-0.3228,0.6812
1636101040266,0.8066,8.1328,-2.5234,1.9688,-0.2280,0.7471
1636101040272,1.4189,8.8281,-2.9219,2.1602,-0.0588,0.8081
1636101040286,1.8770,9.7188,-3.1953,2.2734,0.2338,0.9067
1636101040297,1.9512,10.4531,-3.4004,2.2852,0.5615,1.0820
1636101040306,1.6758,11.0703,-3.1992,2.1582,0.9038,1.2520
1636101040313,1.0723,11.2969,-2.7617,1.8984,1.1953,1.4063
1636101040326,0.5313,11.0938,-2.5293,1.6055,1.3135,1.5400
1636101040332,0.3469,10.7500,-2.6738,1.3906,1.3184,1.5928
1636101040345,0.3757,10.3516,-2.7734,1.3369,1.3047,1.5459
1636101040350,0.6177,10.1875,-3.4688,1.3818,1.2178,1.4473
1636101040375,0.9121,10.5938,-3.8223,1.4092,1.1455,1.2080
1636101040380,1.2734,10.6484,-3.5059,1.3770,1.0615,0.9966
1636101040384,1.6230,11.5469,-4.2227,1.2188,0.8486,0.7407
1636101040395,1.2061,13.5234,-4.2383,0.8818,0.8403,0.2037
1636101040400,0.1938,14.2031,-4.4766,0.5371,0.7764,-0.0548
1636101040425,-0.4954,13.0703,-4.3398,0.3169,0.4839,-0.0048
1636101040430,-0.0981,11.7813,-4.3047,0.0436,0.1050,-0.0921
1636101040434,0.6245,10.5625,-4.3750,0.0096,-0.1748,-0.1655
1636101040445,0.8066,10.2422,-5.1133,0.0574,-0.3630,-0.2208
1636101040454,0.5742,11.1016,-5.3477,-0.0053,-0.4919,-0.3496
1636101040465,0.2776,10.6016,-5.0039,-0.1713,-0.6343,-0.2888
1636101040470,0.5674,9.3438,-5.0078,-0.4521,-0.7974,-0.2006
1636101040496,1.2129,9.3750,-5.0547,-0.7139,-0.8545,-0.3284
1636101040504,1.1611,10.0703,-4.8711,-0.8564,-0.8110,-0.4741
1636101040508,0.5693,10.1016,-4.4648,-0.9043,-0.8076,-0.4177
1636101040515,0.3303,9.8828,-4.5352,-0.9248,-0.9121,-0.3315
1636101040520,0.7803,9.6875,-4.5859,-0.8716,-1.0098,-0.3198
1636101040546,1.0029,9.6250,-4.4336,-0.8169,-0.9951,-0.2825
1636101040551,0.5146,9.6406,-4.2695,-0.8003,-0.9346,-0.1899
1636101040555,0.1197,9.4609,-4.0508,-0.8545,-0.9058,-0.1740
1636101040566,0.0886,9.0938,-3.9414,-0.9512,-0.9048,-0.1888
1636101040571,0.1866,8.8125,-3.8867,-1.0352,-0.8652,-0.1868
1636101040596,0.1794,8.5625,-3.8594,-1.0732,-0.7803,-0.1782
1636101040608,0.0909,8.1563,-3.8438,-1.0420,-0.6963,-0.1399
1636101040612,0.0335,7.6719,-3.9180,-0.9248,-0.6133,-0.0782
1636101040621,-0.0837,7.2969,-3.9395,-0.6987,-0.5259,-0.0176
1636101040625,-0.1652,7.1563,-3.8672,-0.4128,-0.4355,0.0186
1636101040639,-0.3110,7.1641,-3.7031,-0.1744,-0.3237,0.0367
1636101040643,-0.4141,7.2188,-3.4395,-0.0075,-0.2100,0.0537
1636101040657,-0.4644,7.4219,-3.2500,0.0978,-0.1046,0.0717
1636101040667,-0.4932,7.6680,-3.1250,0.2000,-0.0110,0.1132
1636101040677,-0.4260,7.9570,-3.1641,0.3032,0.0571,0.1622
1636101040681,-0.2585,8.3750,-3.2715,0.3457,0.1210,0.2069
1636101040707,-0.0981,8.8203,-3.4395,0.3564,0.1975,0.2590
1636101040711,-0.0598,9.2344,-3.5684,0.3682,0.2742,0.3091
1636101040732,-0.0766,9.4766,-3.6113,0.3638,0.3284,0.3420
1636101040738,0.0407,9.6172,-3.6367,0.3298,0.3645,0.3303
1636101040742,0.1029,9.6016,-3.6016,0.2852,0.3955,0.3091
1636101040747,0.0718,9.4844,-3.3906,0.2170,0.4348,0.2930
1636101040757,0.0598,9.5000,-3.1445,0.1542,0.4465,0.2717
1636101040762,0.1340,9.5859,-3.1777,0.1277,0.4231,0.2717
1636101040787,0.3972,9.8516,-3.2500,0.1298,0.3975,0.3025
1636101040792,0.4475,9.8594,-3.3105,0.1170,0.4050,0.3813
1636101040796,0.3589,9.5078,-3.4316,0.0851,0.4114,0.4729
1636101040807,0.4763,9.5234,-3.3301,0.0638,0.4072,0.4517
1636101040812,0.6460,9.9063,-3.2402,-0.0266,0.3892,0.3323
1636101040837,0.8232,10.3281,-3.4629,-0.2351,0.3464,0.1930
1636101040842,1.0645,9.9844,-3.0664,-0.3298,0.3284,0.2004
1636101040847,0.7397,10.1250,-3.6406,-0.4500,0.3315,0.0047
1636101040862,0.2632,10.8594,-3.9297,-0.6084,0.2913,-0.3005
1636101040867,0.9072,10.5156,-4.0039,-0.3533,0.0859,-0.1868
1636101040878,1.1367,9.9453,-4.0430,-0.0234,0.0475,-0.1464
1636101040883,1.1084,10.6719,-3.9336,0.1467,0.0348,-0.3379
1636101040908,1.0791,11.3516,-3.7246,0.2937,0.0039,-0.4529
1636101040913,1.0244,11.2188,-3.4434,0.2786,0.0188,-0.5059
1636101040917,0.9551,10.9531,-3.4434,0.1489,-0.0195,-0.5454
1636101040928,1.4053,10.5391,-3.8633,0.1426,-0.1365,-0.4963
1636101040932,1.7422,10.7109,-3.7324,0.1733,-0.1035,-0.5728
1636101040958,1.0957,11.9766,-3.2461,-0.1819,0.0965,-0.8018
1636101040963,1.4404,12.2031,-3.0723,-0.6797,0.1422,-0.7568
1636101040980,1.8359,11.1797,-2.8984,-0.9961,0.2773,-0.5210
1636101040986,1.3926,10.6172,-2.6680,-1.3281,0.5317,-0.5103
1636101040991,0.8687,10.5078,-2.4980,-1.3281,0.5317,-0.5103
1636101040998,1.0908,10.0000,-2.7852,-1.4424,0.5601,-0.4114
1636101041011,1.0029,10.1016,-2.8457,-1.4521,0.6509,-0.4368
1636101041018,0.8066,10.5078,-2.8223,-1.4424,0.7114,-0.4517
1636101041023,0.7109,10.7813,-2.8867,-1.4541,0.7222,-0.4272
1636101041048,0.6270,10.9531,-2.8359,-1.5518,0.7261,-0.4124
1636101041053,0.5527,11.1328,-2.9824,-1.7402,0.7104,-0.4282
1636101041057,0.3230,11.0625,-3.1621,-1.9248,0.6860,-0.4263
1636101041069,-0.0311,10.7969,-3.2813,-2.0430,0.6592,-0.4209
1636101041073,-0.3662,10.4453,-3.4160,-2.0645,0.5986,-0.4229
1636101041099,-0.5098,10.0156,-3.5156,-1.9707,0.5020,-0.4219
1636101041103,-0.5171,9.7500,-3.5488,-1.7842,0.3965,-0.4431
1636101041108,-0.6128,9.7656,-3.5098,-1.5566,0.3093,-0.4795
1636101041121,-0.6699,9.7734,-3.4473,-1.3086,0.2092,-0.4922
1636101041128,-0.7729,9.7734,-3.3574,-1.0918,0.1167,-0.5166
1636101041139,-0.9429,9.9531,-3.2363,-0.9375,0.0156,-0.5708
1636101041144,-1.0098,10.1016,-3.1289,-0.8086,-0.1131,-0.6060
1636101041169,-1.1299,9.9297,-3.1094,-0.7085,-0.2407,-0.6025
1636101041174,-1.1250,9.6406,-3.0996,-0.6157,-0.3801,-0.6089
1636101041178,-1.1201,9.4766,-3.0469,-0.5083,-0.5034,-0.6187
1636101041189,-1.1055,9.5156,-2.9707,-0.3884,-0.6289,-0.6133
1636101041194,-0.9980,9.5313,-2.8770,-0.2947,-0.7427,-0.5923
1636101041219,-0.9453,9.4844,-2.7070,-0.2373,-0.8291,-0.5557
1636101041224,-0.9336,9.2500,-2.5840,-0.1703,-0.9185,-0.5015
1636101041229,-0.8354,8.9531,-2.5195,-0.0734,-0.9985,-0.4507
1636101041239,-0.6631,8.7578,-2.4727,0.0500,-1.0518,-0.3984
1636101041244,-0.5625,8.5391,-2.3691,0.1925,-1.0820,-0.3091
1636101041270,-0.4595,8.2969,-2.3027,0.3457,-1.0898,-0.2048
1636101041274,-0.3254,7.9727,-2.2754,0.5107,-1.0664,-0.0900
1636101041279,-0.2297,7.6484,-2.2559,0.7139,-1.0146,0.0324
1636101041290,-0.1771,7.4023,-2.2070,0.9458,-0.9399,0.1345
1636101041294,-0.0646,7.2656,-2.2070,1.2021,-0.8560,0.2356
1636101041320,0.2010,7.3555,-2.2422,1.4863,-0.7651,0.3462
1636101041325,0.4763,7.7305,-2.2559,1.7852,-0.6396,0.4558
1636101041329,0.5981,8.0859,-2.2090,2.0469,-0.4609,0.5781
1636101041340,0.6680,8.2891,-2.1855,2.2676,-0.2832,0.7261
1636101041345,0.8403,8.4375,-2.2285,2.4609,-0.1078,0.8706
1636101041370,0.8545,8.5469,-2.3066,2.6465,0.0922,1.0029
1636101041382,0.7900,8.7891,-2.2656,2.8086,0.2869,1.0938
1636101041406,0.7778,9.1719,-2.2109,2.8906,0.4583,1.1455
1636101041420,0.9287,9.7109,-2.3262,2.8984,0.6016,1.1855
1636101041425,0.9790,10.3516,-2.5293,2.8711,0.7378,1.2051
1636101041430,1.0791,10.8516,-2.9023,2.8301,0.8296,1.2256
1636101041435,1.2012,11.2031,-3.1875,2.7578,0.9028,1.2217
1636101041441,1.1201,11.3906,-3.2031,2.6133,1.0195,1.1816
1636101041446,0.9336,11.1719,-3.0371,2.4414,1.0898,1.1367
1636101041451,0.9336,10.9375,-2.8809,2.3086,1.0732,1.0586
1636101041461,1.2256,11.4375,-2.8418,2.1035,1.0166,0.8325
1636101041466,1.3018,13.3203,-3.2051,1.5391,1.0156,0.3345
1636101041491,0.7852,14.2188,-3.0117,0.9458,1.0420,0.0483
1636101041495,0.1388,13.5625,-3.2168,0.4575,0.8989,0.1154
1636101041500,0.0407,12.8281,-3.7598,-0.0373,0.6538,0.0409
1636101041512,0.6460,11.8125,-4.1602,-0.3010,0.3604,-0.0718
1636101041516,0.9551,10.1250,-4.2852,-0.2905,0.1720,-0.0506
1636101041542,0.6533,9.5625,-4.4766,-0.3787,0.1018,-0.0729
1636101041547,0.3423,9.9531,-4.7500,-0.5083,-0.0163,-0.1782
1636101041551,0.4644,10.0938,-4.9336,-0.6201,-0.2046,-0.2612
1636101041561,0.8281,10.0703,-5.1563,-0.7822,-0.3513,-0.2900
1636101041566,0.9312,10.1250,-5.2383,-0.9067,-0.3992,-0.3154
1636101041592,0.6680,9.9531,-5.1563,-0.9277,-0.4504,-0.2888
1636101041610,0.5815,9.6094,-5.1133,-0.8789,-0.5630,-0.2411
1636101041614,0.8403,9.5938,-4.8867,-0.7832,-0.6641,-0.2283
1636101041623,0.9429,9.6797,-4.5508,-0.6553,-0.7217,-0.1899
1636101041627,0.6460,9.8203,-4.2422,-0.6362,-0.7344,-0.1857
1636101041640,0.5049,10.0156,-4.0938,-0.7041,-0.7822,-0.1974
1636101041652,0.6152,10.2266,-3.9063,-0.7832,-0.8193,-0.1953
1636101041658,0.6797,10.2813,-3.7500,-0.8896,-0.8208,-0.1825
1636101041673,0.5981,10.0078,-3.5703,-1.0039,-0.7949,-0.1378
1636101041680,0.4978,9.7188,-3.4160,-1.0938,-0.7578,-0.1187
1636101041686,0.4189,9.3828,-3.2246,-1.0986,-0.7144,-0.0984
1636101041691,0.3398,9.1797,-3.1426,-1.0752,-0.6494,-0.1123
1636101041703,0.3230,9.0469,-3.1250,-1.0762,-0.5586,-0.1464
1636101041709,0.2058,8.7734,-3.0020,-1.0645,-0.4387,-0.1559
1636101041730,0.0526,8.4688,-3.0352,-0.9980,-0.3066,-0.1698
1636101041749,0.0287,8.1875,-3.2363,-0.8779,-0.1588,-0.2145
1636101041769,-0.3972,7.0664,-3.3301,-0.4683,0.2146,-0.2006
1636101041773,-0.3972,7.0664,-3.3301,-0.4683,0.2146,-0.2006
1636101041778,-0.7324,7.0313,-2.9805,0.1595,0.5347,-0.1868
1636101041785,-0.8164,7.3594,-3.0176,0.4512,0.6348,-0.1389
1636101041791,-0.8447,7.5195,-3.2090,0.6851,0.7041,-0.0676
1636101041796,-0.7539,7.5703,-3.3301,0.8169,0.7646,-0.0059
1636101041802,-0.5264,7.9102,-3.4492,0.8691,0.8252,0.0303
1636101041807,-0.3757,8.5078,-3.7012,0.9141,0.8804,0.0707
1636101041823,-0.3423,9.0078,-3.6641,0.9609,0.9287,0.1431
1636101041828,-0.1986,9.2656,-3.4785,0.9502,0.9453,0.2144
1636101041852,-0.0886,9.1719,-3.3418,0.8608,0.9307,0.2876
1636101041857,-0.1005,8.9844,-3.4082,0.7446,0.8872,0.3569
1636101041861,-0.1149,8.7813,-3.3984,0.6338,0.8296,0.3867
1636101041872,-0.0024,8.6094,-3.4727,0.4927,0.7466,0.3823
1636101041877,0.3064,8.3984,-3.5273,0.4182,0.6582,0.3972
1636101041903,0.5146,8.5547,-3.3242,0.4436,0.5889,0.3462
1636101041907,0.5264,9.5625,-3.0703,0.4233,0.4902,0.1654
1636101041911,1.0527,10.8516,-3.4180,0.2234,0.3145,-0.0495
1636101041923,0.8618,11.2578,-3.9355,-0.1032,0.2401,-0.2145
1636101041927,0.5625,11.3750,-4.0313,-0.2725,0.2231,-0.3528
1636101041953,0.9863,11.4844,-4.4375,-0.0585,-0.0418,-0.2932
1636101041957,1.5098,11.7109,-4.4531,0.1638,-0.2227,-0.3889
1636101041962,1.5244,11.6328,-4.2344,0.0745,-0.1960,-0.5610
1636101041973,0.6392,10.4609,-4.7070,-0.0181,-0.1610,-0.3730
1636101041977,1.3232,10.2813,-5.6328,0.3936,-0.4631,-0.1464
1636101042004,2.6992,11.7656,-4.4805,0.4639,-0.3611,-0.5356
1636101042009,1.5938,12.8125,-3.4473,-0.4585,0.0444,-0.7153
1636101042014,0.3542,12.4141,-3.1289,-1.2471,0.1061,-0.3965
1636101042023,1.3545,11.3750,-2.8887,-1.5537,-0.0142,-0.3154
1636101042028,1.3330,11.0469,-2.4609,-1.8125,0.0465,-0.3528
1636101042053,0.4404,11.0000,-2.0605,-2.0098,0.0752,-0.2400
1636101042078,0.9551,10.8203,-2.0039,-2.0977,-0.0706,-0.1506
1636101042083,1.3213,10.5703,-2.2734,-2.2598,-0.1003,-0.0814
1636101042088,1.0869,10.3438,-2.6016,-2.3594,-0.0748,0.0217
1636101042094,1.0742,10.3750,-2.7188,-2.3301,-0.0610,0.0792
1636101042099,0.7852,10.5859,-2.7637,-2.3301,-0.0152,0.0983
1636101042108,0.3806,10.7109,-2.8711,-2.3555,-0.0131,0.1154
1636101042125,0.4045,10.6172,-2.9902,-2.3418,-0.0525,0.1218
1636101042135,0.3853,10.3984,-3.0371,-2.3027,-0.0673,0.1218
1636101042142,0.4309,10.1563,-3.0449,-2.2031,-0.0737,0.1249
1636101042148,0.3589,9.9844,-2.8906,-2.0508,-0.0599,0.1143
1636101042154,0.2010,9.8281,-2.7070,-1.8428,-0.0620,0.1016
1636101042160,0.1053,9.7656,-2.5449,-1.5811,-0.0844,0.0717
1636101042193,0.2058,9.9141,-2.3984,-1.2910,-0.1205,0.0228
1636101042198,0.0862,10.1250,-2.1875,-1.0049,-0.1396,-0.0197
1636101042203,-0.0072,10.3672,-2.0195,-0.7744,-0.1843,-0.0836
1636101042209,0.0981,10.5938,-1.9775,-0.5850,-0.2515,-0.1432
1636101042213,0.1221,10.7188,-1.9482,-0.4490,-0.2971,-0.1963
1636101042224,0.1699,10.8516,-1.9199,-0.3501,-0.3279,-0.2505
1636101042229,0.1627,10.9609,-1.8408,-0.2820,-0.3333,-0.2964
1636101042254,0.0407,10.9531,-1.7373,-0.2405,-0.3428,-0.3398
1636101042259,0.0359,10.6406,-1.8164,-0.1936,-0.3960,-0.3464
1636101042264,0.1604,10.3594,-1.8379,-0.1255,-0.4333,-0.3601
1636101042276,0.0981,10.2734,-1.8291,-0.0522,-0.4302,-0.3997
1636101042280,0.0503,10.1172,-1.8555,0.0287,-0.4441,-0.4272
1636101042305,-0.0646,9.8516,-1.8887,0.1383,-0.4556,-0.4272
1636101042309,-0.1340,9.6094,-1.9365,0.3127,-0.5142,-0.4314
1636101042327,-0.1484,9.6016,-1.9297,0.4829,-0.5693,-0.4688
1636101042334,-0.2202,9.6719,-1.9893,0.6118,-0.6162,-0.4827
1636101042339,-0.0694,9.5391,-2.0781,0.7002,-0.6533,-0.4548
1636101042346,-0.1938,9.2344,-2.0195,0.7661,-0.6460,-0.4028
1636101042356,-0.4355,8.9531,-1.9648,0.8530,-0.6685,-0.3665
1636101042368,-0.3064,8.7656,-1.9199,0.9609,-0.7300,-0.3379
1636101042374,-0.2607,8.6406,-1.9600,1.0537,-0.7739,-0.2974
1636101042385,-0.1699,8.6172,-1.9893,1.1250,-0.7949,-0.2590
1636101042390,-0.1412,8.4141,-1.9893,1.1904,-0.7842,-0.1698
1636101042415,-0.2369,8.2500,-1.8428,1.2549,-0.7451,-0.0761
1636101042420,-0.1891,8.1563,-1.9121,1.3359,-0.7290,0.0228
1636101042425,-0.1580,7.9570,-1.9551,1.4355,-0.7153,0.1537
1636101042435,0.0263,7.8594,-2.0000,1.5234,-0.6885,0.2708
1636101042440,0.1963,7.9570,-2.0371,1.5947,-0.6289,0.3706
1636101042466,0.2871,8.2891,-1.9844,1.6543,-0.5439,0.4473
1636101042470,0.4355,8.7344,-1.9863,1.7275,-0.4727,0.5332
1636101042475,0.6318,9.1250,-1.9912,1.7910,-0.4004,0.6387
1636101042486,0.8330,9.3750,-1.9912,1.8223,-0.3110,0.7632
1636101042490,1.2275,9.6719,-2.0215,1.8330,-0.2078,0.8965
1636101042515,1.4316,10.1641,-2.1367,1.7881,-0.0397,1.0127
1636101042521,1.3213,10.7422,-2.0039,1.6650,0.1975,1.1240
1636101042534,1.4883,11.1875,-2.1699,1.3643,0.5200,1.5020
1636101042542,1.3477,11.1719,-2.5059,1.2529,0.6655,1.6318
1636101042548,1.6826,11.2891,-2.9238,1.1895,0.7446,1.7285
1636101042565,1.7783,11.3516,-3.1426,1.0557,0.9263,1.7383
1636101042571,1.5293,11.0234,-2.5000,0.7637,1.1094,1.6523
1636101042578,1.6709,10.5703,-1.6758,0.3882,1.1299,1.4580
1636101042594,1.8770,11.5547,-2.6973,-0.2001,1.0059,0.8984
1636101042613,1.8887,13.3359,-2.4824,-0.5649,0.9751,0.1154
1636101042618,1.3115,13.1797,-2.6836,-0.5767,0.9155,-0.2549
1636101042625,0.7441,11.0703,-2.6484,-0.0436,0.6914,0.1005
1636101042631,0.4404,9.7734,-2.5879,0.6338,0.4253,0.1909
1636101042636,0.6987,9.9766,-2.5840,1.1768,0.2517,-0.2240
1636101042646,1.0215,10.7656,-2.1367,1.5000,0.1997,-0.4038
1636101042651,0.9600,11.9297,-2.1172,1.3672,0.1912,-0.3804
1636101042676,0.9097,12.4375,-2.1484,0.9956,0.1593,-0.4219
1636101042681,0.9551,12.5859,-2.2910,0.4895,0.1390,-0.5112
1636101042685,1.1348,12.1719,-2.1992,-0.0170,0.0965,-0.4805
1636101042696,1.3574,10.5469,-2.1855,-0.3054,0.0561,-0.2910
1636101042701,1.4912,9.6484,-2.6660,-0.6274,0.1178,-0.3069
1636101042726,1.5586,10.0156,-2.8594,-0.9395,0.2498,-0.5039
1636101042731,1.2734,10.5078,-2.2832,-1.0586,0.3328,-0.5762
1636101042736,0.9502,11.0391,-1.2227,-1.2285,0.3743,-0.5845
1636101042747,0.7563,11.7344,-0.7397,-1.6855,0.4009,-0.6826
1636101042752,0.8042,11.8906,-1.1777,-2.2051,0.3730,-0.7305
1636101042777,0.8809,11.0625,-1.4434,-2.5000,0.2986,-0.6177
1636101042782,1.0361,10.1563,-1.4189,-2.6816,0.2773,-0.5229
1636101042788,1.2490,10.0313,-1.3857,-2.9141,0.3528,-0.5610
1636101042797,1.4189,10.4922,-1.0957,-3.2188,0.5112,-0.6133
1636101042801,1.3164,10.7422,-0.4548,-3.5977,0.7134,-0.5737
1636101042828,0.8784,9.9453,-0.4429,-3.9785,0.8403,-0.4060
1636101042830,0.1580,7.5898,-1.4023,-4.0430,0.7744,-0.0314
1636101042832,-0.1819,5.9570,-1.6250,-3.6797,0.7231,0.1398
1636101042859,0.0239,5.5820,-1.5322,-3.1191,0.7095,0.0292
1636101042860,0.2083,5.5898,-1.4072,-2.5859,0.6899,0.0452
1636101042862,0.2512,5.9297,-0.8281,-2.1855,0.7339,0.0707
1636101042889,-0.0622,6.1016,-0.4595,-1.7734,0.7700,0.0569
1636101042890,-0.5649,6.4297,-0.0670,-1.2705,0.6899,0.0877
1636101042892,-0.5718,7.6133,-0.2896,-0.8818,0.4871,0.0632
1636101042919,0.2489,8.9297,-1.3135,-0.5435,0.2306,0.0601
1636101042921,1.2734,9.4531,-1.8291,-0.1628,0.1305,0.1898
1636101042922,1.6826,9.4609,-1.6064,0.1467,0.2295,0.3909
1636101042949,1.2422,9.4844,-0.9551,0.3638,0.4009,0.5537
1636101042952,0.8403,9.6406,-0.2561,0.5317,0.4307,0.6006
1636101042954,0.6680,9.8203,-0.1197,0.6235,0.3315,0.5303
1636101042979,0.8662,9.5859,-0.2681,0.7168,0.1709,0.4697
1636101042981,1.4268,9.9297,-0.7754,0.7456,0.0742,0.3376
1636101042983,1.9893,10.8672,-1.3975,0.7285,0.0880,0.1409
1636101043009,2.4004,11.1406,-1.7256,0.8013,0.1316,0.1334
1636101043011,2.5781,10.9531,-1.5410,0.9883,0.2444,0.2813
1636101043013,2.4512,10.8281,-1.2012,1.1338,0.4199,0.3091
1636101043039,2.2500,10.8984,-0.8882,1.1748,0.5571,0.3025
1636101043041,2.0313,10.7422,-0.6963,1.1455,0.6401,0.3538
1636101043043,1.7734,10.2813,-0.5864,1.1387,0.7051,0.4058
1636101043070,1.8379,10.0313,-0.5981,1.2129,0.7017,0.4048
1636101043071,2.3711,10.3359,-0.6079,1.3076,0.6763,0.2622
1636101043073,2.1641,10.9609,-0.9932,1.1660,0.7485,0.0143
1636101043100,1.6631,11.0938,-1.1826,1.1133,0.7910,-0.0889
1636101043102,1.0938,10.1172,-1.9121,1.3906,0.6836,0.0473
1636101043104,1.0195,9.5469,-2.3672,1.7588,0.5220,0.0313
1636101043130,1.4404,9.8984,-2.4043,1.9697,0.4753,-0.2229
1636101043131,1.3496,10.0938,-2.3027,2.0859,0.5112,-0.2771
1636101043133,1.1484,10.2734,-1.7402,2.0859,0.5679,-0.2793
1636101043159,0.6221,9.8828,-2.2188,1.9170,0.5239,-0.2900
1636101043161,0.3254,9.5000,-2.7168,1.8184,0.4263,-0.3389
1636101043162,1.6924,9.7344,-3.1914,1.9404,0.2433,-0.5005
1636101043189,1.6826,9.9531,-3.7559,2.0879,0.2529,-0.5708
1636101043190,0.5049,11.3906,-3.6934,1.9951,0.2795,-0.6738
1636101043191,1.5059,12.4531,-3.2070,1.5947,0.3049,-0.8984
1636101043221,1.7813,11.4844,-3.2832,1.1797,0.4114,-0.5581
1636101043223,1.2920,9.8594,-3.4277,1.0986,0.4370,-0.2368
1636101043225,1.3262,9.4063,-4.0000,1.1416,0.4019,-0.4114
1636101043251,1.2803,9.7734,-4.2500,1.2754,0.3721,-0.4380
1636101043253,1.0479,10.6016,-3.8652,1.2793,0.3901,-0.3899
1636101043255,1.3115,11.3047,-3.7676,0.9541,0.3560,-0.4580
1636101043281,1.2471,10.8359,-4.0039,0.2852,0.2306,-0.3474
1636101043283,1.1250,10.8672,-3.9492,0.0840,0.1433,-0.4124
1636101043285,1.0459,11.1250,-3.8301,-0.0883,0.0082,-0.4688
1636101043311,1.1348,11.2188,-3.7852,-0.2725,-0.1407,-0.5142
1636101043313,0.9453,11.0469,-4.0313,-0.4448,-0.3047,-0.5249
1636101043315,1.2539,10.9219,-4.2813,-0.4832,-0.4802,-0.5366
1636101043341,0.9097,10.7891,-4.3281,-0.5352,-0.5522,-0.5508
1636101043344,0.2656,10.7031,-4.4922,-0.5991,-0.6909,-0.5645
1636101043346,0.5146,10.7109,-4.9219,-0.5776,-0.8921,-0.6069
1636101043371,0.6270,10.6406,-4.9414,-0.5459,-0.9834,-0.6123
1636101043373,0.4475,10.4297,-4.6758,-0.5405,-1.0439,-0.5752
1636101043375,0.3208,9.9766,-4.2734,-0.5381,-1.1211,-0.5239
1636101043401,0.1652,9.5469,-3.9707,-0.5371,-1.2070,-0.4922
1636101043403,-0.0455,9.2500,-3.7813,-0.5215,-1.2900,-0.4868
1636101043405,-0.0503,9.0391,-3.7266,-0.4661,-1.3887,-0.4561
1636101043432,0.1221,8.8984,-3.6836,-0.3872,-1.4551,-0.3975
1636101043433,0.0886,8.7500,-3.4434,-0.3501,-1.4492,-0.3198
1636101043435,0.0311,8.6016,-3.2695,-0.3403,-1.4434,-0.2314
1636101043462,0.0239,8.2734,-3.0820,-0.3096,-1.4336,-0.1113
1636101043464,-0.0431,7.7813,-2.8164,-0.2288,-1.3936,0.0164
1636101043465,0.0790,7.3828,-2.8008,-0.0628,-1.3760,0.1292
1636101043492,0.2035,7.2227,-2.8359,0.1340,-1.3145,0.2473
1636101043494,0.2656,7.2227,-2.7949,0.2903,-1.2031,0.3674
