1636101088613,-4.5039,2.4824,8.5547,-0.0373,0.0050,-0.0229
1636101088614,-4.2578,2.5879,8.5625,-0.0064,0.0050,-0.0176
1636101088617,-4.2656,2.5508,8.6484,-0.0426,0.0571,-0.0166
1636101088642,-4.2422,2.4609,8.6172,-0.0681,0.0720,-0.0102
1636101088645,-4.0547,2.4727,8.6094,-0.0564,0.0954,-0.0048
1636101088646,-4.1836,2.4922,8.5859,-0.0660,0.1241,-0.0080
1636101088706,-4.0078,2.3516,8.4922,-0.0787,0.1401,-0.0155
1636101088708,-3.6758,2.2969,8.6016,-0.0862,0.1593,-0.0006
1636101088709,-4.2305,2.8691,7.7656,-0.1458,0.2561,0.0334
1636101088710,-3.0938,3.0879,6.4766,0.2542,0.9414,0.1973
1636101088716,-5.3633,1.5439,10.5469,0.5767,0.8584,0.4802
1636101088717,-7.4414,2.8047,8.6719,0.0287,0.3198,0.1558
1636101088750,-5.3359,3.1191,8.7656,-0.0245,-0.2705,-0.1453
1636101088752,-3.2988,2.7090,8.3594,-0.0617,-0.3228,-0.0442
1636101088757,-4.0625,2.4668,8.3906,-0.0787,0.0146,0.0728
1636101088758,-5.1680,2.5293,8.6719,-0.0436,0.0465,-0.0102
1636101088760,-4.8672,2.9102,8.5703,-0.0617,-0.1482,-0.0804
1636101088780,-4.1406,2.9160,8.3125,-0.0936,-0.2057,-0.0548
1636101088782,-4.1563,2.7324,8.2813,-0.1288,-0.1216,-0.0166
1636101088783,-4.4688,2.6777,8.3047,-0.1437,-0.1014,-0.0346
1636101088818,-4.4570,2.7402,8.3828,-0.1458,-0.1450,-0.0602
1636101088826,-4.3320,2.6191,8.4375,-0.1575,-0.1577,-0.0517
1636101088828,-4.3516,2.3711,8.4141,-0.1660,-0.1376,-0.0325
1636101088832,-4.4375,2.2871,8.3906,-0.1426,-0.1270,-0.0346
1636101088834,-4.5117,2.3457,8.4688,-0.1011,-0.1248,-0.0485
1636101088861,-4.5898,2.3809,8.4766,-0.0830,-0.1195,-0.0389
1636101088862,-4.6445,2.3457,8.4531,-0.0862,-0.1174,-0.0197
1636101088863,-4.6602,2.2871,8.4766,-0.0862,-0.1163,-0.0048
1636101088892,-4.7109,2.2617,8.5781,-0.0819,-0.1099,0.0069
1636101088894,-4.7734,2.3047,8.6797,-0.0798,-0.1003,0.0069
1636101088895,-4.7695,2.3496,8.7344,-0.0915,-0.1003,0.0186
1636101088923,-4.7734,2.3457,8.7656,-0.1192,-0.1035,0.0388
1636101088924,-4.6992,2.3281,8.8438,-0.1447,-0.1057,0.0537
1636101088926,-4.5430,2.3145,8.7656,-0.2010,-0.1110,0.0887
1636101088950,-4.5039,2.2715,8.7734,-0.2405,-0.1025,0.0962
1636101088955,-4.4531,2.1230,8.7031,-0.2712,-0.1035,0.1186
1636101088957,-4.3438,2.0508,8.6172,-0.2874,-0.1057,0.1388
1636101088982,-4.2500,1.9990,8.6797,-0.2988,-0.0971,0.1537
1636101088983,-4.2070,1.8408,8.7500,-0.3118,-0.0865,0.1718
1636101088994,-4.1719,1.6924,8.8281,-0.3096,-0.0833,0.1920
1636101089011,-4.0938,1.7256,8.7891,-0.2820,-0.0833,0.2090
1636101089012,-4.0313,1.8145,8.8047,-0.2362,-0.0812,0.2228
1636101089013,-4.0586,1.9072,8.7734,-0.1862,-0.0780,0.2399
1636101089043,-4.0625,2.0469,8.7188,-0.1415,-0.0822,0.2568
1636101089044,-4.0742,2.1250,8.6719,-0.1053,-0.0876,0.2759
1636101089046,-4.0508,2.1035,8.6484,-0.0670,-0.0929,0.2993
1636101089077,-4.0625,2.0684,8.6719,-0.0213,-0.0992,0.3228
1636101089078,-4.1250,2.0293,8.6719,0.0276,-0.1057,0.3335
1636101089079,-4.1055,2.1035,8.6406,0.0745,-0.1227,0.3506
1636101089102,-4.0313,2.1660,8.6328,0.1213,-0.1407,0.3845
1636101089104,-4.0547,2.1758,8.5938,0.1808,-0.1525,0.4229
1636101089107,-4.1055,2.0586,8.6094,0.2766,-0.1577,0.4622
1636101089131,-4.1797,1.9814,8.6172,0.4351,-0.1748,0.5098
1636101089134,-4.3047,1.9170,8.5547,0.6597,-0.1929,0.5537
1636101089135,-4.2500,1.8428,8.6641,0.9194,-0.2120,0.5630
1636101089161,-3.7480,2.0840,8.5000,1.2070,-0.2418,0.5684
1636101089162,-3.2559,3.2578,7.8086,1.6211,-0.2961,0.5674
1636101089164,-3.2559,2.2344,7.6367,2.2461,-0.3354,0.5762
1636101089192,-2.8125,2.8281,8.0234,3.1523,-0.2813,0.6782
1636101089193,-4.4219,3.4160,7.6758,3.9180,-0.0397,0.3845
1636101089194,-5.7422,4.0117,7.4297,4.0117,0.0156,0.2207
1636101089224,-5.4766,5.3477,7.6445,4.1680,-0.1960,0.4463
1636101089225,-4.6719,4.3203,7.7070,4.6250,-0.3843,0.5034
1636101089226,-4.5313,3.8730,7.0898,5.1992,-0.3823,0.5229
1636101089255,-4.9063,4.1289,6.3516,5.8398,-0.4407,0.4622
1636101089257,-4.4063,4.2070,6.2422,6.5352,-0.5898,0.4441
1636101089262,-3.4160,5.4102,4.8242,7.1094,-0.7065,0.3569
1636101089282,-2.7734,6.1523,4.2383,7.5508,-0.6396,0.3623
1636101089286,-2.7188,7.2539,3.8652,7.7344,-0.5649,0.4419
1636101089293,-2.4316,8.5859,3.4746,7.6523,-0.4397,0.3250
1636101089307,-2.1484,9.3281,3.1113,7.4531,-0.2461,0.2153
1636101089312,-2.6250,9.6875,2.6328,7.1953,-0.0610,0.2527
1636101089327,-2.9160,10.2578,2.2266,6.8242,0.0273,0.2961
1636101089332,-2.9961,9.9766,1.9814,6.4336,0.0550,0.2546
1636101089342,-3.0762,9.9375,1.3398,5.9844,0.0677,0.2430
1636101089347,-3.0762,10.5625,0.7251,5.6328,0.0273,0.2739
1636101089372,-2.6719,10.7109,0.1963,5.3672,-0.0844,0.2771
1636101089376,-2.5293,10.9766,-0.1866,5.0703,-0.1545,0.2568
1636101089380,-2.6543,11.6016,-0.2346,4.7148,-0.2440,0.2250
1636101089392,-2.4609,11.8516,-0.5981,4.2070,-0.4333,0.1803
1636101089396,-1.9863,10.9375,-1.4102,3.5996,-0.5938,0.1952
1636101089423,-1.9199,10.0313,-1.9795,3.1367,-0.5674,0.3132
1636101089429,-2.3809,9.5156,-2.4785,2.8574,-0.4951,0.3953
1636101089435,-3.0273,9.7266,-2.9727,2.5840,-0.4419,0.2676
1636101089444,-2.7637,10.2656,-3.1660,2.2266,-0.5259,-0.0293
1636101089449,-2.1035,11.7188,-2.6934,1.7373,-0.5483,-0.2283
1636101089474,-2.0410,13.2031,-1.5840,1.2646,-0.5132,-0.1825
1636101089479,-2.8496,13.5391,-0.5791,0.6650,-0.4685,-0.0527
1636101089494,-3.5273,12.4141,-0.6558,-0.1777,-0.5171,0.0015
1636101089501,-3.1563,10.4219,-1.5771,-0.8491,-0.7993,0.0739
1636101089506,-2.4238,9.7344,-2.0254,-1.1172,-1.1729,0.2037
1636101089515,-2.4316,10.4688,-1.5654,-1.3838,-1.1279,0.0111
1636101089518,-2.5996,10.2422,-1.8809,-1.6689,-0.9038,-0.3018
1636101089543,-2.4668,9.6719,-1.2852,-1.8496,-0.8066,-0.3379
1636101089547,-2.5996,10.0859,-0.2607,-2.0430,-0.7197,-0.2751
1636101089551,-2.9980,9.9063,0.1293,-2.0703,-0.7559,-0.1676
1636101089564,-3.3340,9.0078,0.6055,-2.0176,-0.8237,-0.0368
1636101089570,-3.2871,8.4766,0.9888,-1.9482,-0.9111,0.0334
1636101089594,-3.0723,8.0859,1.3096,-1.7793,-1.0303,0.0632
1636101089600,-2.7402,6.6602,1.4844,-1.4033,-1.1621,0.1686
1636101089606,-2.4141,5.0117,1.1104,-0.7769,-1.1738,0.3452
1636101089614,-2.2715,4.2578,1.0215,0.1266,-1.0684,0.4983
1636101089620,-2.3496,4.0391,0.7563,1.3486,-0.9502,0.6162
1636101089644,-2.3242,5.4023,0.2346,2.7617,-0.9805,0.7686
1636101089651,-2.2930,7.3906,0.7515,4.0781,-0.9995,0.7461
1636101089656,-2.1328,8.6641,1.2871,4.7031,-0.9165,0.6333
1636101089664,-1.8672,9.7344,1.0723,3.8945,-0.7441,0.9175
1636101089670,-1.5508,10.0859,0.3350,3.8945,-0.7441,0.9175
1636101089695,-1.3525,8.5469,-0.6367,3.5938,-0.2386,1.0977
1636101089701,-1.5293,7.7227,-1.6709,3.8125,-0.0737,1.2803
1636101089706,-1.6611,8.4219,-2.4258,4.4219,-0.0769,1.4688
1636101089715,-1.5059,9.7500,-2.1953,4.8984,0.0677,1.2344
1636101089721,-1.0723,10.8203,-2.3184,4.6992,0.2688,0.9707
1636101089745,-0.6631,11.5781,-2.8008,4.1133,0.4700,1.0811
1636101089751,-0.7251,11.2734,-2.7402,3.5684,0.7573,1.2139
1636101089757,-1.1035,10.1484,-2.8164,3.0566,1.0234,1.2383
1636101089765,-1.5938,9.5938,-3.5098,2.6563,1.1230,1.2998
1636101089771,-1.8555,9.7656,-3.8770,2.5781,1.1074,1.3320
1636101089795,-1.8672,10.1641,-3.9082,2.7051,1.0850,1.2256
1636101089803,-1.7949,10.6406,-4.2109,2.6602,1.0674,1.0068
1636101089817,-1.4814,11.2109,-4.5430,2.3867,1.0234,0.8623
1636101089823,-1.0527,11.3828,-4.7734,1.9707,0.9775,0.8369
1636101089830,-0.7612,11.1563,-5.1680,1.4639,0.9648,0.8188
1636101089846,-0.6724,11.0000,-5.3906,0.9683,0.9829,0.7578
1636101089849,-1.0410,11.0313,-5.2266,0.5459,0.9839,0.6855
1636101089850,-1.8066,11.8906,-5.3281,0.0585,0.8955,0.4932
1636101089877,-1.5488,13.0234,-6.6523,-0.5967,0.6221,-0.0314
1636101089879,-0.9600,11.8047,-6.8516,-0.8574,0.3806,-0.2123
1636101089881,-0.8496,9.2109,-7.0273,-0.6572,0.1880,0.1835
1636101089907,-1.1172,8.1328,-7.5742,-0.2277,0.1656,0.2888
1636101089909,-1.1797,8.7656,-7.5586,0.2532,0.1390,-0.0176
1636101089911,-0.9741,9.6563,-7.2578,0.4414,0.0646,-0.2761
1636101089937,-0.5503,10.0234,-7.1406,0.2957,0.0656,-0.3176
1636101089939,-0.4021,9.3359,-6.8594,0.1681,0.1656,-0.1473
1636101089941,-0.6416,8.5547,-6.3750,0.1404,0.2698,0.0345
1636101089967,-0.8447,8.4844,-6.1602,0.1127,0.2976,-0.0123
1636101089969,-0.6343,8.6406,-6.0977,0.0191,0.2539,-0.0931
1636101089971,-0.3972,8.4453,-6.0156,-0.1139,0.2401,0.0005
1636101089999,-0.3877,7.8789,-6.0273,-0.2139,0.2996,0.2261
1636101090001,-0.3638,7.5508,-6.2578,-0.2224,0.3496,0.3655
1636101090003,-0.1268,7.6211,-6.3008,-0.1521,0.3411,0.3718
1636101090031,0.1005,7.9453,-6.1641,-0.1692,0.3518,0.3633
1636101090033,0.0862,8.1875,-6.0625,-0.3691,0.4275,0.4089
1636101090035,-0.1771,8.1406,-5.8906,-0.5659,0.4956,0.5122
1636101090049,-0.3831,8.1875,-5.7305,-0.6831,0.4871,0.5513
1636101090051,-0.2991,8.4453,-5.6016,-0.7290,0.4253,0.5142
1636101090076,-0.0862,8.7188,-5.5469,-0.6704,0.3293,0.4856
1636101090078,-0.0191,8.8984,-5.4180,-0.5767,0.2412,0.4675
1636101090079,-0.0335,8.8906,-5.4414,-0.5215,0.1763,0.4355
1636101090106,-0.2035,8.5156,-5.6094,-0.4255,0.1178,0.4355
1636101090107,-0.4141,8.1719,-5.7344,-0.2734,0.0497,0.4270
1636101090109,-0.4858,8.4688,-5.9688,-0.0979,-0.0205,0.3047
1636101090140,-0.3662,9.3594,-5.8633,0.0010,-0.0610,0.1016
1636101090142,-0.2944,10.1250,-5.7656,-0.0862,-0.0886,-0.0389
1636101090144,-0.4116,10.2031,-5.6953,-0.2712,-0.1088,-0.0442
1636101090169,-0.7012,9.5469,-5.6133,-0.3745,-0.1385,0.0409
1636101090171,-0.9575,8.7969,-5.6289,-0.3149,-0.2046,0.0717
1636101090172,-0.7969,8.8906,-5.4297,-0.1469,-0.3142,-0.0080
1636101090199,-0.4978,9.8516,-4.8633,-0.1426,-0.3652,-0.1825
1636101090201,-0.5337,10.8281,-4.3086,-0.4832,-0.3088,-0.2996
1636101090203,-0.9189,11.5078,-4.0898,-1.0117,-0.2195,-0.3037
1636101090229,-1.3262,11.6016,-3.9766,-1.4678,-0.2025,-0.3037
1636101090231,-1.4863,11.0156,-3.8145,-1.7461,-0.2822,-0.3198
1636101090233,-1.3594,10.2422,-3.6328,-1.8877,-0.3960,-0.3569
1636101090259,-1.1035,9.6094,-3.4414,-1.9541,-0.4568,-0.4114
1636101090261,-1.0479,8.8906,-3.1992,-1.9219,-0.4546,-0.4038
1636101090263,-1.2158,8.6172,-3.2598,-1.8125,-0.4141,-0.4358
1636101090289,-1.3262,9.0547,-3.4531,-1.7383,-0.3643,-0.5737
1636101090291,-1.3926,9.4141,-3.1641,-1.7432,-0.3142,-0.6465
1636101090293,-1.3975,9.1641,-2.8242,-1.8613,-0.2769,-0.5645
1636101090321,-1.2109,8.7891,-2.9688,-2.0039,-0.2249,-0.3911
1636101090323,-1.0146,8.3984,-2.8906,-1.9971,-0.1174,-0.2612
1636101090325,-1.0166,7.7852,-2.6953,-1.8506,-0.0291,-0.1198
1636101090351,-1.0244,7.6328,-2.7852,-1.6719,0.0295,-0.0038
1636101090353,-0.8306,7.7695,-2.9980,-1.0596,0.0954,0.2037
1636101090355,-0.4834,7.1367,-2.7695,-0.7104,0.1348,0.3728
1636101090380,-0.0933,7.4297,-2.6113,-0.3916,0.1901,0.4324
1636101090382,0.0526,7.9570,-2.2656,-0.1873,0.3071,0.3909
1636101090384,-0.0215,8.6250,-1.9600,-0.0936,0.4241,0.4314
1636101090410,-0.0837,9.6719,-1.7568,-0.1192,0.5317,0.4751
1636101090412,-0.0526,10.5391,-1.7373,-0.1766,0.5635,0.5239
1636101090414,0.1293,10.8047,-1.7207,-0.1478,0.4795,0.6675
1636101090440,0.5215,10.6328,-1.4619,-0.0298,0.3572,0.8188
1636101090442,0.7036,10.1484,-1.3691,0.0415,0.2795,0.8643
1636101090444,0.6294,10.0078,-1.3975,-0.0660,0.2220,0.8198
1636101090470,0.7061,10.3672,-1.3213,-0.3352,0.1454,0.6890
1636101090474,1.0342,11.0391,-1.3926,-0.6831,0.0614,0.5166
1636101090475,1.5127,11.5469,-1.5586,-0.9927,-0.0376,0.3962
1636101090501,1.8359,11.3281,-1.5723,-1.2402,-0.1025,0.3154
1636101090503,1.8857,10.7109,-2.0527,-1.3955,-0.1556,0.3291
1636101090505,1.9434,10.6172,-2.3340,-1.3291,-0.1833,0.3291
1636101090531,2.2539,11.1484,-2.0742,-1.1465,-0.2014,0.2537
1636101090533,2.3340,11.2656,-1.8857,-0.9746,-0.1929,0.2292
1636101090535,2.0957,10.8125,-1.7402,-0.7842,-0.2217,0.3174
1636101090561,1.8145,10.4453,-1.6152,-0.6938,-0.2813,0.3196
1636101090563,1.8379,10.4766,-1.5195,-0.7446,-0.3269,0.1866
1636101090565,1.9941,10.7734,-1.4316,-0.8467,-0.3215,0.0473
1636101090594,1.9033,10.5938,-1.4023,-0.9639,-0.2737,-0.0038
1636101090596,1.5654,10.1016,-1.5293,-1.0479,-0.2238,0.0313
1636101090598,1.5098,9.7734,-1.6777,-0.9780,-0.2057,0.0728
1636101090631,1.7090,9.6484,-1.6104,-0.7627,-0.1588,0.0590
1636101090633,1.6807,9.5391,-1.5557,-0.5288,-0.0854,0.0887
1636101090634,1.4023,9.2969,-1.4795,-0.3254,-0.0142,0.1729
1636101090653,1.1729,9.0234,-1.4141,-0.1628,0.0273,0.2164
1636101090654,1.0986,8.9609,-1.2852,-0.0160,0.0593,0.2079
1636101090658,1.0127,8.8672,-1.3955,0.1160,0.0593,0.1962
1636101090686,1.0576,8.7344,-1.6895,0.2479,0.0550,0.1686
1636101090687,1.1201,8.7734,-1.9863,0.4138,0.0752,0.1505
1636101090688,1.0957,8.9531,-2.0000,0.6021,0.1210,0.1643
1636101090711,0.9624,9.0078,-1.7783,0.7183,0.1848,0.2058
1636101090713,0.8042,9.2266,-1.7715,0.7798,0.2061,0.2590
1636101090718,1.0029,9.6797,-1.7930,0.8511,0.1805,0.2515
1636101090735,1.4238,10.0156,-1.5146,0.8447,0.2029,0.2271
1636101090738,1.3213,10.1953,-1.3184,0.7534,0.2815,0.2803
1636101090751,0.9624,10.1328,-1.3740,0.6606,0.3093,0.3164
1636101090753,1.2998,9.7266,-1.1846,0.5000,0.2646,0.1984
1636101090784,0.9502,9.1328,-2.3574,0.2446,0.2529,0.0558
1636101090787,1.0645,8.8281,-2.9063,0.4819,0.1975,0.1111
1636101090789,1.1963,9.2578,-3.1133,0.9492,0.1688,-0.0389
1636101090816,1.9697,10.2578,-3.2188,1.2939,0.0284,-0.1559
1636101090818,2.4512,11.8125,-2.6445,1.3262,0.1444,-0.3303
1636101090820,2.0039,12.7500,-2.0215,1.0303,0.3721,-0.4495
1636101090841,1.7158,13.0938,-2.3301,0.7319,0.2487,-0.3782
1636101090844,2.6250,12.7422,-2.7813,0.5991,0.0444,-0.3943
1636101090845,3.0762,12.1406,-2.7109,0.4937,0.1262,-0.2942
1636101090871,2.2480,11.5781,-2.5684,0.3042,0.3167,-0.2346
1636101090873,2.0039,10.6563,-2.7598,0.1627,0.3103,-0.2219
1636101090874,2.6328,10.2422,-3.1211,0.1670,0.2114,-0.2389
1636101090903,2.7520,10.8594,-2.9551,0.0500,0.3433,-0.3984
1636101090905,2.6543,11.6016,-2.4609,-0.1915,0.4998,-0.4250
1636101090906,2.6777,11.5078,-2.1152,-0.3916,0.5942,-0.2676
1636101090935,2.6094,11.0781,-1.8213,-0.5161,0.6963,-0.1708
1636101090937,2.4434,10.8359,-1.4053,-0.5830,0.7891,-0.1655
1636101090938,2.1992,10.6563,-0.9478,-0.6353,0.8232,-0.1655
1636101090963,2.2012,10.7422,-0.7300,-0.7104,0.8052,-0.1996
1636101090969,2.4355,10.9375,-0.7637,-0.7490,0.7720,-0.2188
1636101090972,2.5879,11.2734,-0.8257,-0.7437,0.7729,-0.1942
1636101090985,2.6133,11.8281,-0.8926,-0.8159,0.8042,-0.1719
1636101090987,2.5508,12.3984,-0.9575,-1.0615,0.8574,-0.1899
1636101091014,2.4297,12.3594,-1.0693,-1.4238,0.9136,-0.1432
1636101091018,2.2109,11.5938,-1.1699,-1.7705,0.9785,-0.0368
1636101091019,2.0273,10.6094,-1.0645,-1.9971,1.0635,0.0334
1636101091043,1.8555,10.1250,-0.8926,-2.0898,1.1299,0.0281
1636101091046,1.4619,10.0859,-0.8091,-2.0918,1.1797,-0.0325
1636101091049,1.0244,10.0469,-0.7490,-2.0059,1.1680,-0.0389
1636101091072,0.7466,9.8203,-0.8281,-1.8438,1.0957,-0.0091
1636101091078,0.5576,9.5625,-1.0674,-1.6494,1.0078,-0.0080
1636101091080,0.3447,9.5234,-1.3447,-1.4111,0.9209,-0.0346
1636101091103,0.1675,9.4844,-1.4219,-1.1279,0.8315,-0.0399
1636101091104,0.1149,9.6016,-1.3428,-0.8618,0.7603,-0.0399
1636101091106,-0.0407,9.7422,-1.2686,-0.6689,0.6846,-0.0506
1636101091133,-0.3230,9.6484,-1.1250,-0.5215,0.5796,-0.0570
1636101091136,-0.6436,9.7891,-0.5840,-0.2522,0.2517,-0.1367
1636101091137,-0.6699,10.3203,-0.6821,-0.1320,0.0178,-0.2346
1636101091162,-0.7778,10.4063,-0.7681,-0.0638,-0.2195,-0.2751
1636101091170,-0.9146,10.3359,-0.8809,-0.0734,-0.4324,-0.2739
1636101091171,-0.9814,10.4766,-1.0693,-0.0947,-0.6416,-0.2920
1636101091196,-1.0938,10.3516,-1.2109,-0.0830,-0.8608,-0.3049
1636101091197,-1.1006,10.2031,-1.2373,-0.0830,-1.0703,-0.3230
1636101091198,-0.9790,10.1563,-1.1348,-0.1032,-1.2500,-0.3613
1636101091223,-1.0313,10.0156,-1.0195,-0.1171,-1.4150,-0.3984
1636101091224,-1.0889,9.9297,-0.8330,-0.1107,-1.5840,-0.4548
1636101091225,-1.0938,9.9844,-0.7061,-0.0905,-1.7617,-0.5229
1636101091254,-1.0840,9.9531,-0.6846,-0.0500,-1.9395,-0.5737
1636101091256,-1.0479,9.7891,-0.6416,-0.0117,-2.1074,-0.6069
1636101091257,-0.9766,9.5547,-0.5742,0.0383,-2.2480,-0.6040
1636101091284,-0.9189,9.2578,-0.6030,0.0968,-2.3535,-0.5869
1636101091286,-0.8545,8.7969,-0.5479,0.1595,-2.4238,-0.5537
1636101091287,-0.6582,8.4688,-0.4668,0.2362,-2.4727,-0.5166
1636101091318,-0.4548,8.1875,-0.3208,0.3511,-2.4766,-0.4666
1636101091320,-0.2920,8.0000,-0.2607,0.4810,-2.4512,-0.4124
1636101091325,-0.0646,7.9883,-0.1340,0.6265,-2.3965,-0.3677
1636101091345,0.1460,8.0234,-0.0598,0.7881,-2.3184,-0.2847
1636101091347,0.3040,8.1641,-0.1101,0.9609,-2.2266,-0.1804
1636101091348,0.5767,8.3359,-0.1891,1.1563,-2.1074,-0.0665
1636101091374,0.7705,8.3750,-0.3374,1.3613,-1.9541,0.0696
1636101091376,1.0342,8.3438,-0.5864,1.5400,-1.7695,0.1941
1636101091378,1.2656,8.1719,-0.8472,1.6650,-1.5244,0.3208
1636101091404,1.4502,7.9023,-1.0410,1.7549,-1.2305,0.4634
1636101091406,1.4355,7.3828,-0.9502,1.8525,-0.8813,0.6343
1636101091407,1.1963,7.1172,-0.6079,1.9834,-0.5386,0.8145
1636101091435,1.0791,7.4180,-0.6030,2.2031,-0.3130,0.9824
1636101091437,1.5273,8.3672,-0.9888,2.5449,-0.1823,1.1582
1636101091439,2.1445,9.5547,-1.3379,2.9023,-0.0024,1.3145
1636101091465,2.3066,10.5078,-1.5918,3.1230,0.2476,1.4736
1636101091467,2.2734,10.9766,-1.6494,3.1895,0.4773,1.6084
1636101091469,1.9678,11.1406,-1.3115,3.1230,0.6616,1.6631
1636101091495,2.0820,12.6953,-0.4883,2.7773,0.7168,1.3643
1636101091497,2.2090,16.5781,-0.8735,1.4365,0.9126,0.4568
1636101091499,1.0791,17.0313,-0.4858,0.2563,1.1729,0.2452
1636101091525,0.1268,13.9844,-1.3906,-0.1096,0.9976,0.8472
1636101091527,0.8545,12.1406,-2.1133,-0.0394,0.7495,0.7056
1636101091529,2.1172,12.1797,-2.2109,0.1724,0.6060,0.2600
1636101091555,1.9121,12.4531,-2.6953,0.3086,0.6265,0.1249
1636101091557,0.9360,12.0625,-2.6934,0.3010,0.7251,0.0750
1636101091559,0.5815,11.2891,-2.8770,0.2808,0.7222,0.0611
1636101091587,0.8809,11.1328,-3.2363,0.3831,0.6221,-0.0017
1636101091589,1.2354,11.7891,-3.3574,0.4458,0.5347,-0.1793
1636101091590,1.1201,11.8594,-3.4199,0.3872,0.4646,-0.2676
1636101091621,0.7754,11.2422,-3.4004,0.2415,0.3923,-0.2708
1636101091625,0.6055,10.9531,-3.3574,0.1011,0.2571,-0.3176
1636101091628,0.8496,11.4609,-3.5430,-0.1043,0.0912,-0.4634
1636101091645,0.9790,11.2422,-3.4629,-0.3298,-0.0759,-0.4346
1636101091646,0.7754,10.3594,-3.5664,-0.6094,-0.1748,-0.3633
1636101091647,0.9312,9.7578,-3.8926,-0.8149,-0.2727,-0.3335
1636101091675,1.3018,9.4375,-3.7793,-0.7363,-0.3823,-0.2783
1636101091676,1.2354,9.5703,-3.3945,-0.6787,-0.4036,-0.2847
1636101091677,0.9766,9.8828,-3.0762,-0.6938,-0.4375,-0.3101
1636101091706,0.9741,10.2656,-3.0020,-0.6660,-0.5269,-0.3411
1636101091708,0.9404,10.3281,-2.9746,-0.6182,-0.6162,-0.3325
1636101091710,1.0410,10.2969,-3.1348,-0.6094,-0.7144,-0.3347
1636101091736,1.2158,10.0391,-3.2656,-0.5884,-0.7930,-0.3284
1636101091739,1.3135,9.9219,-3.3086,-0.5298,-0.8120,-0.3325
1636101091740,1.2324,9.8828,-3.1309,-0.4521,-0.7856,-0.3335
1636101091768,1.0410,9.7891,-2.6426,-0.3979,-0.7388,-0.3442
1636101091770,0.7061,9.7422,-2.3145,-0.3916,-0.7163,-0.3699
1636101091771,0.5601,9.8047,-2.1973,-0.4214,-0.7217,-0.3965
1636101091797,0.6343,9.9688,-2.2266,-0.4734,-0.7261,-0.4197
1636101091799,0.6270,9.9219,-2.2090,-0.5254,-0.7036,-0.4080
1636101091801,0.3733,9.6484,-2.1563,-0.5596,-0.6665,-0.3699
1636101091829,0.2058,9.5469,-2.2559,-0.5732,-0.6494,-0.3496
1636101091832,0.3589,9.6250,-2.5000,-0.6011,-0.6196,-0.3601
1636101091835,0.4309,9.4688,-2.4551,-0.6670,-0.5195,-0.3357
1636101091857,0.0886,9.0781,-2.2969,-0.6987,-0.3940,-0.2793
1636101091860,-0.2944,8.9453,-2.0508,-0.6572,-0.2981,-0.2590
1636101091861,-0.3254,9.0078,-1.8984,-0.4702,-0.2610,-0.1410
1636101091888,-0.4429,8.5391,-1.7109,-0.3723,-0.2312,-0.0698
1636101091890,-0.4380,8.5859,-1.8691,-0.2659,-0.2057,-0.0219
1636101091893,-0.2991,8.4609,-2.1641,-0.1681,-0.1769,0.0409
1636101091918,-0.1652,8.2969,-2.3711,-0.0564,-0.1184,0.1132
1636101091920,-0.0215,8.3438,-2.6797,0.1223,-0.0833,0.2079
1636101091921,-0.1699,8.1016,-2.8633,0.4395,-0.0556,0.3110
1636101091950,-0.0981,8.4297,-2.8320,0.7212,0.0007,0.2739
1636101091952,0.3040,9.1406,-2.7715,0.7988,0.0486,0.2378
1636101091953,0.6294,9.5234,-2.6660,0.6870,0.1508,0.2399
1636101091978,0.6104,9.7109,-2.4863,0.6157,0.2710,0.2335
1636101091980,0.3064,9.8281,-2.2598,0.6587,0.3198,0.2175
1636101091982,0.0144,9.9453,-1.9580,0.7183,0.2964,0.2144
1636101092008,-0.0598,10.1094,-2.0410,0.6987,0.2050,0.2101
1636101092010,0.0981,10.0391,-2.4395,0.6245,0.1008,0.2090
1636101092012,0.4429,9.8828,-2.8809,0.5391,0.0433,0.2164
1636101092039,0.6772,9.8672,-3.0820,0.4543,0.0667,0.2388
1636101092040,0.6367,10.0156,-2.8535,0.3425,0.1316,0.2759
1636101092042,0.4141,10.1172,-2.4609,0.2139,0.1539,0.3196
1636101092069,0.3015,9.8516,-2.2871,0.1074,0.1082,0.3643
1636101092071,0.4524,9.4766,-2.3926,0.0627,0.0380,0.3887
1636101092073,0.8018,9.5859,-2.5293,0.1000,0.0018,0.3813
1636101092099,0.9839,9.7969,-2.4492,0.1638,0.0114,0.3706
1636101092101,0.8809,9.7031,-2.3125,0.1882,0.0380,0.3674
1636101092103,0.8306,9.7266,-2.2266,0.1808,0.0433,0.3525
1636101092131,0.7515,10.1250,-1.8809,0.1627,0.0508,0.2961
1636101092134,1.0625,11.0547,-1.7900,-0.0766,0.0252,0.2153
1636101092136,1.3115,11.4063,-1.8193,-0.3403,-0.0184,0.2771
1636101092163,1.5801,11.1328,-1.8721,-0.5117,-0.0365,0.3069
1636101092165,1.4219,10.1484,-2.3086,-0.4937,-0.0918,0.4324
1636101092167,1.3838,9.2891,-2.0488,-0.3298,-0.0897,0.4888
1636101092187,1.4004,9.0703,-1.6729,-0.1703,-0.0365,0.4387
1636101092192,1.4189,9.5156,-1.2324,-0.0490,0.0061,0.3154
1636101092193,1.4170,10.0000,-1.0244,-0.0607,0.0390,0.1494
1636101092218,1.0889,10.4297,-1.2686,-0.0043,0.0305,0.0526
1636101092219,0.6436,10.6797,-1.5986,0.2617,-0.0631,0.0217
1636101092222,0.9814,10.5703,-1.5820,0.4756,-0.1918,0.0292
1636101092248,1.7734,10.6797,-1.6016,0.4160,-0.2100,0.0303
1636101092250,2.1289,10.7734,-1.8428,0.2394,-0.1131,-0.0251
1636101092251,1.8740,11.0547,-1.7764,0.0372,0.0082,-0.2113
1636101092280,1.5244,11.6406,-1.4385,-0.2192,0.0220,-0.3794
1636101092282,1.5586,11.9375,-1.2920,-0.4714,-0.0439,-0.4187
1636101092284,1.7520,11.6641,-1.3975,-0.6523,-0.0961,-0.4187
1636101092313,1.5889,10.7109,-1.4795,-0.6743,-0.1439,-0.3665
1636101092314,1.5586,10.3828,-1.6250,-0.6265,-0.1812,-0.3782
1636101092316,1.8770,11.1016,-1.7256,-0.6509,-0.1823,-0.4910
1636101092341,2.1660,11.6484,-1.6709,-0.7554,-0.1333,-0.4773
1636101092347,2.0547,11.2813,-1.5771,-0.9233,-0.0663,-0.2900
1636101092353,1.7236,10.5781,-1.4189,-1.1279,0.0444,-0.2240
1636101092361,1.8311,10.4375,-1.2734,-1.2988,0.1008,-0.2793
1636101092367,2.0059,10.5391,-1.3662,-1.4082,0.1241,-0.2783
1636101092391,2.0391,10.6172,-1.3857,-1.4941,0.1975,-0.2644
1636101092393,2.1973,10.7031,-1.2324,-1.5420,0.2986,-0.2283
1636101092395,2.1113,10.5391,-1.1465,-1.5557,0.4028,-0.1495
1636101092421,1.8594,10.1328,-1.0391,-1.5322,0.4912,-0.0772
1636101092423,1.7979,9.8047,-0.9404,-1.4639,0.5537,-0.0251
1636101092424,1.7998,9.7891,-0.8379,-1.3711,0.6348,-0.0176
1636101092451,1.6631,10.1563,-0.6079,-1.3105,0.7339,-0.0793
1636101092453,1.4053,10.7656,-0.4211,-1.3076,0.7935,-0.1432
1636101092454,1.1270,11.3672,-0.3711,-1.3330,0.7998,-0.2028
1636101092482,0.8423,11.6953,-0.5073,-1.4199,0.7627,-0.2634
1636101092484,0.5938,11.6719,-0.7588,-1.5518,0.6880,-0.2847
1636101092485,0.3687,11.2188,-1.0957,-1.6738,0.6133,-0.2888
1636101092511,0.2969,10.7969,-1.3691,-1.7070,0.5508,-0.2996
1636101092514,0.2202,10.6328,-1.5557,-1.6152,0.5059,-0.3347
1636101092516,0.0311,10.5547,-1.7109,-1.4365,0.4583,-0.3677
1636101092542,-0.1364,10.5938,-1.5889,-1.2275,0.4253,-0.4209
1636101092544,-0.3972,10.5625,-1.4580,-1.0283,0.3730,-0.4678
1636101092546,-0.6533,10.4297,-1.3574,-0.8213,0.2847,-0.5273
1636101092571,-0.7515,10.3594,-1.3525,-0.5957,0.1656,-0.6152
1636101092573,-0.7993,10.4063,-1.3809,-0.3691,0.0401,-0.6963
1636101092575,-0.9385,10.4219,-1.3711,-0.1703,-0.0726,-0.7529
1636101092602,-1.0166,10.5156,-1.3311,-0.0107,-0.1876,-0.7920
1636101092604,-1.0078,10.6797,-1.1484,0.1074,-0.2908,-0.8218
1636101092605,-1.0723,10.6406,-0.8882,0.1649,-0.5278,-0.8433
1636101092632,-1.0527,10.3594,-0.7012,0.1489,-0.6641,-0.8506
1636101092634,-0.9189,10.1328,-0.6152,0.1436,-0.7778,-0.8433
1636101092636,-0.8066,9.8359,-0.5601,0.1372,-0.8652,-0.8062
1636101092663,-0.8018,9.3984,-0.5098,0.1458,-0.9312,-0.7559
1636101092665,-0.7490,8.8359,-0.4907,0.1990,-0.9985,-0.6890
1636101092668,-0.5791,8.3516,-0.5239,0.3159,-1.0400,-0.6240
1636101092695,-0.4668,7.8906,-0.5098,0.4863,-1.0361,-0.5430
1636101092697,-0.4092,7.5391,-0.4788,0.6860,-1.0068,-0.4507
1636101092699,-0.3064,7.3828,-0.4475,0.9077,-0.9717,-0.3484
1636101092722,-0.1221,7.2227,-0.4619,1.1426,-0.9346,-0.2188
1636101092724,0.0503,7.0469,-0.4739,1.3584,-0.8696,-0.0740
1636101092725,0.2250,6.9297,-0.5410,1.5820,-0.7778,0.0845
1636101092751,0.4788,6.9570,-0.5410,1.8281,-0.6548,0.2335
1636101092752,0.6416,7.1641,-0.5146,2.0723,-0.5068,0.3665
1636101092753,0.6895,7.4492,-0.5146,2.2988,-0.3611,0.4824
1636101092782,0.8999,7.8398,-0.5337,2.5098,-0.2386,0.5708
1636101092784,1.1172,8.1797,-0.6392,2.6758,-0.0982,0.6450
1636101092786,1.2158,8.5391,-0.7754,2.7754,0.0646,0.7144
1636101092813,1.2539,8.8594,-0.9453,2.8398,0.2274,0.7720
1636101092815,1.3164,9.0625,-1.1611,2.8965,0.3816,0.8408
1636101092816,1.4268,9.3828,-1.4336,2.9316,0.5464,0.9048
1636101092843,1.5801,9.8516,-1.7852,2.9531,0.7241,0.9536
1636101092845,1.7041,10.4688,-2.2266,2.9551,0.9199,1.0088
1636101092846,1.7813,11.0938,-2.6094,2.9570,1.1094,1.0889
1636101092873,1.5801,11.2188,-2.7695,2.9551,1.2656,1.1826
1636101092874,1.2832,11.0859,-3.1426,2.9219,1.3330,1.2852
1636101092876,1.4121,11.1641,-3.3047,2.9180,1.3691,1.2822
1636101092904,1.4238,11.6484,-2.7969,2.8770,1.4385,1.0996
1636101092905,1.7832,13.6563,-2.5371,2.2676,1.4941,0.4644
1636101092907,1.1895,15.7422,-3.7246,1.1113,1.6563,-0.1687
1636101092933,0.0790,13.6094,-4.5742,0.8638,1.4111,0.3643
1636101092935,-0.3806,9.9531,-4.2422,1.4121,1.0693,0.9365
1636101092937,0.9839,10.9453,-4.5273,1.5869,0.8208,0.2430
1636101092963,1.9297,13.1484,-4.6758,1.5117,0.6665,-0.1985
1636101092965,0.8496,12.7109,-4.1875,1.3428,0.7368,0.0590
1636101092967,-0.3015,11.7344,-4.2969,0.8647,0.7041,0.2079
1636101092991,0.0933,11.4688,-4.6719,0.3352,0.4604,0.0962
1636101092992,0.8521,11.0313,-4.7539,-0.0160,0.2688,-0.0155
1636101092993,0.6797,10.2266,-4.7930,-0.2905,0.1954,-0.0293
1636101093027,0.3015,9.6563,-4.9141,-0.4927,0.0539,-0.0272
1636101093028,0.4595,9.3906,-5.1797,-0.6157,-0.1503,-0.1166
1636101093029,0.9121,9.6719,-5.5469,-0.7275,-0.3152,-0.2240
1636101093052,1.1055,9.6875,-5.5508,-0.8491,-0.3918,-0.2208
1636101093053,0.9717,9.3516,-5.3047,-0.9619,-0.4238,-0.1155
1636101093054,0.8760,9.2578,-5.1094,-1.0928,-0.4556,-0.1495
1636101093085,1.0410,9.5313,-4.9531,-1.3096,-0.4673,-0.3198
1636101093087,0.9932,9.4844,-4.8086,-1.3594,-0.5215,-0.2793
1636101093088,0.8833,9.3984,-4.9453,-1.1797,-0.6416,-0.2039
1636101093116,1.0957,9.7500,-4.5547,-1.1592,-0.6675,-0.3560
1636101093122,1.1650,10.2344,-4.4219,-1.3965,-0.6533,-0.4561
1636101093128,0.8257,10.0000,-4.4648,-1.5137,-0.6685,-0.3699
1636101093142,0.6919,9.4219,-4.2461,-1.4551,-0.7036,-0.3230
1636101093152,0.7490,9.2344,-4.0117,-1.3818,-0.7324,-0.3889
1636101093159,0.6919,9.2500,-3.9492,-1.3555,-0.7461,-0.4475
1636101093166,0.5288,9.0703,-3.7969,-1.3193,-0.7451,-0.4390
1636101093173,0.4714,8.9297,-3.7578,-1.2734,-0.7271,-0.4412
1636101093184,0.6006,9.0859,-3.7148,-1.2178,-0.6948,-0.4773
1636101093197,0.6055,9.1172,-3.7539,-1.1309,-0.6587,-0.4761
1636101093203,0.5454,9.0781,-3.6523,-0.9883,-0.5898,-0.4656
1636101093214,0.4070,9.1406,-3.4473,-0.8330,-0.5132,-0.4697
1636101093227,0.2369,9.2344,-3.1113,-0.7104,-0.4451,-0.4688
1636101093234,0.0407,9.2734,-2.8242,-0.6191,-0.4099,-0.4688
1636101093238,-0.1221,9.2422,-2.6543,-0.5215,-0.3992,-0.4678
1636101093263,-0.1675,9.2891,-2.6230,-0.4170,-0.4036,-0.4529
1636101093267,-0.0191,9.3203,-2.7363,-0.2925,-0.4292,-0.3997
1636101093272,0.0431,9.2344,-2.6367,-0.2043,-0.3982,-0.3474
1636101093283,-0.0263,9.3047,-2.4883,-0.2330,-0.3196,-0.3262
1636101093287,-0.2178,9.0078,-2.1582,-0.3064,-0.2493,-0.2559
1636101093326,-0.4858,8.4766,-2.0723,-0.3767,-0.2089,-0.1665
1636101093333,-0.5313,8.2109,-2.0098,-0.3777,-0.1982,-0.1240
1636101093338,-0.4668,8.2344,-1.8955,-0.3438,-0.1960,-0.0889
1636101093343,-0.3901,8.4141,-1.8955,-0.3521,-0.1769,-0.0368
1636101093349,-0.2035,8.5469,-1.8955,-0.3904,-0.1428,0.0409
1636101093354,-0.1340,8.5625,-1.8955,-0.4287,-0.0961,0.1345
1636101093377,-0.2227,8.4063,-1.8379,-0.4268,-0.0482,0.2388
1636101093382,-0.3208,8.1406,-1.9199,-0.3799,-0.0291,0.3250
1636101093387,-0.2776,7.9102,-1.8457,-0.2979,-0.0227,0.3835
1636101093392,-0.1484,7.7617,-1.6875,-0.2043,-0.0056,0.4368
1636101093407,-0.0263,7.9492,-1.6660,-0.1022,0.0199,0.4644
1636101093411,0.0981,8.4844,-1.5938,-0.0330,0.0422,0.4612
1636101093424,0.4189,9.2031,-1.9199,0.0298,0.0210,0.5645
1636101093429,0.4189,9.2031,-1.9199,0.0936,0.0497,0.6226
1636101093454,0.8472,9.8047,-1.3760,0.1031,0.1071,0.6694
1636101093458,0.7466,9.9609,-1.2012,0.1107,0.1273,0.7280
1636101093463,0.8042,9.9141,-1.0820,0.1340,0.0997,0.7568
1636101093474,1.2158,9.8750,-1.0215,0.1713,0.0656,0.7837
1636101093478,1.5459,9.9219,-1.2783,0.2330,0.0869,0.7930
1636101093509,1.6807,10.4922,-1.2871,0.2754,0.1816,0.7173
1636101093514,1.4580,11.2344,-1.4268,0.2595,0.2358,0.6592
1636101093521,1.6943,12.1250,-1.5146,0.1702,0.2263,0.5527
1636101093527,1.6152,12.6406,-1.5244,0.0234,0.2295,0.4324
1636101093531,1.3447,11.1172,-2.0527,-0.0107,0.1923,0.5366
1636101093544,1.5029,11.0469,-1.9531,0.0638,0.1476,0.4739
1636101093549,1.9463,12.6641,-1.2852,0.0585,0.2040,0.0685
1636101093574,1.7900,13.6875,-1.0029,-0.1266,0.2390,-0.0644
1636101093579,1.1826,13.4766,-0.6987,-0.4341,0.2018,-0.0708
1636101093591,1.0391,12.4531,-1.1992,-0.6436,0.0167,-0.0889
1636101093597,1.2539,11.2891,-1.4648,-0.5938,-0.1205,-0.1357
1636101093601,1.1465,10.5625,-1.6992,-0.4714,-0.1418,-0.2113
1636101093614,0.6270,10.5547,-1.8770,-0.3586,-0.1450,-0.2622
1636101093623,0.8184,11.6016,-1.1680,-0.4255,-0.1450,-0.4197
1636101093644,1.4385,12.8750,-0.5649,-0.8311,-0.0865,-0.5908
1636101093649,1.6943,12.8359,-0.3806,-1.3438,-0.0173,-0.4963
1636101093654,1.6152,11.3594,-0.7202,-1.7129,0.0220,-0.2729
1636101093665,1.5654,9.7969,-1.2422,-1.7998,0.0508,-0.1453
1636101093669,1.8740,9.5156,-1.3398,-1.6768,0.1593,-0.2028
1636101093723,2.0918,9.8516,-1.1348,-1.5068,0.3391,-0.2400
1636101093739,1.4482,9.6016,-0.9956,-1.3721,0.5083,-0.1442
1636101093743,1.1699,9.8828,-0.8115,-1.3047,0.5967,-0.1750
1636101093749,1.1963,10.5391,-0.7109,-1.2832,0.6367,-0.2869
1636101093753,0.8140,10.9609,-0.7251,-1.3076,0.6563,-0.3411
1636101093758,0.3901,11.1250,-0.9404,-1.3486,0.6104,-0.3560
1636101093762,0.3015,11.0938,-1.3857,-1.3457,0.5112,-0.3857
1636101093772,0.3040,10.9453,-1.8359,-1.2832,0.4275,-0.4197
1636101093778,0.0526,10.6406,-2.1641,-1.1621,0.3730,-0.4358
1636101093783,-0.2607,10.4063,-2.3789,-0.9766,0.3125,-0.4688
1636101093788,-0.3184,10.4766,-2.4668,-0.7183,0.2263,-0.5464
1636101093795,-0.5122,10.5078,-2.4121,-0.4683,0.1476,-0.6240
1636101093800,-0.9263,10.4609,-2.4961,-0.2744,0.0369,-0.6934
1636101093832,-1.0820,10.5391,-2.6035,-0.1000,-0.1099,-0.7881
1636101093837,-1.1133,10.7422,-2.6895,0.0692,-0.2578,-0.8696
1636101093844,-1.2490,10.9688,-2.7910,0.1990,-0.4045,-0.9253
1636101093850,-1.3545,11.0781,-2.7832,0.2776,-0.5601,-0.9551
1636101093856,-1.3691,11.0078,-2.7422,0.3000,-0.7153,-0.9590
1636101093866,-1.4600,10.8281,-2.5938,0.2754,-0.8535,-0.9604
1636101093871,-1.5273,10.6875,-2.4785,0.2415,-1.0059,-0.9722
1636101093896,-1.5654,10.4375,-2.4844,0.2053,-1.1719,-0.9785
1636101093900,-1.5967,10.1250,-2.4609,0.1766,-1.3193,-0.9785
1636101093905,-1.5820,9.7188,-2.3047,0.1862,-1.4570,-0.9624
1636101093916,-1.6230,9.0781,-2.1641,0.2637,-1.5908,-0.9307
1636101093921,-1.4600,8.6016,-2.0215,0.4331,-1.7246,-0.9136
1636101093946,-1.2373,8.4922,-1.8643,0.6753,-1.8330,-0.9155
1636101093951,-0.9839,8.6641,-1.8213,0.9414,-1.9141,-0.9028
1636101093955,-0.7637,8.7188,-1.7188,1.1982,-1.9570,-0.8369
1636101093966,-0.5649,8.7578,-1.5674,1.4043,-1.9492,-0.7368
1636101093971,-0.3469,8.9063,-1.4102,1.5498,-1.9023,-0.6440
1636101094002,-0.1077,8.9531,-1.2256,1.6396,-1.8359,-0.5220
1636101094006,-0.0263,8.6328,-1.1777,1.6855,-1.7529,-0.3496
1636101094011,0.1724,8.1016,-1.2256,1.7197,-1.6631,-0.1782
1636101094016,0.3254,7.5273,-1.1777,1.7607,-1.5303,-0.0240
1636101094021,0.4236,7.1523,-0.9551,1.8057,-1.3662,0.1175
1636101094046,0.6055,7.2578,-0.6392,1.8203,-1.1924,0.2239
1636101094051,0.6748,7.5898,-0.2825,1.7813,-1.0234,0.3484
1636101094070,0.7061,7.9141,-0.0191,1.7002,-0.8843,0.5088
1636101094075,0.9165,8.1953,-0.0383,1.6133,-0.7769,0.6826
1636101094080,1.2061,8.4375,-0.2035,1.5400,-0.6558,0.8569
1636101094086,1.3662,8.7109,-0.3926,1.4922,-0.4993,1.0215
1636101094091,1.5322,9.3672,-0.5288,1.4590,-0.3228,1.1387
1636101094117,1.5771,10.0000,-0.5503,1.4033,-0.1385,1.2422
1636101094121,1.5322,10.2734,-0.7036,1.3057,0.0369,1.3525
1636101094126,1.6943,10.4375,-0.9766,1.2061,0.2040,1.4238
1636101094137,1.8359,10.8516,-1.2783,1.1270,0.3838,1.4658
1636101094141,2.0605,11.8203,-1.6660,1.0645,0.5889,1.4990
1636101094167,2.2852,12.6328,-1.9463,1.0557,0.8340,1.5273
1636101094172,2.1816,12.8281,-2.1777,0.9873,1.0654,1.6221
1636101094176,1.8906,12.9688,-2.2969,0.8384,1.4277,1.6689
1636101094187,1.2041,12.3906,-2.2930,0.8521,1.4668,1.6074
1636101094191,1.2041,12.3906,-2.2930,0.8521,1.4668,1.6074
1636101094217,0.9360,15.1641,-2.3066,-0.2479,1.4316,0.2452
1636101094222,0.5073,14.6875,-3.3789,-0.7573,1.2861,-0.0272
1636101094226,-0.2035,10.2578,-3.2930,-0.1298,0.9829,0.6504
1636101094237,-0.2106,9.1563,-3.6699,0.4116,0.8350,0.3909
1636101094241,0.6270,10.8047,-4.1797,0.8618,0.6250,-0.2771
1636101094268,0.8281,11.6875,-3.8867,1.3213,0.5156,-0.3218
1636101094272,0.1675,12.0781,-3.9355,1.2734,0.5122,-0.2474
1636101094283,-0.4331,12.0703,-4.2461,0.9541,0.4114,-0.2729
1636101094289,-0.3494,11.7813,-4.5234,0.7031,0.1731,-0.3132
1636101094294,0.2083,11.2500,-4.4688,0.5703,-0.0493,-0.3230
1636101094330,0.4045,10.8047,-4.2227,0.4607,-0.1237,-0.3059
1636101094338,0.0574,10.6250,-4.2461,0.1882,-0.1365,-0.3442
1636101094343,-0.0981,10.7344,-4.1680,-0.1224,-0.2291,-0.4517
1636101094350,0.1221,10.8438,-4.0547,-0.4097,-0.3481,-0.5781
1636101094355,0.5024,10.8828,-4.0859,-0.7310,-0.4099,-0.6870
1636101094360,0.7827,10.4141,-4.0508,-0.8428,-0.4749,-0.6113
1636101094368,0.6245,9.7031,-3.9043,-0.7002,-0.5342,-0.5024
1636101094373,0.2322,9.6953,-3.4512,-0.6255,-0.5396,-0.5879
1636101094413,-0.0263,9.8984,-3.1406,-0.6875,-0.5938,-0.6519
1636101094417,0.1077,9.9063,-2.9199,-0.7534,-0.6895,-0.6167
1636101094422,0.6460,10.2031,-2.7930,-0.9365,-0.7119,-0.6772
1636101094427,0.9287,10.0313,-2.9180,-1.0967,-0.6587,-0.6973
1636101094432,0.6606,9.1875,-2.7930,-1.0820,-0.5640,-0.5815
1636101094438,0.2250,8.4609,-2.6094,-0.9702,-0.4790,-0.5142
1636101094443,-0.1197,8.0078,-2.4453,-0.8276,-0.4355,-0.5195
1636101094469,-0.2297,7.7148,-2.1055,-0.6689,-0.4089,-0.5313
1636101094473,-0.3064,7.6406,-1.8740,-0.5786,-0.3706,-0.5229
1636101094478,-0.5049,7.6484,-2.0078,-0.4968,-0.3440,-0.4624
1636101094489,-0.7944,7.7422,-1.9268,-0.4277,-0.3035,-0.4358
1636101094494,-0.8687,7.9375,-1.9365,-0.4756,-0.2844,-0.4155
1636101094519,-0.9404,7.4922,-1.9297,-0.4607,-0.2961,-0.2771
1636101094524,-1.0693,7.0195,-1.8311,-0.3989,-0.2800,-0.1464
1636101094528,-1.1895,7.0156,-1.7852,-0.3438,-0.2534,-0.0698
1636101094539,-1.2754,7.1680,-1.7451,-0.2925,-0.2610,0.0303
1636101094544,-1.3047,7.1055,-1.7715,-0.2649,-0.2876,0.1675
1636101094570,-1.1777,7.0547,-1.9102,-0.2617,-0.2981,0.3047
1636101094574,-0.8618,7.3711,-2.0430,-0.2299,-0.2813,0.4133
1636101094591,-0.4812,7.9258,-2.1270,-0.1500,-0.2291,0.5005
1636101094597,-0.3733,8.1328,-1.9961,-0.0734,-0.1567,0.6123
1636101094602,-0.4573,8.0313,-1.8574,-0.0766,-0.0939,0.7217
1636101094610,-0.5195,7.9336,-1.9248,-0.1329,-0.0610,0.7739
1636101094614,-0.3853,8.0781,-1.9727,-0.1447,-0.0471,0.7866
1636101094640,0.1388,8.7969,-1.9600,-0.0840,-0.0173,0.7397
1636101094645,0.5742,9.7188,-1.8721,-0.0404,0.0369,0.6890
1636101094649,0.6030,10.2734,-1.7207,-0.0883,0.0837,0.7090
1636101094662,0.5073,10.4141,-1.8027,-0.2043,0.0986,0.7729
1636101094666,0.6436,10.5078,-1.9678,-0.3042,0.0933,0.8091
1636101094691,1.0986,10.9922,-2.1152,-0.3735,0.1050,0.7847
1636101094695,1.5703,11.6094,-2.0469,-0.4468,0.1880,0.7451
1636101094700,1.3838,11.6094,-1.7158,-0.5513,0.3135,0.7964
1636101094711,0.6821,11.1563,-1.5625,-0.6489,0.3689,0.9028
1636101094716,0.1627,10.9063,-1.6133,-0.6460,0.3315,0.8784
1636101094741,0.4524,11.1719,-1.5391,-0.5874,0.1688,0.6411
1636101094745,0.4692,11.4375,-1.8506,-0.7319,-0.0046,0.3313
1636101094760,0.3350,11.0781,-2.0586,-0.8013,-0.1780,0.3367
1636101094766,0.5171,11.6250,-1.5654,-0.7871,-0.1897,0.2367
1636101094771,0.7178,12.8047,-1.9912,-0.9087,-0.1854,-0.1123
1636101094781,0.4932,13.0938,-2.2441,-0.9170,-0.3047,-0.1782
1636101094786,0.6128,12.9609,-2.3164,-0.9331,-0.4312,-0.2113
1636101094811,0.7036,12.3203,-2.4512,-1.0234,-0.4226,-0.3018
1636101094833,0.7681,11.3984,-2.5000,-0.9766,-0.4333,-0.2325
1636101094838,0.7227,11.0391,-2.2969,-0.7915,-0.3481,-0.2208
1636101094846,0.5649,11.4141,-2.0371,-0.6255,-0.2482,-0.3218
1636101094852,0.4668,11.8906,-1.6992,-0.5264,-0.2035,-0.3250
1636101094857,0.5693,12.4531,-1.4648,-0.4468,-0.2035,-0.2920
1636101094864,0.7539,13.2266,-0.7612,-0.5479,-0.1376,-0.3867
1636101094869,1.0459,13.8984,-0.0479,-0.9287,-0.0237,-0.4751
1636101094882,0.6558,12.4219,0.5386,-1.6572,0.1178,-0.4570
1636101094892,0.6416,11.7578,0.5552,-1.7471,0.1444,-0.6133
1636101094903,0.7324,11.4297,0.5098,-1.6045,0.1805,-0.7251
1636101094908,0.5742,11.2031,0.6392,-1.3105,0.2720,-0.7813
1636101094932,0.3901,11.2422,0.8521,-0.9712,0.3379,-0.8569
1636101094937,0.3901,11.4375,1.0293,-0.6851,0.3667,-0.9541
1636101094957,0.6509,11.6953,1.1797,-0.5342,0.4146,-1.0332
1636101094963,0.7202,11.6875,1.3926,-0.5405,0.5327,-1.0576
1636101094973,0.5957,11.4063,1.5098,-0.6406,0.6602,-1.0371
1636101094978,0.6245,10.8594,1.5010,-0.7354,0.7456,-1.0059
1636101094984,0.7202,10.0938,1.4795,-0.7871,0.8623,-0.9668
1636101094988,0.8042,9.4219,1.4980,-0.7769,1.0293,-0.9189
1636101095013,0.7490,8.9375,1.5273,-0.7095,1.2080,-0.8613
1636101095017,0.6177,8.4531,1.6250,-0.5786,1.3691,-0.7432
1636101095022,0.6343,8.0000,1.7070,-0.3916,1.4961,-0.6440
1636101095033,0.5049,7.6563,1.8330,-0.2277,1.6328,-0.5698
1636101095038,0.4524,7.7422,1.7520,-0.0862,1.7246,-0.5078
1636101095063,0.6104,7.9219,1.5918,0.0266,1.8057,-0.4666
1636101095067,0.6367,8.0469,1.3135,0.0712,1.9053,-0.3921
1636101095072,0.5454,7.9883,0.9766,0.1000,1.9912,-0.2920
1636101095083,0.4978,7.7344,0.5815,0.1542,2.0586,-0.1868
1636101095088,0.4404,7.4414,0.0646,0.2532,2.1289,-0.0847
1636101095113,0.3447,7.1484,-0.4404,0.4084,2.2168,0.0154
1636101095118,0.1675,6.9258,-0.8257,0.6221,2.2930,0.1249
1636101095122,0.0335,6.7500,-1.2090,0.8926,2.3477,0.2281
1636101095133,-0.1316,6.6563,-1.5918,1.2061,2.3906,0.3291
1636101095138,-0.3159,6.7188,-2.0332,1.5342,2.4023,0.4165
1636101095164,-0.3208,6.9297,-2.5176,1.8760,2.3691,0.5078
1636101095168,-0.2681,7.2734,-2.7793,2.1953,2.3477,0.5942
1636101095173,-0.2920,7.8359,-2.9023,2.4512,2.3457,0.6602
1636101095184,-0.2847,8.4063,-2.9648,2.6660,2.2852,0.7271
1636101095189,-0.3279,8.9219,-2.9941,2.7617,2.2070,0.7974
1636101095214,-0.3015,9.5391,-3.2266,2.7109,2.1211,0.8315
1636101095219,-0.3589,9.9766,-3.2676,2.5742,2.0488,0.9019
1636101095223,-0.3518,10.1484,-3.3262,2.3848,1.9248,1.0127
1636101095234,-0.1293,10.1094,-3.6094,2.1855,1.7559,1.1416
1636101095239,0.3328,10.0781,-3.8848,2.0254,1.5781,1.2295
1636101095264,0.7324,10.2813,-3.9824,1.7832,1.5342,1.2119
1636101095269,0.9648,10.7188,-3.8984,1.4678,1.5381,1.2002
1636101095286,0.8857,10.8359,-3.7109,1.1982,1.4990,1.2041
1636101095300,0.8687,10.8984,-3.2910,0.9800,1.3721,1.0762
1636101095305,1.2109,12.9219,-3.8672,0.4543,1.1699,0.6294
1636101095312,1.2900,14.1875,-3.8730,0.0064,1.0596,0.2144
1636101095333,1.1514,14.4063,-4.3203,-0.3958,0.9839,0.0739
1636101095346,0.8184,13.8203,-5.2305,-0.6030,0.7222,0.2122
1636101095353,0.7012,12.0938,-5.2461,-0.3276,0.4158,0.3601
1636101095359,1.1914,11.9844,-5.1758,-0.0926,0.2327,0.0856
1636101095364,1.3447,12.6094,-5.0508,-0.0085,0.1178,-0.0836
1636101095370,0.8232,12.0859,-4.5938,0.0734,0.0518,-0.0219
1636101095375,0.3972,11.4609,-4.4375,-0.0043,-0.0886,-0.0836
1636101095398,0.4165,11.3516,-4.1055,-0.1075,-0.2217,-0.2869
1636101095417,0.6680,11.5625,-3.9590,-0.2479,-0.3354,-0.4561
1636101095422,0.7515,11.6328,-3.7969,-0.4202,-0.4163,-0.5581
1636101095427,0.5981,11.3203,-3.7031,-0.5488,-0.4983,-0.5962
1636101095442,0.4883,10.8047,-3.9707,-0.5161,-0.6641,-0.5439
1636101095449,0.4260,10.8047,-3.8828,-0.5479,-0.6514,-0.6855
1636101095454,0.3567,10.9844,-3.4629,-0.6489,-0.6133,-0.7612
1636101095458,-0.1245,10.6094,-3.1523,-0.7373,-0.5898,-0.6772
1636101095465,-0.3350,9.9531,-2.6152,-0.7588,-0.5801,-0.6133
1636101095470,-0.1268,9.3359,-2.2559,-0.5532,-0.6909,-0.4666
1636101095496,0.2083,9.4766,-1.8242,-0.4246,-0.6885,-0.5273
1636101095501,0.2705,10.0547,-1.3809,-0.5796,-0.5640,-0.6323
1636101095505,-0.0718,9.9453,-1.1846,-0.7607,-0.4524,-0.5752
1636101095516,-0.2969,9.1563,-1.1963,-0.8384,-0.4045,-0.4900
1636101095520,-0.1316,8.4766,-1.1006,-0.7769,-0.3706,-0.4561
1636101095546,0.1627,8.3281,-0.9814,-0.6626,-0.2769,-0.4719
1636101095550,0.2489,8.3359,-0.9648,-0.5522,-0.1322,-0.4561
1636101095555,0.1843,8.1172,-1.1943,-0.4788,0.0061,-0.3975
1636101095566,0.1866,7.7188,-1.3955,-0.3606,0.1390,-0.3420
1636101095571,0.3230,7.4336,-1.3545,-0.1372,0.2900,-0.2964
1636101095596,0.1364,7.3438,-1.2441,0.4297,0.5933,-0.1495
1636101095601,-0.0191,7.5391,-1.4482,0.6743,0.6743,-0.0868
1636101095605,-0.0287,7.6680,-1.7324,0.8862,0.7124,-0.0017
1636101095616,0.1316,7.9883,-2.0430,1.0615,0.7466,0.0760
1636101095621,0.2944,8.4688,-2.1035,1.1807,0.8071,0.1409
1636101095646,0.2681,8.7891,-2.1230,1.2354,0.8657,0.2527
1636101095651,0.1388,9.0469,-2.2813,1.2471,0.8872,0.3804
1636101095655,0.2083,9.4219,-2.4004,1.2178,0.8721,0.4675
1636101095667,0.3328,9.7500,-2.5449,1.1348,0.8315,0.5664
1636101095671,0.3398,9.8281,-2.7891,1.0469,0.7837,0.7090
1636101095697,0.4355,9.6172,-2.9746,0.9844,0.7285,0.8496
1636101095701,0.5098,9.1406,-3.1719,0.9521,0.6680,0.9731
1636101095706,0.5527,8.6328,-3.3438,0.9893,0.6133,1.0508
1636101095717,0.6392,8.3359,-3.3223,1.0840,0.5669,1.0635
1636101095721,0.6631,8.0547,-3.0781,1.2412,0.5166,1.0400
1636101095747,0.6655,8.1250,-3.2715,1.4014,0.4253,0.9678
1636101095751,0.8760,8.5469,-3.6055,1.5449,0.2751,0.8398
1636101095762,1.3477,10.0156,-3.6270,1.5918,0.0891,0.5601
1636101095768,1.4580,12.2109,-4.2578,1.2334,0.0039,0.1047
1636101095772,0.8618,12.4063,-4.5391,0.8105,0.0922,-0.0634
1636101095797,0.1771,11.7969,-4.5000,0.5806,0.0071,0.0367
1636101095802,-0.1388,11.3125,-5.2148,0.4712,-0.2854,0.0717
1636101095806,0.1077,10.4297,-5.3438,0.5137,-0.5513,0.0345
1636101095826,0.4236,9.9531,-5.2109,0.4702,-0.6875,0.0186
1636101095837,0.2035,10.0078,-5.3672,0.2340,-0.6938,0.0015
1636101095846,-0.3230,10.0000,-5.3789,-0.0873,-0.7065,-0.0570
1636101095850,-0.1986,10.2422,-5.4531,-0.4395,-0.8740,-0.1219
1636101095859,0.4500,10.3672,-5.0938,-0.8286,-0.9526,-0.1857
1636101095863,0.6055,10.0234,-5.3594,-1.2432,-0.9609,-0.1644
1636101095891,0.2106,9.2813,-5.5781,-1.4238,-1.0059,-0.0368
1636101095896,0.4907,9.0391,-5.2617,-1.3525,-1.1230,0.0132
1636101095900,1.1221,9.6484,-5.2070,-1.2588,-1.2002,-0.0591
1636101095907,1.1611,9.8516,-5.3047,-1.2305,-1.2217,-0.0485
1636101095912,1.1875,9.8750,-5.2930,-1.1934,-1.2617,-0.0166
1636101095938,1.3428,10.1328,-5.3242,-1.1484,-1.2891,-0.1304
1636101095942,1.1533,10.6328,-5.3594,-1.0869,-1.3008,-0.2654
1636101095947,0.7349,11.2344,-5.4453,-0.9438,-1.3467,-0.3794
1636101095958,0.5981,11.4844,-5.4219,-0.7510,-1.4365,-0.4644
1636101095963,0.5601,11.3047,-5.2813,-0.5498,-1.5273,-0.4773
1636101095989,0.4116,10.7500,-5.0820,-0.3884,-1.5996,-0.4570
1636101095994,0.2800,10.2656,-4.7500,-0.2639,-1.6465,-0.4570
1636101096000,0.2010,10.0781,-4.3711,-0.1660,-1.6855,-0.4773
1636101096008,0.1245,10.0938,-4.0156,-0.1277,-1.7080,-0.4932
1636101096013,0.0431,10.1250,-3.7441,-0.1478,-1.7363,-0.4922
1636101096038,-0.0168,10.1016,-3.5469,-0.2010,-1.7754,-0.4517
1636101096043,-0.1053,9.8750,-3.5391,-0.2554,-1.7998,-0.3984
1636101096047,-0.2394,9.5469,-3.5371,-0.3159,-1.8184,-0.3496
1636101096058,-0.0958,9.3438,-3.4570,-0.3618,-1.8389,-0.3123
1636101096074,-0.0694,9.1094,-3.1875,-0.3853,-1.8252,-0.2654
1636101096080,-0.2250,8.7891,-2.9219,-0.3853,-1.7959,-0.1879
1636101096084,-0.3542,8.4063,-2.7715,-0.3469,-1.7939,-0.0953
1636101096109,-0.2058,8.2109,-2.6230,-0.2585,-1.7949,-0.0240
1636101096113,-0.2010,8.1641,-2.4648,-0.1755,-1.7549,0.0622
1636101096118,-0.3208,8.0156,-2.2500,-0.1309,-1.6934,0.1824
1636101096129,-0.3494,7.8125,-1.9990,-0.1149,-1.6348,0.3025
1636101096134,-0.2106,7.6836,-1.8330,-0.1128,-1.5830,0.4089
1636101096159,-0.0479,7.6250,-1.6279,-0.1128,-1.5098,0.5015
1636101096163,-0.1340,7.6836,-1.3574,-0.1234,-1.4092,0.5918
1636101096168,-0.0359,7.8086,-1.2920,-0.0894,-1.3730,0.6992
1636101096179,0.1388,7.6914,-1.1777,-0.0053,-1.3164,0.7993
1636101096184,0.2489,7.4844,-1.1152,0.0957,-1.2090,0.9019
1636101096209,0.3159,7.3203,-1.1367,0.2340,-1.0918,1.0186
1636101096213,0.5410,7.4453,-1.1729,0.3916,-0.9609,1.1064
1636101096217,0.7637,7.7734,-1.2090,0.5137,-0.7769,1.1807
1636101096230,1.0146,8.1172,-1.2949,0.5923,-0.5601,1.2783
1636101096234,1.1484,8.1406,-1.3184,0.6338,-0.3130,1.3838
1636101096259,1.0410,7.8906,-1.2012,0.6299,-0.0641,1.4844
1636101096263,0.9360,7.7188,-1.0869,0.6362,0.1539,1.5361
1636101096267,1.1484,8.2656,-1.4170,0.7236,0.3030,1.4912
1636101096279,1.6611,9.5469,-1.7637,0.8882,0.4614,1.3760
1636101096283,1.9121,11.0391,-1.9385,1.0576,0.6602,1.2939
1636101096309,1.9150,12.0781,-2.1445,1.1992,0.7910,1.3037
1636101096313,1.8887,13.2188,-2.4980,1.2100,0.8486,1.2305
1636101096319,2.0059,14.3984,-2.6445,1.0703,0.8857,1.0098
1636101096331,1.9463,16.5469,-3.3145,0.4873,0.9126,0.5610
1636101096338,1.2393,17.3281,-3.7578,-0.1478,0.9883,0.2101
1636101096360,0.4429,15.5234,-4.1367,-0.3862,0.8838,0.2844
1636101096364,0.0120,12.9688,-4.1367,-0.2128,0.6328,0.4302
1636101096377,0.1388,11.2188,-3.4609,0.3596,0.2571,-0.0889
1636101096383,0.2825,11.4531,-2.9961,0.5444,0.1241,-0.2964
1636101096387,0.0431,13.1406,-3.3438,0.3989,-0.0099,-0.5581
1636101096412,-0.5767,13.5703,-3.3027,0.0957,-0.1843,-0.6943
1636101096417,-0.6631,12.4844,-3.1719,-0.1670,-0.5269,-0.4368
1636101096423,-0.1460,11.3984,-3.8555,-0.4819,-0.7651,-0.4634
1636101096428,0.2705,10.9688,-3.9141,-0.8340,-0.7642,-0.6763
1636101096440,0.4189,10.7266,-3.7793,-0.9116,-0.8174,-0.6323
1636101096446,0.2537,10.7500,-3.5137,-1.0020,-0.7769,-0.6963
1636101096470,0.0000,10.7188,-3.1309,-1.2354,-0.7451,-0.8027
1636101096475,-0.0862,10.1328,-3.0273,-1.3301,-0.8193,-0.7114
1636101096479,-0.0287,9.2500,-3.0332,-1.1943,-0.8960,-0.5942
1636101096490,0.1699,8.6094,-2.9395,-0.9429,-0.9258,-0.5547
1636101096495,0.1938,8.3438,-2.5996,-0.7139,-0.8950,-0.5303
1636101096541,0.0096,8.0703,-2.1367,-0.5820,-0.8174,-0.4836
1636101096548,-0.0742,7.9922,-2.0703,-0.4905,-0.7505,-0.4548
1636101096553,0.0790,8.0156,-2.1563,-0.4065,-0.6802,-0.4624
1636101096558,0.3040,7.9570,-1.9033,-0.3276,-0.5469,-0.4475
1636101096564,0.2083,7.8477,-1.7373,-0.2510,-0.3877,-0.3623
1636101096569,-0.1053,7.6367,-1.7588,-0.1469,-0.2683,-0.2463
1636101096574,-0.1724,7.2969,-1.6582,-0.0096,-0.1908,-0.1655
1636101096580,-0.1221,7.0781,-1.5029,0.1318,-0.0759,-0.0963
1636101096585,-0.3254,6.7461,-1.4268,0.2649,0.0593,-0.0017
1636101096611,-0.5479,6.4063,-1.4219,0.4363,0.1433,0.1345
1636101096616,-0.4548,6.7266,-1.6250,0.6040,0.2114,0.1813
1636101096621,-0.2607,7.1992,-1.7852,0.7266,0.2976,0.2441
1636101096631,-0.2274,7.6484,-1.9365,0.7979,0.4041,0.3962
1636101096636,-0.2417,8.1406,-2.1113,0.8232,0.5229,0.5771
1636101096661,-0.2297,8.6484,-2.0820,0.8438,0.6123,0.7217
1636101096671,-0.1866,8.9922,-2.1035,0.8169,0.6548,0.8335
1636101096676,-0.2847,9.0156,-2.1250,0.7651,0.6953,0.9536
1636101096683,-0.4932,8.7969,-2.0723,0.6885,0.7261,1.0479
1636101096688,-0.6177,8.6328,-2.0938,0.5605,0.7329,1.0781
1636101096701,-0.4763,8.6094,-2.1914,0.4597,0.7222,1.0586
1636101096705,-0.2727,8.7891,-2.2832,0.4575,0.6860,1.0332
1636101096731,-0.2561,9.2031,-2.0957,0.4788,0.6294,0.9771
1636101096735,-0.3518,10.0156,-1.6973,0.4309,0.5391,0.8315
1636101096742,-0.0598,11.9453,-2.4727,0.0500,0.3347,0.4473
1636101096751,-0.1866,13.2891,-3.2266,-0.5913,0.2358,-0.0453
1636101096756,-0.1771,11.9688,-3.5566,-0.6968,0.0880,-0.0325
1636101096782,-0.1938,11.1875,-4.1836,-0.3669,-0.1184,0.1515
1636101096786,-0.0479,12.1172,-4.4883,0.0138,-0.2791,-0.1624
1636101096791,0.1771,13.0000,-4.2578,0.2148,-0.4514,-0.4529
1636101096801,0.1125,13.1328,-3.9902,0.0627,-0.5352,-0.4380
1636101096806,0.2871,12.9375,-4.1992,-0.0819,-0.6387,-0.3101
1636101096837,0.8208,12.8750,-3.8457,-0.0075,-0.6685,-0.3665
1636101096838,1.0986,13.7109,-3.3750,-0.1532,-0.6479,-0.6006
1636101096840,1.1797,14.7266,-2.5000,-0.5405,-0.5547,-0.7485
1636101096850,1.3379,14.7891,-1.7021,-1.0215,-0.4216,-0.6953
1636101096851,1.5586,13.4219,-1.1367,-1.3994,-0.3311,-0.5186
1636101096881,2.0000,12.2266,-0.8330,-1.6016,-0.2100,-0.5474
1636101096883,1.8193,11.8750,-0.6055,-1.7178,0.0305,-0.7847
1636101096884,1.2041,11.7969,-0.7466,-1.7217,0.2061,-0.9072
1636101096921,1.5674,11.8125,-0.9766,-1.4727,0.2878,-0.9922
1636101096923,1.7070,11.8125,-1.0479,-1.1807,0.4785,-1.1133
1636101096929,1.5459,11.7813,-1.0625,-0.9331,0.6943,-1.1816
1636101096940,1.5986,11.3359,-1.0605,-0.7192,0.8965,-1.2119
1636101096942,1.5488,10.8828,-0.8711,-0.5776,1.1494,-1.2568
1636101096958,1.3691,10.4766,-0.5601,-0.4543,1.4063,-1.3037
1636101096960,1.1104,9.9609,-0.1221,-0.3555,1.6377,-1.3242
1636101096989,0.8545,9.5625,-0.0096,-0.2969,1.8125,-1.3340
1636101096991,0.7612,9.4219,-0.1915,-0.2213,1.9326,-1.3506
1636101096993,0.6655,9.0859,-0.4141,-0.1320,2.0488,-1.3193
1636101097001,0.4788,8.5938,-0.7251,-0.0798,2.1660,-1.2510
1636101097005,0.2944,8.2266,-1.0791,-0.0404,2.2813,-1.1836
1636101097032,0.2871,7.9375,-1.4336,0.0330,2.3770,-1.1006
1636101097033,0.1460,7.5742,-1.6465,0.1042,2.4746,-0.9805
1636101097034,0.0096,7.3438,-1.8291,0.1713,2.5527,-0.8677
1636101097062,-0.0933,7.1563,-2.0645,0.2426,2.6016,-0.7686
1636101097063,-0.2681,6.8594,-2.4668,0.3254,2.6152,-0.6602
1636101097064,-0.2537,6.5742,-2.9121,0.4448,2.6035,-0.5635
1636101097093,-0.3254,6.3008,-3.3398,0.6128,2.6035,-0.4634
1636101097095,-0.6128,5.9297,-3.7227,0.8311,2.5859,-0.3389
1636101097096,-0.6821,5.5977,-4.0313,1.0762,2.5430,-0.2219
1636101097123,-0.6104,5.3008,-4.3203,1.3359,2.4902,-0.1123
1636101097125,-0.5791,5.1328,-4.6680,1.6104,2.4336,0.0122
1636101097126,-0.3997,5.3359,-5.0664,1.9014,2.3555,0.1420
1636101097153,-0.0455,6.0547,-5.6133,2.1660,2.2832,0.2983
1636101097156,0.3328,7.0000,-6.1406,2.3555,2.2637,0.4910
1636101097158,0.5938,8.0156,-6.3672,2.4160,2.3086,0.7251
1636101097184,0.6724,9.0391,-6.5469,2.3496,2.3633,0.9761
1636101097186,0.5552,9.5313,-6.5703,2.1895,2.3926,1.2256
1636101097188,0.5454,9.9297,-6.7305,2.0039,2.3281,1.3652
1636101097213,0.5215,9.8984,-6.6406,1.7832,2.2598,1.3965
1636101097214,0.5815,9.5000,-5.7070,1.5449,2.1777,1.4150
1636101097215,0.8521,14.4375,-6.2383,-0.1458,1.7920,0.1515
1636101097243,0.6318,15.9141,-5.6055,-1.0693,1.7275,-0.1985
1636101097244,-0.0287,12.4297,-6.7617,-0.9692,1.2158,0.6323
1636101097245,-0.0958,9.7109,-7.4063,-0.1895,0.5347,0.7642
1636101097274,1.6465,12.1797,-7.1641,0.2148,0.1667,-0.2900
1636101097276,2.1016,13.7031,-7.1602,0.3118,0.0220,-0.5996
1636101097277,0.6006,11.8203,-6.0586,0.2839,0.0486,-0.3059
1636101097304,-0.1460,10.5625,-5.9414,0.0776,-0.1385,-0.4263
1636101097306,0.4573,10.6875,-5.9648,0.0755,-0.4590,-0.7720
1636101097307,1.1035,10.8203,-5.7266,0.1606,-0.6494,-0.8911
1636101097336,0.9453,10.6953,-5.7031,0.1990,-0.7612,-0.7974
1636101097338,0.5479,10.3359,-5.2266,0.0425,-0.7632,-0.7900
1636101097342,0.4788,10.2969,-4.9609,-0.2649,-0.7803,-0.8081
1636101097371,0.4189,9.5391,-4.7656,-0.3904,-0.8311,-0.6919
1636101097373,0.2561,9.2656,-4.6055,-0.4575,-0.8003,-0.6558
1636101097375,0.1388,9.4297,-4.2500,-0.4363,-0.8091,-0.5972
1636101097383,0.0191,9.0234,-3.8516,-0.4468,-0.8237,-0.4368
1636101097385,0.1532,8.6094,-3.7129,-0.5723,-0.7974,-0.3633
1636101097412,0.3518,8.4375,-3.5664,-0.6714,-0.7197,-0.3645
1636101097414,0.3447,8.2031,-3.3945,-0.6968,-0.6001,-0.3230
1636101097415,0.3088,7.8008,-3.2148,-0.7119,-0.4790,-0.2729
1636101097443,0.2681,7.2578,-2.7285,-0.6860,-0.3279,-0.2059
1636101097444,-0.0024,6.9141,-2.6680,-0.5640,-0.1876,-0.1017
1636101097445,-0.1245,6.8711,-2.7910,-0.3223,-0.0833,-0.0048
1636101097473,0.0215,6.7891,-2.8145,-0.0532,0.0061,0.0962
1636101097474,0.0909,6.6172,-2.8457,0.2128,0.1018,0.2654
1636101097476,-0.0359,6.1758,-2.5996,0.4734,0.2157,0.4580
1636101097504,-0.3782,5.1836,-2.4531,0.7651,0.3071,0.6133
1636101097506,-0.6655,4.8008,-2.6719,1.1182,0.3411,0.6133
1636101097507,-0.4309,6.1836,-2.8027,1.2988,0.3635,0.4377
1636101097535,-0.0096,8.2656,-3.0859,1.1729,0.4092,0.3240
1636101097536,0.1938,9.4766,-3.1523,0.9595,0.4456,0.3611
1636101097540,0.1724,9.6328,-3.1816,0.6948,0.4424,0.4675
1636101097566,-0.0191,9.3828,-3.0977,0.3840,0.4380,0.5557
1636101097569,-0.3040,8.7734,-3.3516,0.0904,0.4082,0.6099
1636101097571,-0.5889,7.7461,-3.5625,-0.0373,0.3306,0.7007
1636101097595,-0.6748,6.9570,-3.2461,-0.1022,0.2742,0.6943
1636101097602,-0.6987,6.9922,-3.6230,-0.1489,0.1677,0.6387
1636101097603,-0.2896,8.5859,-4.1250,-0.2416,0.0327,0.4207
1636101097625,0.2058,9.9844,-4.4609,-0.5327,-0.0461,0.2164
1636101097626,0.0981,9.8047,-5.2656,-0.8286,-0.0641,0.2069
1636101097627,-0.0958,10.5703,-6.0586,-0.9990,-0.1918,0.0228
1636101097655,-0.3040,10.9531,-6.3906,-0.7148,-0.5225,-0.0304
1636101097656,-0.1508,10.8281,-6.7383,-0.2690,-0.8623,0.0834
1636101097657,0.1412,11.7188,-7.1719,-0.0905,-1.0977,-0.0612
1636101097685,0.0551,13.2656,-6.2695,-0.4863,-1.0713,-0.3772
1636101097687,0.3230,14.0547,-6.3438,-1.1709,-1.2012,-0.4197
1636101097689,0.1436,11.7266,-6.3008,-1.4385,-1.3027,-0.0836
1636101097715,-0.0431,10.2266,-6.4727,-1.1807,-1.4346,0.0685
1636101097717,0.2969,10.5391,-6.7305,-0.7588,-1.6563,-0.1335
1636101097718,0.5049,10.7266,-6.9141,-0.4404,-1.8184,-0.2059
1636101097745,0.7900,10.3828,-7.2773,-0.1309,-1.9551,-0.1591
1636101097746,1.2539,10.3516,-7.3125,0.1627,-2.0293,-0.2177
1636101097747,1.4551,10.9531,-7.0742,0.3552,-2.0215,-0.2920
1636101097775,1.2178,11.7500,-6.2188,0.3691,-1.9629,-0.3613
1636101097776,0.3782,12.1719,-5.3789,0.0627,-1.9424,-0.4304
1636101097777,0.1316,12.1328,-5.0078,-0.3022,-2.0703,-0.4421
1636101097806,0.4092,11.5781,-4.9023,-0.5361,-2.2051,-0.4038
1636101097808,0.4141,10.8047,-4.6953,-0.6914,-2.2441,-0.3506
1636101097810,0.3877,10.0234,-4.5703,-0.8022,-2.2695,-0.2920
1636101097842,0.4907,9.4688,-4.5273,-0.8701,-2.2734,-0.2549
1636101097844,0.4141,8.9141,-4.3906,-0.8989,-2.2188,-0.2070
1636101097845,0.2250,8.4219,-4.0508,-0.8682,-2.1465,-0.1421
1636101097856,0.2297,8.1016,-3.7988,-0.7651,-2.0977,-0.0751
1636101097857,0.2274,7.8164,-3.5371,-0.6309,-2.0254,0.0015
1636101097887,0.1843,7.5703,-3.3438,-0.5063,-1.9502,0.0845
1636101097889,0.1245,7.2617,-3.0117,-0.3777,-1.8555,0.1771
1636101097891,-0.0431,7.0547,-2.6133,-0.2479,-1.7617,0.2537
1636101097924,-0.0766,7.0039,-2.3359,-0.1128,-1.7021,0.3110
1636101097926,0.0000,7.0313,-2.0371,0.0117,-1.6328,0.3909
1636101097928,-0.0263,6.9922,-1.7881,0.1074,-1.5332,0.4951
1636101097940,-0.0694,6.8828,-1.5176,0.1724,-1.4404,0.6177
1636101097943,0.0048,6.8867,-1.3926,0.2297,-1.3525,0.7324
1636101097977,0.0981,7.1484,-1.4170,0.2861,-1.2256,0.8369
1636101097979,0.3208,7.6133,-1.4619,0.3682,-1.0762,0.9697
1636101097981,0.5957,7.9219,-1.5586,0.4734,-0.9023,1.1494
1636101097994,0.8164,8.0703,-1.5967,0.5894,-0.6714,1.3477
1636101097996,0.7324,8.1250,-1.4795,0.6606,-0.3779,1.5332
1636101098006,0.2800,8.0078,-1.2041,0.6768,-0.0759,1.7139
1636101098008,0.0503,8.1484,-1.1006,0.6436,0.1785,1.7998
1636101098037,0.0933,8.8750,-1.3545,0.5649,0.4285,1.8096
1636101098039,0.3613,9.8047,-1.9727,0.3564,0.8379,1.8955
1636101098041,0.9238,10.5000,-2.9961,0.3564,1.0088,1.9365
1636101098067,0.8379,10.8203,-2.9922,0.4629,1.1123,1.8877
1636101098069,0.8857,11.5625,-2.4238,0.6636,1.1123,1.6680
1636101098071,1.0869,14.9609,-2.7402,0.3191,0.9561,0.9048
1636101098097,0.8662,18.3438,-2.8984,-0.4021,0.8667,0.0941
1636101098099,0.1699,16.6406,-2.0898,-0.5850,0.7349,0.3228
1636101098101,-0.7515,13.8125,-2.4238,-0.5767,0.4424,0.6377
1636101098127,-0.6509,13.3906,-3.3828,-0.6157,0.0061,0.0834
1636101098129,0.3279,13.0313,-3.1660,-0.2563,-0.3396,-0.4155
1636101098131,0.4739,13.1328,-3.2461,-0.0745,-0.4685,-0.5049
1636101098158,-0.2800,13.3516,-3.7070,-0.3054,-0.5034,-0.5527
1636101098160,-0.5889,12.1719,-3.3965,-0.3384,-0.7026,-0.4719
1636101098161,-0.2441,11.2344,-3.4824,-0.3660,-0.9834,-0.4102
1636101098187,0.3613,12.0078,-3.2129,-0.6318,-0.9951,-0.7070
1636101098189,0.2944,12.3750,-2.5742,-0.9053,-0.9058,-0.8594
1636101098191,-0.5454,11.3906,-2.4023,-1.1621,-0.8940,-0.7241
1636101098218,-0.7852,10.5234,-2.5137,-1.3887,-0.9580,-0.7847
1636101098220,-0.2896,10.2813,-2.5996,-1.4434,-1.0303,-0.9209
1636101098222,0.0024,10.0000,-2.6230,-1.3486,-1.0117,-0.9146
1636101098248,-0.1699,9.5391,-2.5059,-1.2217,-0.9087,-0.8262
1636101098250,-0.4141,9.0313,-2.2129,-1.0557,-0.8047,-0.7358
1636101098252,-0.5864,8.4141,-2.0098,-0.8374,-0.7427,-0.6367
1636101098277,-0.7012,7.9102,-1.7236,-0.5859,-0.7012,-0.5508
1636101098278,-0.7466,7.8203,-1.9072,-0.3638,-0.6621,-0.5049
1636101098279,-0.7441,7.6055,-2.0195,-0.1926,-0.5845,-0.4507
1636101098307,-0.7661,7.1523,-1.9697,-0.0979,-0.4897,-0.3953
1636101098308,-0.8403,7.0000,-2.1484,0.0361,-0.4407,-0.3496
1636101098309,-0.8618,7.3164,-1.5557,0.1670,-0.3345,-0.3943
1636101098337,-0.8281,7.9180,-1.4404,0.1458,-0.2418,-0.3921
1636101098338,-0.8711,7.7930,-1.5605,0.1149,-0.1716,-0.2325
1636101098339,-1.0742,7.2305,-1.5244,0.1595,-0.0971,-0.0336
1636101098369,-1.2305,6.7070,-1.4619,0.2585,-0.0471,0.0887
1636101098371,-1.1387,6.8203,-1.6133,0.3542,-0.0365,0.1356
1636101098372,-0.8926,7.3320,-1.7021,0.4202,-0.0312,0.1803
1636101098398,-0.6509,7.9375,-1.7041,0.4084,0.0167,0.2335
1636101098401,-0.4812,8.7891,-1.8838,0.3745,0.0709,0.3047
1636101098403,-0.3350,9.4766,-2.0215,0.3979,0.0891,0.4058
1636101098427,-0.1675,9.7344,-2.1738,0.4521,0.0922,0.5229
1636101098430,-0.0551,9.8594,-2.2637,0.5010,0.1359,0.5908
1636101098432,-0.2083,9.6406,-2.4570,0.5596,0.1912,0.6440
1636101098459,-0.3662,9.3281,-2.5371,0.6470,0.2327,0.6719
1636101098461,-0.3518,9.1641,-2.4863,0.7637,0.2603,0.6025
1636101098462,-0.3374,9.4922,-2.7422,0.8511,0.2729,0.4717
1636101098489,-0.3208,10.1797,-2.9688,0.9312,0.2805,0.3589
1636101098491,-0.3398,10.6484,-3.1133,1.0303,0.2634,0.3186
1636101098492,-0.3831,11.0547,-3.1836,1.0605,0.2380,0.2759
1636101098519,-0.5742,11.5625,-3.1426,0.9297,0.2114,0.2026
1636101098521,-0.8545,11.6719,-3.0293,0.6831,0.1593,0.1729
1636101098522,-1.0029,11.3594,-2.9727,0.3948,0.0763,0.2250
1636101098549,-0.9189,11.2031,-2.9824,0.1351,-0.0163,0.2462
1636101098551,-0.7397,11.3516,-3.0996,-0.1192,-0.0971,0.2069
1636101098552,-0.6221,11.4063,-3.1855,-0.3606,-0.1737,0.2101
1636101098579,-0.5889,11.1563,-3.2188,-0.5225,-0.2546,0.2484
1636101098581,-0.6509,10.7422,-3.3438,-0.5894,-0.3525,0.2281
1636101098583,-0.5693,10.7422,-3.3535,-0.5928,-0.4451,0.1483
1636101098609,-0.3567,11.0078,-3.3008,-0.6055,-0.5205,0.0760
1636101098611,-0.2083,10.9922,-3.1855,-0.6968,-0.5547,0.0632
1636101098613,-0.2369,10.6406,-2.8633,-0.8574,-0.5352,0.0590
1636101098639,-0.4500,10.1172,-2.6934,-1.0127,-0.5332,0.0717
1636101098642,-0.5073,9.7031,-2.7285,-1.0439,-0.5718,0.1143
1636101098644,-0.3877,9.3516,-2.6582,-0.9438,-0.6045,0.1462
1636101098670,-0.3613,8.9844,-2.5586,-0.7935,-0.6162,0.1887
1636101098672,-0.3853,8.5703,-2.5410,-0.6030,-0.6289,0.2825
1636101098673,-0.3447,8.4297,-2.4199,-0.3542,-0.6279,0.3367
1636101098700,-0.0622,8.8750,-2.3574,-0.2267,-0.6045,0.3208
1636101098702,0.0239,9.2344,-2.6055,-0.2053,-0.5693,0.3738
1636101098703,0.0574,9.0547,-2.5918,-0.2085,-0.5024,0.4219
1636101098730,0.1101,8.6953,-2.2402,-0.2500,-0.3877,0.4612
1636101098732,-0.2297,8.4375,-1.9482,-0.2703,-0.2747,0.5015
1636101098733,-0.6055,8.1875,-1.8379,-0.2150,-0.2249,0.5376
1636101098760,-0.4475,8.3672,-1.7568,-0.1372,-0.2152,0.5591
1636101098762,0.0598,8.8438,-1.8428,-0.1075,-0.1908,0.5762
1636101098764,0.4045,9.1953,-1.9844,-0.1458,-0.1216,0.6450
1636101098788,0.4834,9.0938,-2.0098,-0.2181,-0.0248,0.7432
1636101098794,0.6919,8.9219,-2.0332,-0.2181,0.0624,0.8389
1636101098795,1.0244,9.0938,-1.8242,-0.0777,0.1560,0.8994
1636101098819,0.9121,9.5391,-1.1533,0.0085,0.2306,0.9209
1636101098820,0.8115,10.6094,-0.7373,-0.1394,0.2050,0.8291
1636101098821,1.2090,11.7813,-0.7490,-0.3682,0.1093,0.6738
1636101098849,1.4189,11.2500,-0.3711,-0.4319,0.1071,0.5825
1636101098850,1.2803,12.0391,-0.6030,-0.5713,0.1082,0.3313
1636101098853,1.2617,13.5156,-1.1611,-0.4160,-0.0397,0.0281
1636101098880,2.9160,15.2344,-1.2422,-0.0213,-0.2683,-0.4358
1636101098881,2.9609,16.6875,-0.6582,-0.4937,-0.0971,-0.6890
1636101098883,2.1641,14.6563,0.0263,-0.8916,0.0242,-0.3965
1636101098911,1.3047,11.3203,0.2369,-1.0586,0.0603,-0.1708
1636101098913,1.4482,10.2734,0.0909,-0.8916,0.0752,-0.4443
1636101098914,2.1973,10.3594,-0.2441,-0.4053,0.0454,-0.5972
1636101098941,2.8242,11.2266,0.2776,-0.0351,0.2252,-0.6699
1636101098943,3.0977,12.6563,1.0625,-0.2202,0.6069,-0.8613
1636101098944,2.6875,13.0234,1.5674,-0.6948,0.9595,-0.8496
1636101098971,2.1074,12.0859,1.7451,-1.1045,1.1846,-0.7593
1636101098973,1.8291,10.9766,1.4600,-1.2686,1.3105,-0.7559
1636101098974,1.8242,10.1875,1.0674,-1.1719,1.4316,-0.8027
1636101099001,1.8213,9.8203,0.8521,-0.9468,1.5879,-0.8145
1636101099003,1.8242,9.8047,0.6079,-0.6924,1.7490,-0.7930
1636101099005,1.7236,9.9141,0.4548,-0.4778,1.9219,-0.7686
1636101099031,1.3877,9.9141,0.3972,-0.3394,2.0742,-0.7368
1636101099033,1.1172,9.7656,0.1938,-0.2776,2.1660,-0.7080
1636101099034,1.0215,9.6484,-0.1484,-0.2712,2.2227,-0.7070
1636101099061,0.8354,9.2813,-0.6079,-0.2690,2.2637,-0.6772
1636101099063,0.6460,8.7188,-1.0674,-0.2075,2.2910,-0.6152
1636101099065,0.5171,8.3984,-1.3115,-0.0979,2.3281,-0.5752
1636101099091,0.2058,8.2188,-1.5459,0.0266,2.3477,-0.5176
1636101099093,-0.1173,7.9258,-2.0430,0.1584,2.3066,-0.4272
1636101099095,-0.1747,7.5703,-2.5586,0.3105,2.2363,-0.3315
1636101099121,-0.1627,7.4727,-2.9648,0.4819,2.1973,-0.2517
1636101099123,-0.2632,7.5508,-3.2246,0.7129,2.1738,-0.1484
1636101099125,-0.4211,7.7109,-3.3652,0.9585,2.1504,-0.0325
1636101099152,-0.4907,7.8906,-3.4805,1.1768,2.0957,0.0887
1636101099154,-0.4932,7.9063,-3.7441,1.3760,2.0117,0.2228
1636101099156,-0.3782,7.9648,-4.1055,1.5322,1.9385,0.3110
1636101099182,-0.3423,7.8242,-4.2305,1.6719,1.8975,0.4175
1636101099183,-0.3926,7.5352,-4.1719,1.8281,1.8604,0.5356
1636101099185,-0.3757,7.5469,-4.3203,1.9922,1.7988,0.6152
1636101099212,-0.0958,7.6719,-4.6602,2.2832,1.6377,0.7471
1636101099213,0.1412,7.9648,-4.4297,2.6035,1.5596,0.7813
1636101099215,0.4092,8.8750,-4.0234,2.6992,1.5371,0.6577
1636101099242,0.5840,10.6563,-3.7188,2.4863,1.4443,0.4919
1636101099243,0.6294,13.5703,-3.4180,1.7695,1.3174,0.0462
1636101099245,0.3110,15.3359,-3.6211,0.7168,1.1963,-0.3325
1636101099272,0.0933,14.3906,-3.8340,-0.0883,0.9424,-0.1335
1636101099274,-0.0598,11.9063,-4.2109,-0.3054,0.5859,0.2727
1636101099275,0.3064,11.3047,-4.7891,-0.3818,0.3081,0.0611
1636101099303,0.9790,11.7109,-4.8789,-0.4202,0.0826,-0.2568
1636101099305,0.8950,11.3047,-4.6328,-0.4480,0.0093,-0.2421
1636101099307,0.3613,10.9063,-4.7188,-0.5498,-0.0014,-0.2357
1636101099333,0.2656,10.4375,-4.9414,-0.4832,-0.1556,-0.3059
1636101099336,0.7061,10.2344,-4.8242,-0.3276,-0.3079,-0.4038
1636101099339,0.9048,10.6016,-4.4219,-0.2766,-0.2993,-0.4858
1636101099359,0.4954,10.7891,-4.0625,-0.2937,-0.2375,-0.4634
1636101099363,0.1197,10.6406,-3.7383,-0.3669,-0.2515,-0.4431
1636101099367,0.0646,10.4609,-3.4805,-0.4534,-0.3215,-0.4592
1636101099391,0.0694,10.1484,-3.2559,-0.4395,-0.3833,-0.4209
1636101099392,0.0958,9.9609,-3.1836,-0.3862,-0.4207,-0.3645
1636101099394,0.1891,10.0313,-3.1719,-0.3276,-0.4387,-0.3433
1636101099421,0.2155,10.1641,-2.8984,-0.2988,-0.3992,-0.3347
1636101099422,0.0646,10.0156,-2.6426,-0.3118,-0.3428,-0.2869
1636101099423,-0.0814,9.6328,-2.4824,-0.3010,-0.3110,-0.1974
1636101099452,0.0335,9.4844,-2.2695,-0.2213,-0.2917,-0.1687
1636101099454,0.0742,9.3047,-2.0723,-0.1075,-0.2534,-0.1495
1636101099456,-0.0694,9.0547,-2.0254,-0.0096,-0.2109,-0.1176
1636101099482,-0.0862,9.0547,-1.9893,0.0627,-0.1802,-0.1293
1636101099484,0.0024,9.1016,-1.9434,0.1309,-0.1536,-0.1570
1636101099486,-0.0120,9.1328,-1.9580,0.1915,-0.1099,-0.1644
1636101099512,-0.0981,9.1094,-1.9531,0.2659,-0.0546,-0.1484
1636101099514,-0.1675,9.0156,-1.8330,0.3467,-0.0110,-0.1250
1636101099516,-0.2561,9.1250,-1.8115,0.4011,0.0210,-0.1219
1636101099542,-0.2896,9.2578,-1.8457,0.4277,0.0454,-0.1155
1636101099544,-0.3374,9.2969,-1.8477,0.4224,0.0699,-0.0931
1636101099546,-0.4116,9.3203,-1.8740,0.3840,0.0859,-0.0665
1636101099573,-0.4619,9.3516,-1.9629,0.3394,0.0944,-0.0346
1636101099581,-0.4692,9.3750,-2.0176,0.2969,0.0997,-0.0038
1636101099583,-0.4453,9.4297,-2.0488,0.2437,0.1018,0.0303
1636101099592,-0.4453,9.3750,-1.9580,0.1744,0.1039,0.0675
1636101099594,-0.5146,9.2891,-1.9463,0.0808,0.1029,0.0930
1636101099623,-0.5195,9.3672,-2.0273,0.0053,0.0922,0.1016
1636101099624,-0.5098,9.3281,-2.1152,-0.0287,0.0742,0.1154
1636101099626,-0.4331,9.3047,-2.1855,-0.0543,0.0646,0.1366
1636101099653,-0.3567,9.4219,-2.2930,-0.0862,0.0667,0.1483
1636101099655,-0.3423,9.5313,-2.4648,-0.0926,0.0699,0.1707
1636101099656,-0.2751,9.6563,-2.6445,-0.0628,0.0699,0.1803
1636101099683,-0.1891,9.7344,-2.6367,-0.0362,0.0763,0.1813
1636101099685,-0.1675,9.8359,-2.5820,-0.0266,0.0944,0.1771
1636101099686,-0.2274,9.9766,-2.4492,-0.0351,0.1178,0.1589
1636101099713,-0.2512,10.0156,-2.2832,-0.0649,0.1273,0.1494
1636101099715,-0.3254,9.8516,-2.2637,-0.0958,0.1210,0.1600
1636101099716,-0.3972,9.5859,-2.2949,-0.1075,0.1241,0.1580
1636101099743,-0.3518,9.4141,-2.3672,-0.0724,0.1135,0.1729
1636101099745,-0.2896,9.3516,-2.3164,-0.0373,0.1157,0.1749
1636101099746,-0.3064,9.2891,-2.2754,-0.0500,0.1359,0.1738
1636101099773,-0.3926,9.1250,-2.3438,-0.1085,0.1401,0.2112
1636101099775,-0.0598,9.3906,-2.5898,-0.1032,0.1379,0.2112
1636101099776,0.0455,9.3516,-2.7266,-0.0756,0.1635,0.2537
1636101099802,0.0191,9.1563,-2.8945,-0.0458,0.2029,0.3174
1636101099804,0.0598,9.0000,-3.0137,0.0053,0.2274,0.3655
1636101099805,0.1891,8.8828,-3.0039,0.1000,0.2529,0.3887
1636101099832,0.2297,8.8281,-3.0488,0.2031,0.2859,0.3899
1636101099833,0.2394,8.6641,-2.8633,0.3010,0.3262,0.3845
1636101099834,0.2776,9.0078,-2.5684,0.3850,0.3477,0.2739
1636101099862,0.0000,10.5547,-3.1035,0.2351,0.3604,-0.1516
1636101099864,-0.0886,11.8203,-3.5957,0.1234,0.2167,-0.3591
1636101099865,-0.0958,11.2891,-3.6836,0.4553,-0.0120,0.0249
1636101099899,0.1412,11.0703,-3.7168,0.7104,-0.1035,0.0622
1636101099900,0.1963,12.0625,-3.9785,0.5903,-0.1940,-0.2783
1636101099903,-0.4380,12.1250,-4.0391,0.3999,-0.2886,-0.3560
1636101099929,-0.3088,11.8203,-4.4883,0.3936,-0.5522,-0.2739
1636101099931,0.4883,11.5078,-4.6836,0.4702,-0.7183,-0.3442
1636101099933,0.4331,12.0859,-4.4570,0.3298,-0.6343,-0.4995
1636101099956,-0.1652,12.4609,-4.2344,0.0085,-0.5938,-0.5625
1636101099958,-0.0455,11.5313,-4.1914,-0.1447,-0.7173,-0.4006
1636101099960,0.3447,10.5313,-4.0742,-0.1255,-0.7559,-0.3433
1636101099984,0.2727,10.3750,-3.7871,-0.0905,-0.7036,-0.4241
1636101099986,0.2394,10.9141,-3.5645,-0.0926,-0.6885,-0.5166
1636101099993,0.2322,11.2500,-3.3652,-0.1670,-0.6558,-0.5708
1636101100004,0.0287,11.3125,-3.1914,-0.2744,-0.6118,-0.5815
1636101100010,-0.0958,11.2031,-2.9844,-0.3127,-0.5918,-0.5942
1636101100024,-0.1819,11.1563,-2.8320,-0.2947,-0.5747,-0.6304
1636101100030,-0.1724,11.2969,-2.8066,-0.2820,-0.5439,-0.6636
1636101100044,-0.1484,11.2578,-2.7090,-0.2925,-0.4834,-0.6567
1636101100051,-0.1986,11.1719,-2.5273,-0.3181,-0.3896,-0.6528
1636101100064,-0.2466,11.2109,-2.3828,-0.3511,-0.3035,-0.6826
1636101100071,-0.3589,11.2266,-2.1250,-0.4075,-0.2195,-0.7144
1636101100084,-0.4092,11.1563,-1.8906,-0.4915,-0.1450,-0.7324
1636101100091,-0.5264,11.0078,-1.6514,-0.6001,-0.0599,-0.7515
1636101100104,-0.5527,10.7656,-1.4502,-0.7119,0.0103,-0.7495
1636101100111,-0.6177,10.3750,-1.3574,-0.8076,0.0784,-0.7432
1636101100124,-0.6748,9.9766,-1.2871,-0.8618,0.1539,-0.7271
1636101100131,-0.5913,9.7031,-1.2227,-0.8765,0.2412,-0.7207
1636101100144,-0.5503,9.6406,-1.1172,-0.8818,0.3464,-0.7036
1636101100151,-0.5938,9.5313,-1.0098,-0.9131,0.4636,-0.6646
1636101100164,-0.6152,9.1719,-0.9956,-0.9727,0.5752,-0.6016
1636101100171,-0.6006,8.7656,-1.0410,-1.0225,0.6924,-0.5249
1636101100185,-0.6177,8.4844,-1.0215,-1.0273,0.8252,-0.4634
1636101100187,-0.7158,8.3047,-1.0098,-0.9810,0.9570,-0.3879
1636101100215,-0.6938,8.1797,-1.0166,-0.9023,1.0713,-0.2952
1636101100221,-0.5674,8.1797,-1.0957,-0.8257,1.1846,-0.2113
1636101100227,-0.5674,8.0859,-1.2734,-0.7651,1.3096,-0.1091
1636101100235,-0.6821,7.8359,-1.3740,-0.7183,1.4326,0.0239
1636101100242,-0.8115,7.5742,-1.4814,-0.6616,1.5332,0.1302
1636101100255,-0.9668,7.3125,-1.6416,-0.5713,1.6094,0.2250
1636101100261,-1.0625,7.0430,-1.6895,-0.4202,1.6650,0.3357
1636101100275,-1.0605,6.9219,-1.6709,-0.1936,1.6895,0.4431
1636101100281,-1.0195,6.8828,-1.9004,0.0638,1.6816,0.5449
1636101100295,-0.9668,7.0469,-2.2227,0.3052,1.6650,0.6323
1636101100314,-0.8423,7.3789,-2.4121,0.5488,1.6543,0.7173
1636101100322,-0.6963,7.9180,-2.6543,0.7725,1.6396,0.8135
1636101100330,-0.5024,8.5625,-2.9336,0.9438,1.6143,0.9067
1636101100352,-0.3469,8.8984,-3.1172,1.1045,1.5723,1.0508
1636101100357,-0.1819,9.0313,-3.1426,1.2754,1.5176,1.1895
1636101100362,-0.0503,9.1563,-3.2578,1.4277,1.4561,1.2637
1636101100370,-0.0120,9.4688,-3.4512,1.5391,1.3877,1.2432
1636101100374,0.0526,10.0234,-3.4805,1.5869,1.3105,1.1768
1636101100385,0.2202,10.6016,-3.4141,1.5488,1.2383,1.1250
1636101100389,0.3901,11.0156,-3.4434,1.4258,1.1504,1.0674
1636101100414,0.4644,11.2266,-3.3535,1.2783,1.0293,0.9561
1636101100419,0.6963,12.6406,-3.6484,0.9258,0.8691,0.6377
1636101100423,0.9956,15.3594,-3.8926,0.2522,0.7432,0.0728
1636101100434,0.8857,15.4531,-3.4531,-0.2043,0.6123,-0.0772
1636101100439,0.3567,13.6953,-3.7051,-0.6045,0.4338,0.1207
1636101100464,0.0742,12.2422,-4.0703,-0.8374,0.2476,0.0643
1636101100479,0.1173,10.4453,-4.2148,-0.5757,-0.0046,-0.0389
1636101100483,0.2896,9.5234,-4.3164,-0.2118,-0.1854,-0.1133
1636101100489,0.5146,10.3594,-4.1602,-0.0053,-0.2249,-0.3271
1636101100493,0.3853,10.7578,-4.0664,0.1798,-0.2578,-0.3997
1636101100504,0.2512,10.5078,-3.8867,0.2266,-0.3291,-0.3677
1636101100509,0.4595,10.6172,-3.8184,0.1404,-0.3833,-0.4304
1636101100534,0.5215,10.8672,-3.7500,0.1733,-0.4131,-0.4688
1636101100539,0.1794,10.8203,-3.3340,0.2042,-0.4441,-0.4358
1636101100543,-0.1724,10.3984,-3.0938,0.1149,-0.4973,-0.3613
1636101100554,-0.1077,10.1719,-3.1563,0.0106,-0.5728,-0.3442
1636101100559,0.1580,10.2578,-2.9902,-0.0256,-0.6079,-0.3665
1636101100584,0.1627,10.2500,-2.7461,-0.0436,-0.5811,-0.3547
1636101100589,-0.0072,10.0859,-2.6777,-0.0979,-0.5493,-0.3049
1636101100593,-0.0598,9.8125,-2.5488,-0.1404,-0.5332,-0.2654
1636101100604,-0.0048,9.4844,-2.4922,-0.1670,-0.5122,-0.2485
1636101100609,0.0239,9.0859,-2.4355,-0.1606,-0.4631,-0.2272
1636101100634,-0.0646,8.7500,-2.2734,-0.1192,-0.3811,-0.2102
1636101100639,-0.2155,8.6172,-2.1738,-0.0670,-0.3079,-0.2048
1636101100644,-0.3208,8.6406,-2.0684,0.0127,-0.2546,-0.1921
1636101100654,-0.3184,8.6641,-1.9893,0.0734,-0.2014,-0.1655
1636101100659,-0.2705,8.6953,-1.9414,0.0989,-0.1418,-0.1229
1636101100685,-0.3110,8.6484,-1.8555,0.1064,-0.0663,-0.0644
1636101100689,-0.4070,8.5703,-1.7813,0.0989,0.0114,-0.0091
1636101100694,-0.4116,8.4609,-1.7207,0.0234,0.1486,0.0898
1636101100705,-0.3853,8.3359,-1.6807,-0.0224,0.2220,0.1472
1636101100709,-0.4260,8.1875,-1.7471,-0.0564,0.2976,0.2186
1636101100735,-0.4692,8.1641,-1.8115,-0.0447,0.3613,0.2983
1636101100740,-0.4763,8.1875,-1.7783,0.0127,0.3997,0.3687
1636101100745,-0.4907,8.2500,-1.7207,0.0755,0.4231,0.4207
1636101100755,-0.4429,8.2891,-1.5078,0.1383,0.4316,0.4653
1636101100759,-0.5000,8.2344,-1.3525,0.1713,0.4199,0.4973
1636101100785,-0.6919,8.2969,-1.5918,0.1521,0.3645,0.5005
1636101100789,-0.7612,8.3125,-1.8164,0.0936,0.2913,0.4707
1636101100794,-0.5864,7.9766,-1.8555,0.0138,0.2295,0.4717
1636101100805,-0.4116,7.7930,-2.2266,-0.0085,0.1688,0.5166
1636101100809,-0.4070,8.0391,-2.8789,0.0787,0.1061,0.5474
1636101100835,-0.2035,8.6094,-3.4375,0.1893,0.0475,0.5547
1636101100850,0.2489,9.0859,-3.8711,0.2330,-0.0014,0.5942
1636101100854,0.5288,9.2266,-3.8555,0.2362,0.0124,0.6855
1636101100862,0.4429,9.4375,-3.9414,0.2649,0.0263,0.7358
1636101100867,0.0168,9.6563,-3.9258,0.3967,-0.0407,0.7017
1636101100876,-0.0479,11.2969,-3.7695,0.4395,-0.2003,0.3303
1636101100881,-0.2920,13.1875,-4.4570,0.1234,-0.4067,-0.1985
1636101100910,-0.4739,13.7266,-4.5859,-0.0309,-0.6133,-0.1464
1636101100915,-0.0263,13.3672,-4.8711,0.0446,-0.8608,-0.0187
1636101100920,0.3733,12.9375,-5.2773,0.0181,-1.0068,-0.1357
1636101100926,0.2035,13.7500,-5.3789,-0.1383,-1.0732,-0.2686
1636101100931,0.1221,14.5234,-4.6016,-0.4905,-1.0078,-0.3547
1636101100956,-0.2537,13.5547,-3.8105,-1.0283,-0.9204,-0.2676
1636101100960,-0.8403,11.7656,-3.8984,-1.2852,-1.0146,-0.0910
1636101100974,-0.5840,10.5938,-4.1406,-1.1348,-1.1924,-0.1410
1636101100980,-0.0766,10.5703,-4.0625,-0.8159,-1.2813,-0.2676
1636101100984,-0.1675,10.8047,-3.8398,-0.5596,-1.2959,-0.3081
1636101100996,0.2871,11.3438,-3.8145,-0.4119,-1.3496,-0.3677
1636101101000,0.6919,12.2891,-3.7070,-0.4246,-1.2969,-0.4995
1636101101026,0.2202,12.9531,-3.3516,-0.6416,-1.1445,-0.5493
1636101101030,-0.0144,12.7969,-3.0645,-0.8076,-1.1074,-0.4827
1636101101035,-0.1125,12.3594,-2.7402,-0.8862,-1.0859,-0.4783
1636101101046,-0.3926,12.0313,-2.3887,-0.9663,-1.0264,-0.5356
1636101101050,-0.2346,11.4766,-2.2480,-0.9180,-1.0303,-0.5410
1636101101076,0.0790,11.0078,-2.0078,-0.7651,-0.9878,-0.5610
1636101101089,-0.0359,11.0547,-1.5889,-0.6328,-0.8706,-0.6357
1636101101106,-0.1508,11.0781,-1.2207,-0.5562,-0.7822,-0.6890
1636101101111,-0.1843,10.8047,-0.9189,-0.5234,-0.6982,-0.7070
1636101101116,-0.3831,10.4141,-0.6177,-0.4958,-0.6035,-0.7271
1636101101121,-0.4595,10.1641,-0.3279,-0.4458,-0.5288,-0.7603
1636101101126,-0.6006,10.0078,-0.0790,-0.4033,-0.4482,-0.7803
1636101101131,-0.6606,9.7422,0.1508,-0.3777,-0.3706,-0.7783
1636101101156,-0.6484,9.3984,0.2106,-0.3787,-0.2917,-0.7729
1636101101161,-0.6533,9.0625,0.2178,-0.3853,-0.1929,-0.7422
1636101101165,-0.7349,8.5313,0.2178,-0.3533,-0.0663,-0.6763
1636101101176,-0.8906,8.1172,0.2322,-0.2703,0.0582,-0.6196
1636101101181,-0.8711,7.9766,0.2010,-0.1543,0.1785,-0.5688
1636101101206,-0.9385,8.0156,0.2058,-0.0394,0.3198,-0.5078
1636101101211,-1.0625,8.0469,0.3447,0.0489,0.4656,-0.4282
1636101101215,-1.2783,7.9023,0.4978,0.0894,0.5898,-0.3379
1636101101226,-1.4844,7.5859,0.5000,0.1000,0.6743,-0.2527
1636101101231,-1.5820,7.1914,0.2847,0.1245,0.7231,-0.1931
1636101101256,-1.5703,6.9102,0.0862,0.1925,0.7720,-0.1410
1636101101261,-1.5391,6.8320,-0.1293,0.2903,0.8325,-0.0900
1636101101265,-1.5771,6.8828,-0.2991,0.3755,0.8965,-0.0251
1636101101276,-1.6758,7.0039,-0.4475,0.4436,0.9507,0.0654
1636101101281,-1.5986,7.3906,-0.6533,0.5161,0.9766,0.1440
1636101101307,-1.4316,7.9336,-0.8447,0.5625,1.0029,0.2388
1636101101311,-1.5029,8.5625,-0.9766,0.5552,1.0439,0.3335
1636101101319,-1.5557,9.1328,-1.1748,0.4927,1.0352,0.4004
1636101101327,-1.5674,9.4219,-1.5273,0.3862,0.9893,0.4653
1636101101334,-1.5869,9.3281,-1.9150,0.2776,0.9424,0.5537
1636101101347,-1.4619,9.0234,-2.3496,0.2128,0.8989,0.6294
1636101101354,-1.3975,8.8359,-2.7168,0.2021,0.8838,0.6826
1636101101368,-1.2305,8.8438,-3.0703,0.2712,0.8584,0.7334
1636101101373,-0.9097,8.8750,-3.4277,0.4106,0.8286,0.8081
1636101101397,-0.5815,9.0547,-3.7383,0.6055,0.8315,0.8857
1636101101402,-0.3230,9.4609,-3.9355,0.7861,0.8521,0.9390
1636101101406,-0.0311,9.8672,-4.0625,0.9106,0.8774,0.9878
1636101101417,0.1915,10.0547,-4.1367,0.9956,0.8848,1.0596
1636101101422,0.3733,10.1953,-4.1406,1.0518,0.8784,1.1133
1636101101447,0.6938,10.7734,-4.0938,1.0615,0.8755,1.1104
1636101101452,0.9121,11.5156,-4.0781,1.0273,0.8794,1.1221
1636101101462,1.0674,11.9297,-4.1875,0.9277,0.8315,1.1650
1636101101469,1.2012,11.7578,-4.3398,0.7998,0.7539,1.2383
1636101101473,1.3857,11.2734,-4.3555,0.7319,0.6680,1.3154
1636101101497,1.5967,11.2344,-4.5391,0.7480,0.5635,1.2891
1636101101502,1.6035,11.4141,-4.2656,0.7769,0.4487,1.1289
1636101101507,1.6182,12.5391,-4.2070,0.5659,0.2688,0.8110
1636101101517,1.6973,13.7969,-4.1289,0.1564,0.1050,0.4260
1636101101522,1.5029,13.2500,-3.8848,-0.1478,-0.0493,0.3557
1636101101547,1.3359,12.0781,-4.2227,-0.3469,-0.2524,0.3845
1636101101552,1.5127,11.0938,-4.7109,-0.3235,-0.4961,0.3101
1636101101557,1.6563,10.1953,-4.6992,-0.1011,-0.7378,0.0292
1636101101567,1.8887,10.9844,-4.6836,-0.2245,-0.7886,-0.1357
1636101101572,1.8887,10.9844,-4.6836,-0.3650,-0.7983,-0.1847
1636101101598,1.4004,10.4063,-4.9531,-0.4873,-0.8228,-0.1825
1636101101602,1.4697,10.0469,-4.9219,-0.3894,-0.9067,-0.1591
1636101101607,1.4023,9.8672,-4.7305,-0.2319,-0.9438,-0.2177
1636101101630,1.0957,9.8359,-4.6602,-0.1958,-0.9780,-0.2834
1636101101634,0.7944,9.7031,-4.7617,-0.2085,-1.0332,-0.2942
1636101101640,0.7324,9.4609,-4.7617,-0.1617,-1.0928,-0.2847
1636101101645,0.6318,9.2891,-4.6367,-0.0575,-1.1445,-0.2825
1636101101660,0.3687,9.2109,-4.4883,0.0532,-1.1963,-0.2559
1636101101665,0.1771,9.1016,-4.3984,0.1351,-1.2627,-0.2177
1636101101679,0.1891,8.9297,-4.3477,0.1595,-1.3213,-0.1750
1636101101684,0.1101,8.6406,-4.2109,0.1606,-1.3408,-0.1006
1636101101708,-0.1532,8.2188,-3.9707,0.1990,-1.3467,0.0026
1636101101713,-0.3088,7.9180,-3.8672,0.2671,-1.3740,0.0750
1636101101717,-0.2441,7.8398,-3.7480,0.3352,-1.3906,0.1323
1636101101728,-0.2705,7.7461,-3.5547,0.3840,-1.3691,0.2164
1636101101733,-0.3733,7.6641,-3.2559,0.4148,-1.3213,0.2952
1636101101758,-0.4954,7.5742,-2.9180,0.4116,-1.2686,0.3633
1636101101763,-0.5815,7.3906,-2.7207,0.3967,-1.2178,0.4336
1636101101767,-0.4500,7.2539,-2.6445,0.3904,-1.1670,0.4963
1636101101779,-0.2227,7.1836,-2.6797,0.3840,-1.0957,0.5610
1636101101783,-0.0718,6.9375,-2.6973,0.4075,-0.9854,0.6621
1636101101808,-0.0072,6.8203,-2.6445,0.4905,-0.8271,0.7793
1636101101813,0.0144,6.8984,-2.7969,0.6895,-0.7012,0.8760
1636101101818,0.2944,6.5859,-3.2832,0.9478,-0.5811,0.9346
1636101101829,0.4453,6.0859,-3.4063,1.2012,-0.3621,0.9570
1636101101838,0.3398,6.0117,-2.9824,1.4453,-0.0801,0.9019
1636101101854,0.0287,6.8438,-2.5000,1.6553,0.1667,0.7676
1636101101859,-0.0191,8.6094,-1.6250,1.7803,0.3230,0.6143
1636101101869,-0.0837,10.5703,-0.7539,1.7246,0.3721,0.5898
1636101101877,-0.5479,11.7578,-0.2920,1.4648,0.3157,0.6973
1636101101889,-0.6797,11.3750,-1.0645,0.9648,0.1411,0.8218
1636101101895,0.1555,10.9297,-1.9551,0.4946,0.0029,0.8418
1636101101919,0.8447,11.3828,-1.6201,-0.1118,0.0795,0.7261
1636101101924,0.1843,12.9922,-1.7520,-0.8755,0.1178,0.6357
1636101101928,-0.4453,13.0547,-1.9893,-1.5029,-0.0450,0.6421
1636101101939,0.0646,12.4766,-1.9365,-1.9629,-0.2152,0.6782
1636101101944,0.0958,13.2266,-2.2207,-2.2070,-0.4238,0.5698
1636101101969,-0.2297,14.2344,-3.5059,-2.6113,-0.6973,0.2090
1636101101974,0.1101,13.0469,-4.7617,-2.6055,-1.1064,0.3313
1636101101978,0.9146,12.1250,-5.1406,-2.1602,-1.3506,0.4653
1636101101994,0.8833,12.2578,-4.9727,-1.9238,-1.3584,0.4038
1636101101999,0.1293,11.7188,-4.8398,-1.7637,-1.4619,0.3877
1636101102010,0.0239,11.0391,-5.2930,-1.5674,-1.7100,0.2037
1636101102015,0.5625,10.3594,-5.8438,-1.2930,-1.9854,-0.0304
1636101102040,1.2422,9.6094,-5.9414,-0.8682,-2.1367,-0.1155
1636101102044,1.1611,9.8047,-5.6016,-0.4661,-2.1016,-0.3250
1636101102049,1.3477,11.2188,-5.4336,-0.2734,-2.1152,-0.6338
1636101102060,1.8574,12.1094,-4.7656,-0.2405,-2.0742,-0.7168
1636101102064,1.4746,11.1641,-4.1680,-0.2925,-2.0020,-0.5356
1636101102090,2.0527,10.8047,-4.0352,-0.1777,-2.1172,-0.4773
1636101102094,2.2285,12.2031,-3.6914,-0.3403,-1.9736,-0.7324
1636101102099,1.3184,13.0547,-3.1836,-0.7661,-1.7549,-0.7305
1636101102110,0.5815,12.2734,-3.0137,-1.0381,-1.6924,-0.5889
1636101102114,0.5479,11.8906,-2.9102,-1.1465,-1.6523,-0.6187
1636101102140,0.3350,11.6719,-2.5059,-1.1660,-1.5586,-0.6177
1636101102145,0.3733,11.3906,-2.2227,-1.1992,-1.4531,-0.6338
1636101102149,0.3350,10.9141,-1.8291,-1.2334,-1.2900,-0.6475
1636101102160,0.1843,10.2500,-1.4219,-1.2031,-1.1152,-0.6367
1636101102164,0.0837,9.6875,-1.0293,-1.0928,-0.9336,-0.6431
1636101102190,0.0287,9.4766,-0.7275,-0.9194,-0.7612,-0.6455
1636101102191,-0.0168,9.4375,-0.3997,-0.7339,-0.5718,-0.6411
1636101102195,-0.1891,9.0313,-0.0886,-0.5840,-0.3909,-0.6016
1636101102220,-0.1866,8.6406,0.0886,-0.4607,-0.2269,-0.5791
1636101102225,-0.1149,8.4453,0.2681,-0.3298,-0.0365,-0.5645
1636101102229,-0.1891,8.3047,0.3926,-0.1936,0.1625,-0.5313
1636101102254,-0.2776,8.2266,0.5024,-0.1053,0.3518,-0.4985
1636101102259,-0.2417,7.9453,0.5239,-0.0468,0.5303,-0.4241
1636101102265,-0.3613,7.5977,0.3926,0.0170,0.7212,-0.3367
1636101102269,-0.4739,7.2461,0.0622,0.1053,0.8999,-0.2527
1636101102280,-0.4524,6.7617,-0.4309,0.2372,1.0723,-0.1442
1636101102285,-0.4978,6.2695,-0.9575,0.4148,1.2676,-0.0399
1636101102311,-0.4429,6.0586,-1.5029,0.6382,1.4727,0.0398
1636101102315,-0.4236,6.2461,-2.0332,0.8960,1.6777,0.1079
1636101102320,-0.5000,6.3672,-2.4609,1.1289,1.8779,0.2037
1636101102331,-0.4834,6.4297,-2.9082,1.3330,2.0645,0.3240
1636101102337,-0.4236,6.6914,-3.3828,1.5381,2.2500,0.4133
1636101102361,-0.3542,7.4297,-3.7129,1.7383,2.4277,0.4846
1636101102369,-0.2607,8.2344,-4.1094,1.8984,2.5703,0.5527
1636101102374,-0.3997,8.6250,-4.4023,1.9814,2.6738,0.6909
1636101102381,-0.1724,8.8125,-4.7500,2.0703,2.7168,0.8696
1636101102386,-0.1794,9.1094,-5.0469,2.0703,2.7168,0.8696
1636101102411,-0.2920,9.8984,-5.0625,2.2168,2.5996,1.0010
1636101102415,-0.2346,9.8828,-5.1211,2.3242,2.4316,1.1416
1636101102420,-0.0862,9.4219,-5.4023,2.4023,2.2266,1.2471
1636101102431,0.4285,9.0156,-6.0703,2.4395,2.0254,1.2871
1636101102436,1.2109,8.8359,-6.4375,2.5293,1.8906,1.2939
1636101102461,1.7686,8.9688,-6.4492,2.6621,1.7744,1.2734
1636101102466,2.0703,9.3203,-6.3672,2.7813,1.6191,1.1729
1636101102470,2.2773,11.1328,-6.3516,2.5918,1.3857,0.7773
1636101102481,2.0371,13.1484,-6.0859,2.0469,1.1621,0.2473
1636101102486,1.5293,13.1094,-6.2500,1.2705,0.9199,0.0962
1636101102511,1.6660,11.6953,-6.7773,0.7051,0.5273,0.2144
1636101102516,2.4629,11.2969,-7.5508,0.3298,0.1486,0.0100
1636101102532,3.0293,11.1719,-7.5898,0.0712,-0.0407,-0.2197
1636101102538,2.4414,10.5234,-7.1602,-0.1904,-0.1057,-0.1644
1636101102544,1.7832,9.7813,-6.8828,-0.5234,-0.2407,-0.1516
1636101102552,1.9697,9.4766,-6.6094,-0.8491,-0.4333,-0.3069
1636101102558,2.2871,9.2109,-6.3516,-1.0391,-0.5703,-0.3750
1636101102585,2.1973,9.0625,-6.1016,-1.1543,-0.6152,-0.3921
1636101102590,1.9434,9.7578,-6.1758,-1.2998,-0.6577,-0.5039
1636101102594,1.8066,9.3750,-6.1797,-1.3906,-0.7388,-0.4985
1636101102608,1.6084,8.4219,-6.3203,-1.3613,-0.7930,-0.3484
1636101102612,1.5674,8.2031,-6.3750,-1.1895,-0.8291,-0.3452
1636101102622,1.5273,8.1484,-5.9063,-0.9458,-0.8301,-0.3665
1636101102627,1.3496,8.3672,-5.4219,-0.8691,-0.7959,-0.3740
1636101102652,1.1201,8.5938,-4.9805,-0.9331,-0.7559,-0.3975
1636101102656,0.8618,8.5391,-4.7930,-0.9790,-0.7427,-0.3750
1636101102661,0.6895,8.4297,-4.6055,-0.9609,-0.7598,-0.3452
1636101102672,0.7202,8.3828,-4.4727,-0.9014,-0.7749,-0.3262
1636101102677,0.7422,8.4063,-4.5898,-0.8330,-0.7749,-0.2771
1636101102702,0.6245,8.1797,-4.6484,-0.7563,-0.7559,-0.1985
1636101102707,0.4763,8.0234,-4.4805,-0.7012,-0.7026,-0.1410
1636101102711,0.3662,7.9453,-4.2578,-0.6436,-0.6548,-0.0942
1636101102722,0.3350,8.0156,-4.0313,-0.5903,-0.6055,-0.0687
1636101102727,0.3567,8.1563,-4.0000,-0.5444,-0.5566,-0.0229
1636101102752,0.3279,8.0078,-3.9277,-0.4565,-0.5024,0.0579
1636101102757,0.2297,7.8828,-3.6914,-0.3970,-0.4375,0.0920
1636101102761,0.1364,7.9102,-3.4141,-0.3691,-0.3652,0.1090
1636101102772,-0.0981,7.7969,-3.2344,-0.3203,-0.2930,0.1600
1636101102777,-0.2920,7.6797,-3.1094,-0.2671,-0.2258,0.2090
1636101102803,-0.2441,7.7422,-3.1445,-0.2001,-0.1663,0.2494
1636101102807,-0.1053,7.7813,-3.3242,-0.1085,-0.0886,0.3271
1636101102812,-0.0263,7.9063,-3.3418,-0.0394,0.0252,0.4187
1636101102823,-0.0359,7.9570,-3.2422,0.0117,0.1199,0.5034
1636101102827,0.0359,8.1563,-3.1328,0.0883,0.1848,0.5439
1636101102858,0.0144,7.9414,-2.8535,0.2128,0.2316,0.5918
1636101102865,-0.2250,7.5234,-2.6406,0.3489,0.2742,0.6484
1636101102870,-0.6270,7.5469,-2.4824,0.3989,0.2859,0.5942
1636101102875,-0.7422,7.8438,-2.2832,0.3533,0.2135,0.5112
1636101102882,-0.5073,8.1875,-2.0605,0.1893,0.1178,0.4143
1636101102894,-0.3469,8.4219,-1.9053,-0.0936,0.0720,0.2961
1636101102905,-0.4453,8.4063,-2.3770,-0.3979,-0.0014,0.2920
1636101102913,0.0000,9.2734,-3.2520,-0.5098,-0.1780,0.2866
1636101102918,1.1582,11.5156,-3.0703,-0.6226,-0.2578,-0.0293
1636101102943,1.3096,12.2891,-3.0547,-1.0889,-0.1428,-0.1346
1636101102948,0.1340,12.6016,-3.6699,-1.3721,-0.1088,0.1069
1636101102952,0.4189,12.7188,-4.4648,-1.1895,-0.4951,0.2537
1636101102963,1.1680,12.7109,-3.9707,-1.1436,-0.6001,0.1143
1636101102968,0.7109,13.1250,-4.1719,-1.4063,-0.6353,0.0462
1636101102994,0.0766,13.4219,-4.2227,-1.5039,-0.7803,-0.0048
1636101102998,0.2991,13.7734,-3.9609,-1.5625,-0.9526,-0.2454
1636101103003,1.3906,13.4297,-4.4961,-1.4785,-1.1719,-0.3560
1636101103014,2.1758,12.4766,-4.5625,-1.1953,-1.1270,-0.2910
1636101103018,1.3975,11.7969,-3.6758,-1.0010,-0.8184,-0.2368
1636101103045,0.2346,11.7109,-2.8262,-1.0234,-0.6533,-0.3857
1636101103089,0.6772,11.1875,-2.6348,-0.9502,-0.7632,-0.4602
1636101103096,1.6152,11.0469,-2.3496,-0.7085,-0.7515,-0.5132
1636101103098,1.2012,11.7500,-1.8721,-0.6948,-0.5576,-0.7197
1636101103099,0.8423,11.8516,-1.9297,-0.8096,-0.4866,-0.7749
1636101103100,0.7515,11.0469,-2.3516,-0.7510,-0.4375,-0.7451
1636101103120,0.3374,10.4766,-2.6016,-0.5542,-0.3408,-0.7866
1636101103125,0.1747,10.2500,-2.8574,-0.3042,-0.2769,-0.8379
1636101103130,0.1794,10.1953,-2.9863,-0.1107,-0.1918,-0.8740
1636101103134,-0.0191,10.2734,-2.8750,0.0042,-0.0865,-0.8984
1636101103141,-0.3110,10.1406,-2.6367,0.0681,-0.0024,-0.8760
1636101103152,-0.6392,9.8203,-2.4512,0.0798,0.0380,-0.8579
1636101103158,-0.7588,9.6016,-2.3750,0.0947,0.0422,-0.8560
1636101103160,-0.9023,9.3984,-2.3496,0.1489,0.0444,-0.8433
1636101103193,-0.8906,9.2656,-2.3789,0.2159,0.0422,-0.8335
1636101103200,-0.8232,9.2734,-2.4668,0.2861,0.1093,-0.7378
1636101103205,-0.8232,9.0938,-2.4961,0.3191,0.1582,-0.6519
1636101103212,-0.9336,8.9844,-2.3770,0.3286,0.2220,-0.5664
1636101103218,-1.0000,8.9844,-2.2090,0.3052,0.2891,-0.4932
1636101103237,-1.0244,8.8594,-1.9990,0.2585,0.3572,-0.4070
1636101103242,-1.1367,8.5625,-1.7021,0.1990,0.4294,-0.3293
1636101103247,-1.3496,8.1875,-1.4766,0.1500,0.4753,-0.2771
1636101103255,-1.1348,8.1172,-1.4844,0.1616,0.4541,-0.2676
1636101103260,-0.9023,8.3594,-1.6367,0.2085,0.4700,-0.2603
1636101103285,-0.8091,8.6328,-1.8027,0.2627,0.5122,-0.2145
1636101103291,-0.5601,8.7266,-1.9121,0.3403,0.5669,-0.1464
1636101103296,-0.6436,8.6641,-1.9678,0.4160,0.6465,-0.0836
1636101103306,-0.6343,8.5859,-2.0605,0.4958,0.7095,-0.0421
1636101103316,-0.5337,8.4219,-2.2070,0.5742,0.7837,-0.0027
1636101103325,-0.3398,8.3594,-2.2734,0.6362,0.8804,0.0345
1636101103330,-0.1866,8.4609,-2.3125,0.6797,0.9902,0.0771
1636101103355,-0.1938,8.5781,-2.3281,0.7041,1.1064,0.1558
1636101103362,-0.1077,8.5469,-2.3984,0.7285,1.2041,0.2537
1636101103370,0.0646,8.4297,-2.5586,0.7754,1.2930,0.3472
1636101103376,0.2369,8.3125,-2.8457,0.8584,1.3818,0.4324
1636101103381,0.5361,8.2500,-3.1660,0.9863,1.4756,0.5176
1636101103406,0.8618,8.2813,-3.6406,1.1445,1.5781,0.6177
1636101103410,1.1797,8.4922,-4.0664,1.3232,1.7080,0.7305
1636101103415,1.4141,8.8750,-4.3906,1.5244,1.8418,0.8633
1636101103425,1.4004,9.2109,-4.8750,1.6943,1.9443,0.9653
1636101103430,1.4072,9.4688,-5.2500,1.8164,2.0098,1.0381
1636101103456,1.5654,9.7969,-5.5938,1.9209,2.0195,1.1270
1636101103460,1.9482,10.1797,-6.5703,2.0137,1.9502,1.2373
1636101103465,2.6152,10.5469,-6.8203,2.1582,1.9434,1.2949
1636101103476,3.1719,11.0313,-6.1250,2.3906,1.9570,1.2939
1636101103480,3.2266,11.6328,-5.6641,2.6133,1.8711,1.1953
1636101103506,3.2031,13.4375,-5.5391,2.2676,1.7354,0.6421
1636101103511,2.5664,15.3828,-5.2305,1.4141,1.5352,-0.0517
1636101103515,1.5674,12.0000,-4.5430,1.2891,1.0654,0.3398
1636101103526,1.0361,8.1719,-4.3906,1.3311,0.6328,0.6333
1636101103531,1.8477,8.8906,-5.4531,1.0420,0.1635,0.0473
1636101103556,2.7676,10.5313,-5.4844,0.9585,-0.2238,-0.3953
1636101103561,2.6426,10.8047,-5.1484,0.6543,-0.3972,-0.4146
1636101103565,2.1074,10.6953,-5.2305,-0.0798,-0.5259,-0.3911
1636101103576,2.1855,10.4609,-5.4570,-0.8726,-0.6802,-0.4858
1636101103581,2.3398,10.0703,-5.5195,-1.5195,-0.7505,-0.5952
1636101103606,2.1563,9.2578,-5.5273,-1.9590,-0.7310,-0.6113
1636101103611,1.9199,8.7109,-5.4297,-2.0762,-0.7661,-0.5493
1636101103615,1.5195,8.3984,-5.1523,-1.9980,-0.8472,-0.5186
1636101103626,1.3525,8.2344,-4.7305,-2.0703,-0.8237,-0.6025
1636101103631,1.2256,8.3359,-4.5273,-2.1641,-0.8027,-0.5625
1636101103657,0.8496,7.9844,-4.0898,-2.0605,-0.7822,-0.4624
1636101103671,0.4165,7.7930,-3.7031,-1.9443,-0.7451,-0.4539
1636101103677,0.1724,7.8828,-3.5488,-1.8682,-0.7100,-0.4539
1636101103684,0.0239,7.7656,-3.4082,-1.7490,-0.6768,-0.3975
1636101103689,-0.1197,7.6133,-3.3457,-1.6318,-0.6250,-0.3230
1636101103697,-0.2441,7.5469,-3.1602,-1.4893,-0.5376,-0.2517
1636101103702,-0.3972,7.5781,-3.0352,-1.3086,-0.4387,-0.1868
1636101103727,-0.5410,7.4883,-3.1133,-1.1035,-0.3525,-0.0953
1636101103732,-0.6582,7.2656,-3.0195,-0.8638,-0.2566,0.0090
1636101103736,-0.7515,7.1719,-2.9180,-0.6343,-0.1610,0.0909
1636101103747,-0.8423,7.2578,-2.7422,-0.3926,-0.0652,0.1622
1636101103752,-0.9360,7.4688,-2.5313,-0.1724,0.0242,0.2250
1636101103779,-0.9072,7.9102,-2.4922,-0.0149,0.1008,0.2642
1636101103785,-0.7754,8.6406,-2.5977,0.0978,0.1476,0.3025
1636101103792,-0.3782,9.5156,-2.7578,0.1755,0.1848,0.3376
1636101103801,-0.0646,9.9844,-2.6055,0.2191,0.2433,0.3845
1636101103806,-0.0694,10.1641,-2.3359,0.1893,0.3284,0.4270
1636101103822,-0.2751,10.2422,-2.2285,0.1011,0.3901,0.4399
1636101103826,-0.4429,10.1250,-2.0938,-0.0021,0.3987,0.4292
1636101103838,-0.3638,10.1172,-2.1445,-0.1171,0.3689,0.3696
1636101103844,0.1412,10.5938,-2.3262,-0.2776,0.3401,0.2610
1636101103869,0.6846,10.9453,-2.4766,-0.4521,0.3220,0.2069
1636101103874,0.8760,10.6875,-2.6426,-0.5586,0.3337,0.2515
1636101103878,0.9121,10.2109,-2.8164,-0.5264,0.3594,0.2974
1636101103888,0.9146,9.7813,-2.6895,-0.3447,0.3645,0.3271
1636101103892,0.8950,9.6797,-2.8594,-0.1606,0.3540,0.3142
1636101103919,1.0820,9.6797,-3.0762,0.0202,0.3315,0.3091
1636101103924,1.4814,9.8594,-3.0508,0.2031,0.2944,0.3218
1636101103928,1.7207,10.2031,-3.1191,0.2798,0.2900,0.3123
1636101103941,1.8525,10.4453,-2.9219,0.1096,0.3262,0.3154
1636101103946,1.9551,10.3516,-2.8008,0.1096,0.3262,0.3154
1636101103959,1.7686,9.3281,-2.4297,-0.0532,0.2751,0.3281
1636101103964,1.9219,9.0078,-2.2949,-0.0798,0.2209,0.2473
1636101103989,1.9512,8.7109,-2.5000,-0.1107,0.2092,0.1005
1636101103994,1.9551,9.8594,-3.0430,-0.1777,0.1763,-0.1484
1636101103997,1.8672,9.2891,-2.6797,0.1521,0.0550,-0.0038
1636101104009,1.7041,8.6875,-2.6934,0.3840,-0.0142,0.1462
1636101104012,1.8457,9.5938,-3.3789,0.3682,-0.1279,-0.0197
1636101104039,2.1055,9.9609,-3.8613,0.4053,-0.2854,-0.1293
1636101104040,2.2715,9.3516,-4.0156,0.4905,-0.3652,-0.0772
1636101104041,2.1445,9.0156,-4.0859,0.5234,-0.3992,-0.0261
1636101104069,1.9150,9.4688,-4.1680,0.5522,-0.4590,-0.0878
1636101104070,1.9961,9.8906,-4.4609,0.5381,-0.5566,-0.1676
1636101104071,2.4023,11.0078,-4.4258,0.4084,-0.7026,-0.2517
1636101104100,2.6035,11.6328,-4.0820,-0.0256,-0.7002,-0.3645
1636101104102,2.2422,11.2344,-3.7344,-0.5044,-0.6948,-0.2549
1636101104104,1.9600,10.8672,-3.5371,-0.8320,-0.7778,-0.1985
1636101104130,1.9727,10.8047,-3.8770,-1.0352,-0.9526,-0.2517
1636101104132,2.3125,10.6563,-4.2539,-1.0986,-1.1064,-0.2654
1636101104134,2.7461,10.6875,-4.4805,-1.1113,-1.1172,-0.2336
1636101104161,2.7617,10.6719,-4.4531,-1.1426,-1.0439,-0.1581
1636101104162,2.5605,10.1953,-4.3047,-1.1543,-0.9868,-0.0889
1636101104164,2.3672,9.7188,-4.2148,-1.0947,-0.9600,-0.0857
1636101104190,2.2598,9.5313,-4.1094,-0.9321,-0.9580,-0.1495
1636101104192,2.2754,9.8906,-4.0195,-0.6987,-0.9854,-0.2389
1636101104194,2.4414,10.6953,-3.9238,-0.5435,-0.9780,-0.3687
1636101104220,2.2559,11.2344,-3.8672,-0.4990,-0.9248,-0.4133
1636101104222,2.0645,11.2422,-3.8516,-0.4500,-0.9141,-0.3879
1636101104224,1.8408,11.1172,-3.8535,-0.3682,-0.9155,-0.3953
1636101104251,1.6563,11.0156,-3.8281,-0.2734,-0.9346,-0.4241
1636101104252,1.6104,10.8047,-3.7148,-0.1947,-0.9673,-0.4304
1636101104254,1.6250,10.7031,-3.5996,-0.1478,-0.9917,-0.4561
1636101104281,1.5195,10.6641,-3.5020,-0.1171,-1.0098,-0.4783
1636101104282,1.3359,10.5703,-3.3008,-0.0883,-1.0332,-0.4805
1636101104284,0.9287,10.3438,-3.0762,-0.0745,-1.0713,-0.4719
1636101104311,0.7539,10.2344,-3.0762,-0.0713,-1.1592,-0.4773
1636101104313,0.8950,10.0703,-3.1875,-0.0756,-1.2197,-0.4592
1636101104314,0.7422,9.6406,-3.2090,-0.0777,-1.2334,-0.3867
1636101104341,0.5693,9.2344,-3.1641,-0.0490,-1.2539,-0.3198
1636101104343,0.4429,8.9063,-3.1641,0.0223,-1.2871,-0.2568
1636101104344,0.3901,8.7422,-3.1035,0.1160,-1.3174,-0.1879
1636101104373,0.2727,8.5078,-2.9180,0.2042,-1.3184,-0.1070
1636101104375,0.1915,8.2813,-2.6934,0.2754,-1.3145,-0.0176
1636101104377,0.1053,8.1328,-2.4785,0.3276,-1.3066,0.0622
1636101104402,0.0120,8.0000,-2.2227,0.3831,-1.2979,0.1366
1636101104403,0.0000,8.0234,-2.0938,0.4563,-1.3008,0.2079
1636101104405,0.0215,8.0938,-2.0898,0.5522,-1.3027,0.2876
1636101104433,0.1555,8.1953,-2.0820,0.6553,-1.2832,0.3750
1636101104435,0.1221,8.2500,-2.0078,0.7598,-1.2236,0.4771
1636101104437,-0.0311,8.2656,-1.8984,0.8599,-1.1543,0.5845
1636101104461,-0.0120,8.2266,-1.8740,0.9512,-1.0840,0.6890
1636101104462,0.0144,8.0000,-1.7500,1.0156,-0.9751,0.8091
1636101104463,-0.0191,7.8555,-1.6416,1.0615,-0.8374,0.9136
1636101104495,0.2656,8.0859,-1.7041,1.1182,-0.6812,0.9805
1636101104496,0.6006,8.5547,-1.9199,1.1387,-0.4609,1.0469
1636101104497,0.7778,9.1484,-2.0215,1.0645,-0.1759,1.1523
1636101104522,0.6655,9.4844,-1.8428,0.9194,0.1603,1.3271
1636101104524,0.2944,9.7344,-1.5195,0.7949,0.4741,1.5146
1636101104526,-0.0551,10.0547,-1.2705,0.7212,0.7017,1.6465
1636101104552,-0.2705,10.2344,-1.1299,0.6636,0.8252,1.7646
1636101104554,-0.2871,10.3203,-1.2871,0.6011,0.8550,1.8408
1636101104556,-0.2656,10.1016,-1.5654,0.5264,0.8901,1.8486
1636101104583,0.1963,10.5938,-1.6084,0.4297,0.8945,1.6387
1636101104584,0.8472,12.9766,-2.5098,-0.0575,0.8179,1.0059
1636101104586,0.5435,14.6250,-2.5664,-0.6606,0.9272,0.4717
1636101104613,0.1580,13.2031,-2.3828,-0.7056,0.8594,0.7217
1636101104614,-0.0048,11.3984,-2.8477,-0.4670,0.6807,0.8472
1636101104616,0.5024,11.3828,-3.0898,-0.1171,0.4912,0.3953
1636101104643,0.8711,11.8359,-2.8711,0.3552,0.3274,0.0654
1636101104645,0.6294,12.2813,-2.9180,0.5786,0.2593,-0.0485
1636101104646,0.4045,13.0938,-3.2363,0.5371,0.1794,-0.1740
1636101104673,0.4260,13.6797,-3.1465,0.3650,0.0050,-0.3101
1636101104675,0.5146,13.6172,-2.5996,0.0617,-0.1439,-0.3931
1636101104676,0.3589,12.9453,-2.3672,-0.3438,-0.2632,-0.3921
1636101104703,0.0862,11.6094,-2.3359,-0.7222,-0.3865,-0.3740
1636101104705,0.3088,10.1250,-2.7109,-0.9575,-0.5322,-0.4209
1636101104706,0.8594,9.0859,-3.3965,-0.7715,-0.7568,-0.4709
1636101104733,1.0840,9.1172,-3.7402,-0.7510,-0.6523,-0.6196
1636101104735,1.0244,9.5391,-3.3555,-0.7798,-0.5586,-0.6738
1636101104736,0.6558,9.2656,-3.1602,-0.7173,-0.5161,-0.5557
1636101104764,0.3159,8.6328,-3.0195,-0.5522,-0.5044,-0.4612
1636101104766,0.4788,8.3438,-2.8672,-0.3555,-0.5015,-0.4146
1636101104767,0.6655,8.5000,-2.8359,-0.1904,-0.4578,-0.3813
1636101104793,0.5239,8.3594,-2.9199,-0.0809,-0.3694,-0.3367
1636101104795,0.3638,7.8906,-2.9004,0.0266,-0.2737,-0.2559
1636101104797,0.2417,7.3828,-3.0117,0.2256,-0.1886,-0.1676
1636101104823,0.2297,7.2031,-2.8340,0.4958,-0.0929,-0.1187
1636101104825,0.2106,7.3320,-2.6680,0.7021,0.0188,-0.0708
1636101104827,0.0215,7.3672,-2.7012,0.8311,0.1252,-0.0027
1636101104853,-0.0837,7.3008,-2.7070,0.9351,0.2157,0.0569
1636101104855,0.0024,7.3945,-2.7461,1.0010,0.2944,0.0867
1636101104857,0.0455,7.6875,-2.9316,1.0371,0.3604,0.1334
1636101104883,0.0239,8.2266,-3.1680,1.0244,0.4338,0.1738
1636101104887,0.1436,8.6875,-3.3340,0.9907,0.4839,0.2186
1636101104890,0.2871,8.7031,-3.2715,0.9639,0.5093,0.3123
1636101104914,0.2394,8.5781,-3.1719,0.9385,0.5229,0.3738
1636101104915,0.0958,8.6797,-3.1113,0.8491,0.5293,0.3538
1636101104918,0.1173,8.9922,-3.1934,0.7129,0.4956,0.3335
1636101104945,0.5479,9.8359,-3.5176,0.5840,0.4072,0.2908
1636101104947,0.9404,10.3594,-3.6523,0.4968,0.3477,0.2610
1636101104949,0.7612,9.9922,-3.3652,0.4746,0.3464,0.3420
1636101104973,0.3374,9.9531,-3.6699,0.3691,0.3018,0.2537
1636101104974,0.4404,10.3438,-3.9512,0.2223,0.1837,0.0228
1636101104975,0.7275,10.2266,-4.0625,0.2148,0.0422,0.0122
1636101105003,0.6919,9.6172,-4.0430,0.2148,0.0199,0.0643
1636101105004,0.4954,9.4141,-3.9238,0.1107,0.0135,0.0367
1636101105005,0.5693,10.0625,-3.7793,0.0234,-0.0854,-0.0527
1636101105034,1.0215,10.4766,-3.7051,-0.0500,-0.1780,-0.1166
1636101105036,1.3496,10.5156,-3.8457,-0.1852,-0.1908,-0.1250
1636101105037,0.9741,10.0391,-4.0859,-0.2681,-0.1897,-0.0059
1636101105064,0.5576,9.7813,-4.2500,-0.2245,-0.2556,0.0303
1636101105066,0.8594,9.8750,-4.1133,-0.2181,-0.3481,-0.1793
1636101105068,1.1348,10.1016,-4.4336,-0.3362,-0.4280,-0.2729
1636101105094,1.1563,10.6719,-4.6758,-0.4553,-0.4983,-0.3132
1636101105096,1.7500,11.1953,-4.8086,-0.6108,-0.5801,-0.3953
1636101105098,2.1289,11.4141,-4.9766,-0.7861,-0.6089,-0.3645
1636101105124,1.8428,11.5234,-4.8984,-0.9087,-0.5884,-0.3059
1636101105126,1.5488,11.5234,-4.7500,-1.0195,-0.6289,-0.2739
1636101105128,1.5293,11.4375,-4.8672,-1.1455,-0.7207,-0.2378
1636101105154,1.8330,11.3594,-5.0781,-1.2383,-0.8130,-0.2272
1636101105156,1.9551,11.4766,-5.0469,-1.3535,-0.8247,-0.2676
1636101105158,1.6201,11.4766,-4.8516,-1.5674,-0.8154,-0.3101
1636101105185,1.5820,11.1484,-4.7227,-1.7090,-0.8813,-0.3132
1636101105186,1.7764,10.8828,-4.6602,-1.7002,-0.9609,-0.3560
1636101105188,1.5273,10.7734,-4.5313,-1.6504,-0.9897,-0.4155
1636101105215,1.1514,10.5938,-4.5664,-1.5928,-1.0225,-0.4548
1636101105216,0.9600,10.1406,-4.6641,-1.4756,-1.0547,-0.4517
1636101105218,0.8857,9.8359,-4.6914,-1.2881,-1.0674,-0.4580
1636101105245,0.7637,9.7813,-4.5547,-1.0713,-1.0518,-0.4634
1636101105247,0.7275,9.7578,-4.3555,-0.8862,-1.0459,-0.4612
1636101105248,0.7109,9.6875,-4.2031,-0.7690,-1.0410,-0.4858
1636101105275,0.6079,9.6797,-4.0234,-0.6660,-1.0303,-0.5015
1636101105277,0.6484,9.7031,-3.9102,-0.5327,-1.0234,-0.5166
1636101105278,0.5527,9.5469,-3.7754,-0.4053,-0.9917,-0.4976
1636101105305,0.3208,9.2656,-3.5391,-0.2788,-0.9570,-0.4688
1636101105307,0.2944,9.1719,-3.4375,-0.1415,-0.9619,-0.4741
1636101105308,0.3398,9.2109,-3.4141,-0.0085,-0.9570,-0.4678
1636101105335,0.1053,9.1250,-3.2031,0.0872,-0.9102,-0.4263
1636101105337,-0.0359,9.1250,-3.0449,0.1841,-0.9004,-0.4016
1636101105339,0.0574,9.1563,-3.0664,0.2937,-0.9229,-0.3718
1636101105367,-0.0096,8.9766,-3.1035,0.3691,-0.9175,-0.3069
1636101105369,-0.0766,8.7031,-3.0918,0.4373,-0.8921,-0.2336
1636101105371,-0.1532,8.5078,-2.9590,0.5288,-0.8481,-0.1516
1636101105396,-0.1938,8.3672,-2.8027,0.6309,-0.8120,-0.0698
1636101105399,-0.2346,8.2031,-2.6719,0.6968,-0.7676,0.0207
1636101105400,-0.2871,7.9961,-2.5703,0.7383,-0.7236,0.1122
1636101105424,-0.3230,7.8164,-2.4922,0.7925,-0.7026,0.1941
1636101105425,-0.3135,7.7109,-2.4141,0.8481,-0.6782,0.2590
1636101105426,-0.3110,7.8125,-2.2754,0.8945,-0.6523,0.3123
1636101105454,-0.2776,8.0000,-2.2207,0.9297,-0.6470,0.3674
1636101105455,-0.1891,8.1328,-2.2422,0.9395,-0.6460,0.4419
1636101105456,0.0191,8.4297,-2.2773,0.9331,-0.6333,0.5176
1636101105484,0.2155,8.9063,-2.2637,0.9097,-0.5874,0.5952
1636101105486,0.2656,9.3125,-2.2129,0.8662,-0.5205,0.6826
1636101105487,0.1963,9.5781,-2.0430,0.7949,-0.4568,0.7603
