1624947154057,-3.7413,-4.6906,7.6765,-0.2314,0.0343,-0.0229
1624947154058,-3.7724,-4.7409,7.7291,-0.2143,0.0367,-0.0351
1624947154063,-3.8442,-4.8485,7.7124,-0.1373,0.0245,-0.0388
1624947154081,-3.8801,-4.8509,7.6669,-0.0175,0.0086,-0.0425
1624947154099,-3.8753,-4.7361,7.6406,0.1022,-0.0048,-0.0400
1624947154124,-3.8347,-4.5829,7.6573,0.1718,-0.0073,-0.0217
1624947154126,-3.8155,-4.4753,7.6813,0.1754,-0.0024,-0.0168
1624947154127,-3.8658,-4.4561,7.6645,0.1681,-0.0011,-0.0205
1624947154128,-3.8897,-4.5135,7.6526,0.1999,-0.0048,-0.0083
1624947154129,-3.8538,-4.4298,7.5808,0.2219,-0.0048,0.0259
1624947154139,-3.7724,-4.3604,7.5592,0.1791,0.0074,0.0626
1624947154148,-3.6720,-4.4035,7.5305,0.0655,0.0245,0.0699
1624947154156,-3.6743,-4.4370,7.5281,-0.0554,0.0355,0.0198
1624947154167,-3.8060,-4.7074,7.5066,-0.0945,0.0392,-0.0046
1624947154181,-3.7892,-4.6954,7.5233,-0.1031,0.0318,-0.0229
1624947154185,-3.8658,-4.7193,7.5233,-0.0603,0.0221,-0.0180
1624947154196,-3.8203,-5.0161,7.5090,0.0655,0.0001,-0.0034
1624947154204,-3.7581,-4.7911,7.4229,0.1180,-0.0109,-0.0058
1624947154216,-3.7437,-4.4753,7.4157,0.0802,-0.0011,-0.0046
1624947154225,-3.7844,-4.6523,7.4587,0.0472,0.0111,0.0089
1624947154233,-3.7820,-4.8366,7.4252,0.0496,0.0123,0.0101
1624947154245,-3.7461,-4.6978,7.3894,0.0423,0.0099,0.0015
1624947154253,-3.7485,-4.5710,7.3965,0.0191,0.0147,0.0064
1624947154263,-3.7653,-4.6978,7.4061,0.0093,0.0184,0.0150
1624947154272,-3.7533,-4.8438,7.4061,0.0142,0.0172,0.0137
1624947154282,-3.7390,-4.7026,7.3630,0.0044,0.0184,0.0076
1624947154292,-3.7318,-4.6021,7.3846,-0.0017,0.0221,0.0125
1624947154301,-3.7796,-4.6906,7.3846,0.0056,0.0172,0.0174
1624947154313,-3.7557,-4.6978,7.3582,0.0105,0.0111,0.0137
1624947154320,-3.7366,-4.6021,7.3702,-0.0054,0.0086,0.0113
1624947154329,-3.7294,-4.5853,7.4037,-0.0188,0.0062,0.0101
1624947154339,-3.7892,-4.7050,7.4276,-0.0151,0.0013,0.0125
1624947154349,-3.7485,-4.7169,7.4372,-0.0127,-0.0036,0.0125
1624947154358,-3.7581,-4.6188,7.4540,-0.0175,-0.0060,0.0113
1624947154368,-3.7390,-4.5877,7.4611,-0.0163,-0.0097,0.0125
1624947154384,-3.7437,-4.6404,7.4659,-0.0127,-0.0146,0.0125
1624947154387,-3.7413,-4.6141,7.4563,-0.0188,-0.0182,0.0101
1624947154399,-3.7270,-4.5829,7.4707,-0.0285,-0.0170,0.0076
1624947154407,-3.7605,-4.5973,7.4994,-0.0359,-0.0195,0.0052
1624947154417,-3.7868,-4.6858,7.5257,-0.0273,-0.0207,0.0015
1624947154427,-3.7724,-4.6643,7.5210,-0.0188,-0.0219,-0.0009
1624947154436,-3.7653,-4.6212,7.5090,-0.0163,-0.0231,0.0003
1624947154445,-3.7533,-4.6571,7.5233,-0.0139,-0.0219,0.0015
1624947154454,-3.7677,-4.6236,7.5018,-0.0163,-0.0219,-0.0009
1624947154463,-3.7653,-4.5806,7.4851,-0.0237,-0.0231,-0.0022
1624947154476,-3.7533,-4.5614,7.4827,-0.0347,-0.0195,0.0003
1624947154484,-3.7653,-4.5925,7.4827,-0.0457,-0.0195,0.0015
1624947154494,-3.7796,-4.6523,7.4587,-0.0444,-0.0231,0.0027
1624947154503,-3.7820,-4.6523,7.4827,-0.0457,-0.0231,0.0027
1624947154513,-3.7892,-4.6691,7.4922,-0.0518,-0.0219,0.0027
1624947154523,-3.7796,-4.6715,7.4827,-0.0359,-0.0231,0.0003
1624947154533,-3.7605,-4.6476,7.4372,-0.0334,-0.0280,0.0015
1624947154543,-3.7629,-4.5734,7.4157,-0.0322,-0.0256,-0.0034
1624947154552,-3.7557,-4.5901,7.4205,-0.0469,-0.0256,-0.0083
1624947154561,-3.7461,-4.6643,7.4037,-0.0518,-0.0243,-0.0107
1624947154571,-3.7437,-4.7433,7.3870,-0.0591,-0.0219,-0.0119
1624947154581,-3.7318,-4.7457,7.3439,-0.0811,-0.0219,-0.0144
1624947154591,-3.7509,-4.7672,7.3439,-0.0664,-0.0219,-0.0132
1624947154600,-3.7342,-4.7720,7.2865,-0.0615,-0.0231,-0.0119
1624947154610,-3.7437,-4.7576,7.2721,-0.0701,-0.0256,-0.0119
1624947154619,-3.7461,-4.7480,7.2601,-0.0872,-0.0243,-0.0144
1624947154628,-3.7509,-4.7816,7.2601,-0.1080,-0.0134,-0.0168
1624947154639,-3.7796,-4.8246,7.2075,-0.1202,-0.0048,-0.0168
1624947154649,-3.7701,-4.8198,7.1931,-0.1361,0.0037,-0.0193
1624947154658,-3.8012,-4.8414,7.1740,-0.1409,0.0184,-0.0254
1624947154668,-3.8060,-4.9060,7.1285,-0.1581,0.0343,-0.0278
1624947154677,-3.8227,-4.9347,7.0735,-0.1752,0.0538,-0.0302
1624947154687,-3.8275,-4.9467,7.0113,-0.1935,0.0722,-0.0388
1624947154697,-3.8227,-4.9084,6.9084,-0.2204,0.0856,-0.0437
1624947154706,-3.8155,-4.9084,6.9251,-0.2521,0.1003,-0.0498
1624947154716,-3.9423,-4.9586,6.9323,-0.2766,0.1222,-0.0510
1624947154725,-3.9232,-5.0208,6.9491,-0.2912,0.1284,-0.0474
1624947154735,-3.9304,-5.1237,6.9778,-0.2986,0.1332,-0.0449
1624947154744,-3.9567,-5.1740,6.9969,-0.3169,0.1394,-0.0388
1624947154754,-3.9998,-5.2410,7.0448,-0.3266,0.1406,-0.0241
1624947154762,-3.9854,-5.1668,7.0304,-0.3389,0.1381,-0.0107
1624947154771,-3.9782,-5.1453,7.0017,-0.3413,0.1369,-0.0095
1624947154782,-3.9687,-5.1572,7.0065,-0.3560,0.1369,-0.0034
1624947154791,-3.9376,-5.1381,6.9586,-0.3780,0.1332,0.0015
1624947154800,-3.9615,-5.1476,7.0017,-0.3999,0.1308,0.0015
1624947154810,-3.9926,-5.1500,6.9826,-0.4073,0.1198,0.0064
1624947154822,-4.0093,-5.1764,6.9802,-0.4073,0.0978,0.0223
1624947154831,-3.9926,-5.2075,7.0017,-0.4097,0.0746,0.0345
1624947154841,-4.0165,-5.2314,6.9921,-0.4012,0.0502,0.0406
1624947154850,-3.9902,-5.2386,7.0065,-0.3926,0.0233,0.0467
1624947154859,-3.9806,-5.2434,7.0089,-0.3877,-0.0036,0.0528
1624947154869,-3.9399,-5.2697,7.0233,-0.3889,-0.0305,0.0565
1624947154880,-3.9280,-5.2146,7.0328,-0.3877,-0.0549,0.0601
1624947154886,-3.9112,-5.1070,7.0209,-0.3731,-0.0806,0.0638
1624947154896,-3.8993,-5.1357,6.9754,-0.3474,-0.1062,0.0650
1624947154906,-3.8586,-5.2027,6.9108,-0.3364,-0.1294,0.0711
1624947154916,-3.8634,-5.2314,6.9036,-0.3462,-0.1587,0.0773
1624947154927,-3.8586,-5.2458,6.8031,-0.3645,-0.1856,0.0773
1624947154936,-3.8418,-5.3223,6.8558,-0.3743,-0.2064,0.0724
1624947154946,-3.7940,-5.3702,6.8916,-0.3731,-0.2259,0.0699
1624947154954,-3.7844,-5.3893,6.8510,-0.3621,-0.2467,0.0601
1624947154965,-3.7270,-5.3630,6.8916,-0.3425,-0.2601,0.0516
1624947154975,-3.7342,-5.1955,6.8199,-0.3071,-0.2736,0.0443
1624947154985,-3.6911,-5.0902,6.7505,-0.2717,-0.2834,0.0247
1624947154994,-3.6456,-5.0639,6.6643,-0.2570,-0.2919,0.0125
1624947155004,-3.5284,-5.0495,6.6978,-0.2558,-0.2968,0.0052
1624947155013,-3.5069,-5.1189,6.7457,-0.2680,-0.2919,-0.0168
1624947155023,-3.5236,-5.2529,6.7409,-0.2998,-0.2858,-0.0351
1624947155032,-3.4853,-5.5042,6.7768,-0.3181,-0.2834,-0.0461
1624947155042,-3.4877,-5.7219,6.8246,-0.3083,-0.2785,-0.0583
1624947155052,-3.4877,-5.7794,6.8725,-0.2863,-0.2809,-0.0693
1624947155059,-3.4518,-5.7674,6.9012,-0.2472,-0.2834,-0.0816
1624947155071,-3.3848,-5.7818,6.8821,-0.2069,-0.2797,-0.1011
1624947155079,-3.3202,-5.7722,6.7720,-0.1923,-0.2772,-0.1182
1624947155088,-3.2125,-5.7482,6.7888,-0.2081,-0.2662,-0.1304
1624947155098,-3.1910,-5.8296,6.7935,-0.2265,-0.2491,-0.1475
1624947155108,-3.1599,-5.9038,6.8773,-0.2497,-0.2357,-0.1597
1624947155120,-3.1718,-5.8655,6.8486,-0.2802,-0.2235,-0.1671
1624947155129,-3.1647,-5.8703,6.7840,-0.2961,-0.2052,-0.1707
1624947155138,-3.1647,-5.9516,6.7935,-0.2986,-0.1893,-0.1707
1624947155148,-3.1168,-5.9660,6.7026,-0.3022,-0.1844,-0.1707
1624947155158,-3.1001,-5.9899,6.7026,-0.3254,-0.1710,-0.1756
1624947155167,-3.0833,-6.1048,6.7744,-0.3560,-0.1514,-0.1707
1624947155177,-3.1001,-6.1790,6.7600,-0.3829,-0.1343,-0.1646
1624947155186,-3.0618,-6.2507,6.6715,-0.4061,-0.1282,-0.1622
1624947155196,-3.0020,-6.2005,6.5303,-0.4036,-0.1233,-0.1659
1624947155206,-2.9302,-6.2125,6.4992,-0.3963,-0.1135,-0.1732
1624947155215,-2.8680,-6.2268,6.4227,-0.4061,-0.1062,-0.1854
1624947155225,-2.7962,-6.1814,6.3652,-0.4244,-0.0989,-0.1952
1624947155234,-2.7340,-6.1263,6.3509,-0.4403,-0.0806,-0.2086
1624947155244,-2.6454,-6.0593,6.3054,-0.4757,-0.0610,-0.2355
1624947155254,-2.6143,-6.1167,6.3078,-0.5001,-0.0341,-0.2697
1624947155263,-2.5258,-6.1957,6.2599,-0.5405,-0.0036,-0.3039
1624947155273,-2.4851,-6.3249,6.1355,-0.5808,0.0257,-0.3393
1624947155282,-2.4444,-6.4182,6.0565,-0.6113,0.0514,-0.3809
1624947155292,-2.4301,-6.4828,5.9010,-0.6284,0.0685,-0.4200
1624947155302,-2.3894,-6.5211,5.8029,-0.6528,0.0844,-0.4603
1624947155311,-2.3966,-6.6049,5.7694,-0.6675,0.1015,-0.5055
1624947155319,-2.3870,-6.5714,5.7479,-0.6858,0.1113,-0.5446
1624947155331,-2.3942,-6.5379,5.6665,-0.7054,0.1174,-0.5764
1624947155340,-2.3272,-6.6503,5.6258,-0.7237,0.1210,-0.6045
1624947155348,-2.3272,-6.7054,5.6498,-0.7262,0.1259,-0.6350
1624947155359,-2.3703,-6.6408,5.6713,-0.7420,0.1284,-0.6680
1624947155369,-2.4181,-6.7078,5.6809,-0.7445,0.1308,-0.7010
1624947155378,-2.4301,-6.9447,5.7287,-0.7469,0.1369,-0.7156
1624947155389,-2.4827,-7.0954,5.7455,-0.7689,0.1332,-0.7278
1624947155400,-2.5521,-7.2342,5.7574,-0.7726,0.1332,-0.7364
1624947155409,-2.6406,-7.3802,5.7933,-0.7469,0.1247,-0.7425
1624947155415,-2.6550,-7.4448,5.7957,-0.6981,0.1113,-0.7437
1624947155424,-2.6335,-7.3993,5.7742,-0.6333,0.0941,-0.7388
1624947155434,-2.6454,-7.4543,5.7909,-0.5661,0.0795,-0.7278
1624947155446,-2.6694,-7.6051,5.8436,-0.5209,0.0612,-0.7108
1624947155455,-2.6502,-7.7104,5.9106,-0.5063,0.0404,-0.6875
1624947155463,-2.6718,-7.6745,5.9800,-0.5001,0.0233,-0.6717
1624947155474,-2.7052,-7.7415,6.0039,-0.4904,0.0025,-0.6460
1624947155484,-2.6933,-7.8946,6.0565,-0.4537,-0.0182,-0.6081
1624947155494,-2.6885,-8.0645,6.1499,-0.4122,-0.0366,-0.5617
1624947155504,-2.6933,-8.0717,6.1858,-0.3633,-0.0634,-0.5202
1624947155513,-2.6718,-8.1004,6.1738,-0.3144,-0.0928,-0.4749
1624947155523,-2.6765,-8.1435,6.2097,-0.2839,-0.1123,-0.4298
1624947155531,-2.6909,-8.2224,6.2456,-0.2546,-0.1343,-0.3809
1624947155542,-2.6430,-8.2727,6.2384,-0.2350,-0.1502,-0.3259
1624947155551,-2.6359,-8.2894,6.2504,-0.1935,-0.1661,-0.2685
1624947155559,-2.5784,-8.2751,6.2384,-0.1361,-0.1832,-0.2135
1624947155569,-2.5210,-8.1674,6.1882,-0.0835,-0.2003,-0.1622
1624947155580,-2.4588,-8.0621,6.1355,-0.0371,-0.2101,-0.1121
1624947155590,-2.3679,-7.9712,6.0924,0.0008,-0.2161,-0.0730
1624947155600,-2.2674,-7.9209,6.0207,0.0276,-0.2137,-0.0388
1624947155609,-2.2076,-7.8252,5.9393,0.0386,-0.2064,-0.0107
1624947155618,-2.1334,-7.7487,5.8675,0.0496,-0.1942,0.0052
1624947155628,-2.0640,-7.6840,5.8077,0.0631,-0.1746,0.0186
1624947155638,-2.0472,-7.6266,5.7144,0.0679,-0.1538,0.0247
1624947155648,-2.0209,-7.5596,5.6593,0.0728,-0.1355,0.0235
1624947155657,-2.0209,-7.5429,5.5947,0.0826,-0.1135,0.0174
1624947155667,-2.0233,-7.5500,5.5517,0.0924,-0.0915,0.0101
1624947155676,-2.0448,-7.5572,5.5301,0.1070,-0.0720,0.0027
1624947155686,-2.0616,-7.5548,5.5588,0.1303,-0.0512,-0.0070
1624947155696,-2.0544,-7.5883,5.5158,0.1694,-0.0280,-0.0144
1624947155705,-2.0065,-7.6649,5.4583,0.1950,-0.0060,-0.0193
1624947155715,-2.0161,-7.6721,5.4416,0.2146,0.0135,-0.0278
1624947155722,-1.9802,-7.6625,5.4057,0.2268,0.0318,-0.0388
1624947155732,-1.9467,-7.6553,5.3531,0.2219,0.0490,-0.0425
1624947155741,-1.9395,-7.6817,5.3243,0.2158,0.0673,-0.0461
1624947155751,-1.9013,-7.7080,5.2932,0.2048,0.0856,-0.0498
1624947155764,-1.9108,-7.7199,5.2980,0.1852,0.0966,-0.0486
1624947155773,-1.9061,-7.8133,5.2956,0.1645,0.1064,-0.0461
1624947155782,-1.9611,-7.9018,5.2789,0.1547,0.1149,-0.0412
1624947155792,-1.9515,-7.9042,5.2621,0.1437,0.1174,-0.0315
1624947155801,-1.9731,-7.8802,5.2095,0.1425,0.1149,-0.0290
1624947155811,-1.9563,-7.8587,5.1449,0.1486,0.1051,-0.0217
1624947155821,-1.9778,-7.8468,5.0803,0.1437,0.0966,-0.0132
1624947155830,-1.9946,-7.8204,5.0587,0.1266,0.0868,-0.0070
1624947155840,-2.0113,-7.8802,5.0659,0.1034,0.0734,-0.0009
1624947155849,-2.0592,-7.8826,5.0420,0.0826,0.0587,0.0089
1624947155858,-2.0688,-7.8515,5.0348,0.0716,0.0428,0.0174
1624947155868,-2.0831,-7.8611,5.0037,0.0728,0.0221,0.0223
1624947155880,-2.1070,-7.8420,5.0037,0.0716,-0.0011,0.0308
1624947155886,-2.1190,-7.8515,4.9989,0.0569,-0.0195,0.0406
1624947155900,-2.1382,-7.8468,5.0157,0.0435,-0.0402,0.0504
1624947155905,-2.1405,-7.8492,5.0300,0.0313,-0.0598,0.0577
1624947155915,-2.1645,-7.9162,5.0970,0.0289,-0.0769,0.0675
1624947155926,-2.1621,-7.9449,5.1281,0.0240,-0.0928,0.0785
1624947155935,-2.1597,-7.9496,5.1712,0.0399,-0.1086,0.0882
1624947155945,-2.1477,-7.9401,5.2286,0.0472,-0.1160,0.0968
1624947155953,-2.1525,-7.9281,5.2406,0.0460,-0.1209,0.1078
1624947155964,-2.1070,-7.8946,5.2693,0.0386,-0.1221,0.1212
1624947155974,-2.0688,-7.9185,5.3411,0.0276,-0.1147,0.1334
1624947155984,-2.0329,-7.9329,5.4153,0.0252,-0.1013,0.1493
1624947155993,-2.0185,-7.9114,5.4631,0.0130,-0.0891,0.1664
1624947156003,-1.9946,-7.8324,5.4990,0.0118,-0.0683,0.1799
1624947156013,-1.9443,-7.7917,5.5253,-0.0005,-0.0427,0.1909
1624947156022,-1.9228,-7.7463,5.5469,-0.0212,-0.0121,0.1970
1624947156032,-1.8989,-7.7008,5.5253,-0.0396,0.0184,0.2019
1624947156047,-1.8845,-7.6505,5.5182,-0.0615,0.0514,0.2019
1624947156050,-1.8845,-7.6242,5.5349,-0.0799,0.0844,0.1970
1624947156071,-1.8821,-7.5835,5.5612,-0.0933,0.1174,0.1909
1624947156072,-1.8845,-7.5764,5.6019,-0.1006,0.1503,0.1811
1624947156081,-1.9037,-7.5213,5.6091,-0.0957,0.1797,0.1713
1624947156087,-1.8941,-7.4376,5.5995,-0.0872,0.2029,0.1567
1624947156098,-1.8965,-7.3586,5.5923,-0.0847,0.2298,0.1408
1624947156107,-1.9084,-7.3179,5.5564,-0.0945,0.2530,0.1261
1624947156121,-1.9132,-7.2844,5.5469,-0.1019,0.2713,0.1041
1624947156126,-1.9156,-7.2605,5.5134,-0.1031,0.2823,0.0809
1624947156136,-1.9084,-7.2749,5.4823,-0.1031,0.2908,0.0577
1624947156145,-1.9539,-7.2773,5.5014,-0.0957,0.2896,0.0333
1624947156160,-2.0042,-7.2940,5.5086,-0.0884,0.2860,0.0113
1624947156164,-2.0137,-7.3395,5.5277,-0.0738,0.2762,-0.0095
1624947156177,-2.0496,-7.3227,5.5086,-0.0542,0.2615,-0.0315
1624947156184,-2.0664,-7.3323,5.5277,-0.0298,0.2420,-0.0571
1624947156194,-2.0712,-7.3562,5.5684,-0.0017,0.2224,-0.0791
1624947156203,-2.0975,-7.3562,5.5541,0.0227,0.2004,-0.0987
1624947156212,-2.1142,-7.3538,5.5301,0.0472,0.1772,-0.1182
1624947156222,-2.1190,-7.3443,5.5062,0.0692,0.1528,-0.1365
1624947156232,-2.1310,-7.3419,5.5134,0.0814,0.1296,-0.1549
1624947156245,-2.1262,-7.3251,5.5206,0.0851,0.1100,-0.1695
1624947156251,-2.1597,-7.3706,5.5373,0.0912,0.0893,-0.1805
1624947156261,-2.1812,-7.3826,5.5086,0.1022,0.0685,-0.1842
1624947156270,-2.2123,-7.3993,5.4871,0.1156,0.0465,-0.1878
1624947156280,-2.2410,-7.4113,5.4799,0.1278,0.0245,-0.1964
1624947156292,-2.2578,-7.4352,5.4751,0.1425,0.0013,-0.2013
1624947156299,-2.2722,-7.4878,5.4847,0.1571,-0.0146,-0.2025
1624947156309,-2.3128,-7.5213,5.5086,0.1779,-0.0280,-0.2013
1624947156319,-2.3056,-7.4878,5.5038,0.1974,-0.0390,-0.1940
1624947156330,-2.3080,-7.5022,5.4990,0.2109,-0.0475,-0.1842
1624947156340,-2.3080,-7.5261,5.4775,0.2133,-0.0524,-0.1793
1624947156347,-2.3152,-7.5405,5.4512,0.2072,-0.0549,-0.1732
1624947156357,-2.2937,-7.5835,5.4607,0.1999,-0.0537,-0.1659
1624947156366,-2.3104,-7.6338,5.4751,0.1962,-0.0537,-0.1597
1624947156378,-2.3296,-7.6697,5.4799,0.1938,-0.0537,-0.1487
1624947156386,-2.3344,-7.6888,5.4895,0.1950,-0.0488,-0.1402
1624947156396,-2.3368,-7.7032,5.4918,0.2011,-0.0439,-0.1317
1624947156405,-2.3248,-7.7319,5.4823,0.2011,-0.0402,-0.1219
1624947156414,-2.3344,-7.7534,5.4918,0.2011,-0.0341,-0.1133
1624947156424,-2.3296,-7.7271,5.4655,0.1950,-0.0268,-0.1035
1624947156433,-2.3248,-7.7343,5.4775,0.1901,-0.0182,-0.0926
1624947156443,-2.3104,-7.7415,5.4655,0.1816,-0.0097,-0.0828
1624947156454,-2.3128,-7.7367,5.4488,0.1657,0.0013,-0.0706
1624947156463,-2.2985,-7.7343,5.4488,0.1535,0.0111,-0.0620
1624947156474,-2.3056,-7.7032,5.4177,0.1376,0.0196,-0.0498
1624947156484,-2.3320,-7.6912,5.3842,0.1217,0.0294,-0.0351
1624947156493,-2.3224,-7.6793,5.3650,0.1193,0.0343,-0.0241
1624947156503,-2.2961,-7.6649,5.3770,0.1022,0.0416,-0.0119
1624947156513,-2.3176,-7.6697,5.3794,0.0924,0.0465,-0.0009
1624947156522,-2.3033,-7.6458,5.4057,0.0961,0.0514,0.0113
1624947156532,-2.3056,-7.6218,5.3722,0.0875,0.0514,0.0247
1624947156541,-2.3104,-7.6147,5.3722,0.0851,0.0502,0.0369
1624947156549,-2.2913,-7.5883,5.3794,0.0789,0.0526,0.0467
1624947156560,-2.2698,-7.5596,5.3507,0.0655,0.0526,0.0565
1624947156570,-2.2698,-7.5429,5.3291,0.0569,0.0502,0.0638
1624947156578,-2.2674,-7.5524,5.3578,0.0521,0.0490,0.0736
1624947156589,-2.2195,-7.5668,5.3961,0.0411,0.0490,0.0895
1624947156599,-2.2076,-7.5500,5.3985,0.0386,0.0404,0.1017
1624947156609,-2.1836,-7.5046,5.3866,0.0386,0.0392,0.1102
1624947156618,-2.1501,-7.4663,5.4057,0.0264,0.0355,0.1212
1624947156628,-2.1334,-7.4280,5.4105,0.0118,0.0294,0.1298
1624947156637,-2.1238,-7.3945,5.4033,-0.0029,0.0294,0.1334
1624947156647,-2.0975,-7.4017,5.4249,-0.0237,0.0233,0.1408
1624947156657,-2.0759,-7.4256,5.4583,-0.0408,0.0184,0.1444
1624947156666,-2.0735,-7.4376,5.4871,-0.0432,0.0184,0.1493
1624947156676,-2.0712,-7.4424,5.5349,-0.0530,0.0147,0.1518
1624947156685,-2.0544,-7.4232,5.5732,-0.0530,0.0123,0.1530
1624947156695,-2.0329,-7.4184,5.5947,-0.0554,0.0123,0.1554
1624947156704,-2.0472,-7.3730,5.6043,-0.0676,0.0074,0.1554
1624947156714,-1.9970,-7.3419,5.6187,-0.0689,0.0037,0.1518
1624947156722,-2.0018,-7.2773,5.6617,-0.0738,0.0050,0.1469
1624947156731,-1.9922,-7.3156,5.7072,-0.0872,0.0050,0.1420
1624947156741,-1.9850,-7.2988,5.7479,-0.0945,0.0074,0.1371
1624947156750,-2.0065,-7.3156,5.7790,-0.0933,0.0086,0.1310
1624947156760,-1.9898,-7.3323,5.8221,-0.0872,0.0086,0.1212
1624947156770,-2.0018,-7.3203,5.8532,-0.0811,0.0111,0.1102
1624947156781,-2.0281,-7.2773,5.8555,-0.0725,0.0147,0.0980
1624947156791,-2.0305,-7.2198,5.8603,-0.0554,0.0159,0.0821
1624947156800,-2.0233,-7.1911,5.8723,-0.0457,0.0196,0.0663
1624947156810,-2.0401,-7.2079,5.8843,-0.0420,0.0233,0.0528
1624947156820,-2.0688,-7.2342,5.9154,-0.0457,0.0282,0.0382
1624947156829,-2.0735,-7.2318,5.9441,-0.0408,0.0306,0.0235
1624947156839,-2.1047,-7.2390,5.9345,-0.0188,0.0331,0.0089
1624947156848,-2.0879,-7.2246,5.9393,0.0032,0.0379,-0.0022
1624947156858,-2.0664,-7.2031,5.9369,0.0130,0.0367,-0.0070
1624947156866,-2.0640,-7.1720,5.8891,0.0399,0.0379,-0.0168
1624947156877,-2.0831,-7.1481,5.8843,0.0521,0.0404,-0.0229
1624947156888,-2.0783,-7.1672,5.8579,0.0594,0.0428,-0.0315
1624947156895,-2.0807,-7.1792,5.8819,0.0643,0.0453,-0.0425
1624947156906,-2.1238,-7.2079,5.8508,0.0679,0.0502,-0.0535
1624947156915,-2.1525,-7.2103,5.8340,0.0765,0.0514,-0.0669
1624947156926,-2.1573,-7.2007,5.8053,0.0887,0.0587,-0.0816
1624947156935,-2.1812,-7.2246,5.7670,0.0912,0.0624,-0.0926
1624947156945,-2.1836,-7.1983,5.7120,0.0973,0.0660,-0.1048
1624947156952,-2.2076,-7.2127,5.7120,0.1034,0.0722,-0.1170
1624947156963,-2.2195,-7.2294,5.6952,0.1058,0.0770,-0.1268
1624947156971,-2.2195,-7.2605,5.7024,0.1156,0.0770,-0.1378
1624947156983,-2.2339,-7.2629,5.6785,0.1144,0.0795,-0.1439
1624947156991,-2.2698,-7.2868,5.6665,0.1229,0.0819,-0.1512
1624947157002,-2.2650,-7.3227,5.6450,0.1180,0.0844,-0.1549
1624947157012,-2.2889,-7.3778,5.6402,0.1229,0.0831,-0.1610
1624947157022,-2.3009,-7.3873,5.6091,0.1303,0.0844,-0.1634
1624947157031,-2.2841,-7.3969,5.5923,0.1339,0.0844,-0.1659
1624947157039,-2.3104,-7.4496,5.6163,0.1351,0.0844,-0.1646
1624947157048,-2.3056,-7.4543,5.5995,0.1266,0.0831,-0.1634
1624947157058,-2.2913,-7.5094,5.6043,0.1205,0.0807,-0.1573
1624947157067,-2.2985,-7.5165,5.6354,0.1131,0.0795,-0.1500
1624947157080,-2.2841,-7.5070,5.5852,0.1070,0.0758,-0.1427
1624947157087,-2.3009,-7.4807,5.5660,0.1034,0.0758,-0.1341
1624947157098,-2.3128,-7.4902,5.5684,0.0961,0.0734,-0.1243
1624947157108,-2.3272,-7.5189,5.5421,0.0802,0.0697,-0.1121
1624947157117,-2.3583,-7.5333,5.5445,0.0679,0.0660,-0.1023
1624947157127,-2.3607,-7.5357,5.5708,0.0692,0.0612,-0.0938
1624947157137,-2.3750,-7.5357,5.5876,0.0679,0.0587,-0.0828
1624947157147,-2.3870,-7.5381,5.5852,0.0655,0.0526,-0.0693
1624947157156,-2.3822,-7.5046,5.5804,0.0569,0.0465,-0.0596
1624947157166,-2.3894,-7.4783,5.5612,0.0533,0.0441,-0.0510
1624947157175,-2.4109,-7.4567,5.5349,0.0508,0.0379,-0.0425
1624947157184,-2.3966,-7.4543,5.5588,0.0521,0.0331,-0.0339
1624947157194,-2.3942,-7.4567,5.5517,0.0496,0.0331,-0.0266
1624947157204,-2.4014,-7.4448,5.5588,0.0399,0.0294,-0.0180
1624947157213,-2.4133,-7.4567,5.5636,0.0423,0.0282,-0.0070
1624947157223,-2.3846,-7.4472,5.5804,0.0337,0.0282,0.0027
1624947157233,-2.3774,-7.4089,5.5852,0.0301,0.0294,0.0125
1624947157243,-2.3631,-7.3778,5.5900,0.0301,0.0282,0.0235
1624947157252,-2.3248,-7.4280,5.6019,0.0252,0.0306,0.0333
1624947157262,-2.3152,-7.4352,5.6234,0.0044,0.0318,0.0443
1624947157271,-2.3296,-7.3897,5.6426,-0.0017,0.0343,0.0491
1624947157281,-2.3272,-7.3993,5.6617,-0.0115,0.0355,0.0540
1624947157290,-2.3272,-7.4017,5.6689,-0.0175,0.0355,0.0601
1624947157298,-2.3248,-7.3849,5.6976,-0.0163,0.0367,0.0638
1624947157310,-2.3224,-7.3802,5.7096,-0.0115,0.0367,0.0687
1624947157319,-2.3056,-7.3849,5.7048,-0.0151,0.0367,0.0785
1624947157329,-2.2817,-7.3514,5.7120,-0.0115,0.0367,0.0821
1624947157339,-2.2745,-7.3227,5.7168,-0.0212,0.0416,0.0858
1624947157348,-2.2674,-7.3084,5.6904,-0.0285,0.0379,0.0919
1624947157358,-2.2482,-7.2725,5.7192,-0.0273,0.0379,0.0956
1624947157365,-2.2554,-7.2844,5.7216,-0.0273,0.0355,0.0956
1624947157379,-2.2434,-7.2773,5.7192,-0.0334,0.0367,0.0968
1624947157385,-2.2482,-7.2677,5.7503,-0.0334,0.0367,0.0931
1624947157396,-2.2386,-7.2868,5.7574,-0.0298,0.0331,0.0895
1624947157404,-2.2267,-7.2820,5.7646,-0.0273,0.0318,0.0870
1624947157413,-2.2219,-7.2294,5.7551,-0.0224,0.0306,0.0834
1624947157423,-2.2171,-7.1887,5.7479,-0.0163,0.0294,0.0821
1624947157434,-2.2076,-7.1600,5.7431,-0.0139,0.0282,0.0797
1624947157443,-2.2339,-7.1409,5.7263,-0.0102,0.0257,0.0736
1624947157453,-2.2267,-7.1026,5.7479,-0.0163,0.0233,0.0699
1624947157463,-2.2458,-7.0978,5.7455,-0.0212,0.0221,0.0650
1624947157473,-2.2722,-7.0978,5.7335,-0.0151,0.0208,0.0601
1624947157483,-2.2769,-7.0930,5.7335,-0.0102,0.0172,0.0553
1624947157492,-2.2817,-7.0954,5.7407,-0.0151,0.0147,0.0467
1624947157502,-2.3224,-7.1576,5.7718,-0.0029,0.0111,0.0394
1624947157512,-2.3176,-7.2055,5.7838,-0.0005,0.0074,0.0345
1624947157521,-2.3511,-7.2174,5.7838,0.0142,0.0025,0.0259
1624947157531,-2.3392,-7.2007,5.7814,0.0337,-0.0036,0.0150
1624947157539,-2.3607,-7.2198,5.7886,0.0496,-0.0060,0.0076
1624947157548,-2.3344,-7.2103,5.7862,0.0533,-0.0073,0.0064
1624947157560,-2.3368,-7.2390,5.7981,0.0386,-0.0060,0.0052
1624947157569,-2.3080,-7.2773,5.8149,0.0374,-0.0060,0.0052
1624947157578,-2.2889,-7.2677,5.8125,0.0411,-0.0024,0.0076
1624947157588,-2.2841,-7.2940,5.7862,0.0423,0.0037,0.0101
1624947157597,-2.2865,-7.2916,5.7718,0.0374,0.0147,0.0162
1624947157607,-2.2530,-7.2749,5.7455,0.0203,0.0221,0.0223
1624947157617,-2.2817,-7.2701,5.7383,0.0105,0.0318,0.0284
1624947157626,-2.2793,-7.2438,5.7311,0.0020,0.0404,0.0333
1624947157637,-2.3009,-7.2294,5.7287,-0.0090,0.0465,0.0369
1624947157646,-2.2961,-7.1959,5.7096,-0.0066,0.0514,0.0369
1624947157656,-2.3080,-7.1911,5.7072,-0.0175,0.0599,0.0369
1624947157665,-2.3344,-7.1935,5.6785,-0.0212,0.0636,0.0345
1624947157675,-2.3727,-7.2246,5.6880,-0.0224,0.0673,0.0320
1624947157684,-2.3463,-7.2438,5.6617,-0.0139,0.0685,0.0272
1624947157692,-2.3487,-7.2390,5.6378,-0.0054,0.0709,0.0186
1624947157702,-2.3535,-7.2366,5.6091,0.0020,0.0660,0.0089
1624947157711,-2.3511,-7.2055,5.5804,0.0105,0.0587,-0.0034
1624947157721,-2.3439,-7.1839,5.5732,0.0118,0.0477,-0.0168
1624947157732,-2.3894,-7.2151,5.6115,0.0105,0.0404,-0.0278
1624947157742,-2.3918,-7.2533,5.6115,0.0118,0.0343,-0.0351
1624947157752,-2.4205,-7.3036,5.6306,0.0154,0.0282,-0.0388
1624947157761,-2.4109,-7.3610,5.6187,0.0289,0.0233,-0.0425
1624947157771,-2.3870,-7.3778,5.6019,0.0386,0.0208,-0.0412
1624947157779,-2.3439,-7.3299,5.5421,0.0399,0.0208,-0.0449
1624947157790,-2.3559,-7.3084,5.5564,0.0423,0.0221,-0.0510
1624947157800,-2.3607,-7.2964,5.5564,0.0215,0.0184,-0.0547
1624947157809,-2.3703,-7.3108,5.5277,-0.0090,0.0172,-0.0620
1624947157819,-2.3655,-7.3419,5.5660,-0.0200,0.0159,-0.0693
1624947157829,-2.3846,-7.4113,5.5995,-0.0212,0.0159,-0.0706
1624947157838,-2.4181,-7.4615,5.6019,-0.0200,0.0123,-0.0706
1624947157848,-2.4397,-7.4543,5.6258,-0.0188,0.0086,-0.0718
1624947157857,-2.4325,-7.4256,5.5828,-0.0102,0.0050,-0.0779
1624947157866,-2.4085,-7.4137,5.5588,0.0056,0.0025,-0.0803
1624947157876,-2.4253,-7.3754,5.5541,0.0044,-0.0011,-0.0877
1624947157885,-2.4397,-7.3203,5.5421,-0.0041,-0.0011,-0.0974
1624947157894,-2.4444,-7.3251,5.5732,-0.0285,0.0025,-0.1048
1624947157904,-2.4684,-7.3706,5.5732,-0.0444,0.0013,-0.1109
1624947157915,-2.4588,-7.4208,5.6019,-0.0554,0.0001,-0.1158
1624947157924,-2.4851,-7.4974,5.6091,-0.0542,-0.0073,-0.1182
1624947157934,-2.5019,-7.5118,5.6019,-0.0347,-0.0158,-0.1158
1624947157944,-2.5090,-7.4687,5.5828,-0.0163,-0.0256,-0.1084
1624947157954,-2.5545,-7.4519,5.5732,-0.0090,-0.0390,-0.1011
1624947157963,-2.5449,-7.4400,5.5588,0.0020,-0.0512,-0.0926
1624947157973,-2.5497,-7.4304,5.5732,-0.0005,-0.0573,-0.0840
1624947157982,-2.5689,-7.4759,5.5971,-0.0090,-0.0671,-0.0742
1624947157992,-2.5832,-7.5429,5.6330,-0.0115,-0.0757,-0.0608
1624947158001,-2.5760,-7.6147,5.6665,-0.0041,-0.0818,-0.0461
1624947158009,-2.5665,-7.5692,5.6354,0.0020,-0.0928,-0.0327
1624947158019,-2.5569,-7.5261,5.6306,0.0142,-0.1001,-0.0180
1624947158028,-2.5306,-7.5405,5.6163,0.0215,-0.1050,0.0003
1624947158038,-2.4971,-7.5022,5.6043,0.0179,-0.1086,0.0186
1624947158050,-2.4827,-7.4950,5.5828,0.0118,-0.1135,0.0369
1624947158059,-2.4899,-7.5022,5.5588,0.0020,-0.1160,0.0504
1624947158069,-2.4947,-7.5118,5.5756,-0.0017,-0.1184,0.0638
1624947158079,-2.4827,-7.4974,5.5612,-0.0102,-0.1184,0.0760
1624947158087,-2.4803,-7.4591,5.5469,-0.0041,-0.1209,0.0895
1624947158098,-2.4516,-7.3802,5.4847,-0.0041,-0.1196,0.1041
1624947158107,-2.4085,-7.3395,5.4536,-0.0054,-0.1172,0.1176
1624947158117,-2.4109,-7.3108,5.4464,-0.0175,-0.1147,0.1261
1624947158127,-2.3990,-7.3132,5.4464,-0.0383,-0.1123,0.1334
1624947158136,-2.3822,-7.3945,5.4727,-0.0566,-0.1135,0.1383
1624947158146,-2.3846,-7.4543,5.4799,-0.0566,-0.1135,0.1396
1624947158156,-2.3655,-7.4424,5.4416,-0.0396,-0.1221,0.1420
1624947158165,-2.3272,-7.3945,5.4679,-0.0224,-0.1294,0.1420
1624947158174,-2.3200,-7.3754,5.5229,-0.0261,-0.1319,0.1432
1624947158184,-2.3296,-7.2797,5.4799,-0.0481,-0.1453,0.1371
1624947158194,-2.3463,-7.3060,5.4009,-0.0762,-0.1514,0.1298
1624947158204,-2.3320,-7.3730,5.4201,-0.0982,-0.1563,0.1286
1624947158213,-2.3774,-7.4472,5.4823,-0.1129,-0.1685,0.1225
1624947158223,-2.4038,-7.4065,5.4847,-0.1031,-0.1856,0.1127
1624947158232,-2.3870,-7.4160,5.4655,-0.0811,-0.2039,0.1066
1624947158242,-2.3966,-7.4184,5.5110,-0.0689,-0.2235,0.1017
1624947158252,-2.4301,-7.4567,5.5253,-0.0713,-0.2369,0.1017
1624947158259,-2.3894,-7.4639,5.5445,-0.0652,-0.2553,0.1053
1624947158271,-2.3822,-7.4400,5.5708,-0.0566,-0.2724,0.1041
1624947158280,-2.3774,-7.4304,5.5493,-0.0493,-0.2956,0.1090
1624947158288,-2.3679,-7.4184,5.5636,-0.0530,-0.3139,0.1151
1624947158299,-2.3607,-7.4424,5.5923,-0.0664,-0.3249,0.1212
1624947158309,-2.3415,-7.5094,5.6115,-0.0713,-0.3408,0.1298
1624947158319,-2.3080,-7.6410,5.6617,-0.0579,-0.3481,0.1396
1624947158326,-2.2841,-7.6529,5.7072,-0.0506,-0.3567,0.1554
1624947158336,-2.3009,-7.6410,5.7311,-0.0273,-0.3628,0.1689
1624947158347,-2.2793,-7.6171,5.7886,-0.0102,-0.3640,0.1835
1624947158356,-2.2434,-7.6553,5.7957,-0.0090,-0.3603,0.2043
1624947158365,-2.2267,-7.6147,5.8101,-0.0200,-0.3554,0.2190
1624947158375,-2.2243,-7.6314,5.7981,-0.0298,-0.3469,0.2324
1624947158384,-2.2052,-7.6697,5.8292,-0.0396,-0.3396,0.2471
1624947158396,-2.1884,-7.6721,5.8388,-0.0432,-0.3298,0.2629
1624947158404,-2.1645,-7.6314,5.8699,-0.0457,-0.3188,0.2739
1624947158414,-2.1716,-7.6003,5.8508,-0.0469,-0.3114,0.2837
1624947158424,-2.1573,-7.5524,5.8364,-0.0469,-0.3004,0.2935
1624947158433,-2.1501,-7.4496,5.8077,-0.0420,-0.2858,0.2959
1624947158442,-2.1597,-7.3873,5.7909,-0.0591,-0.2772,0.3008
1624947158453,-2.1740,-7.3682,5.7742,-0.0713,-0.2687,0.3033
1624947158462,-2.1382,-7.3562,5.7742,-0.0799,-0.2565,0.2996
1624947158472,-2.1621,-7.2868,5.7527,-0.0799,-0.2516,0.2947
1624947158482,-2.1740,-7.2725,5.7240,-0.0811,-0.2491,0.2910
1624947158492,-2.1597,-7.2462,5.7048,-0.0713,-0.2479,0.2861
1624947158501,-2.1716,-7.2007,5.6426,-0.0725,-0.2504,0.2801
1624947158508,-2.1645,-7.1863,5.6665,-0.0579,-0.2540,0.2715
1624947158520,-2.1549,-7.2198,5.7503,-0.0432,-0.2540,0.2678
1624947158530,-2.1262,-7.2820,5.7527,-0.0273,-0.2516,0.2691
1624947158540,-2.0831,-7.2390,5.7216,-0.0224,-0.2565,0.2691
1624947158549,-2.0640,-7.1935,5.7192,-0.0066,-0.2589,0.2605
1624947158558,-2.0616,-7.1074,5.6570,-0.0041,-0.2626,0.2483
1624947158569,-2.0496,-7.0188,5.6378,-0.0066,-0.2675,0.2336
1624947158576,-2.0712,-6.9542,5.6043,-0.0175,-0.2699,0.2128
1624947158587,-2.0640,-6.9662,5.6139,-0.0383,-0.2699,0.1945
1624947158597,-2.0975,-7.0164,5.6498,-0.0579,-0.2736,0.1774
1624947158607,-2.0975,-7.0547,5.6091,-0.0591,-0.2748,0.1640
1624947158617,-2.1047,-7.0547,5.5564,-0.0566,-0.2858,0.1481
1624947158626,-2.1094,-7.0141,5.5110,-0.0371,-0.3004,0.1322
1624947158636,-2.1094,-6.9997,5.5038,-0.0298,-0.3151,0.1176
1624947158643,-2.0831,-7.0452,5.5708,-0.0298,-0.3273,0.0992
1624947158653,-2.0544,-7.1959,5.5636,-0.0261,-0.3359,0.0895
1624947158662,-2.0520,-7.2797,5.5900,-0.0078,-0.3505,0.0882
1624947158672,-2.0640,-7.2653,5.6665,0.0227,-0.3652,0.0858
1624947158682,-2.0568,-7.2749,5.7383,0.0472,-0.3774,0.0846
1624947158693,-2.0448,-7.3754,5.8005,0.0557,-0.3835,0.0919
1624947158703,-2.0377,-7.3826,5.8244,0.0496,-0.3896,0.0956
1624947158713,-2.0448,-7.3706,5.8484,0.0435,-0.3957,0.0870
1624947158722,-2.0257,-7.3634,5.8603,0.0325,-0.4006,0.0858
1624947158732,-1.9970,-7.4328,5.9489,0.0240,-0.3994,0.0846
1624947158742,-1.9898,-7.4328,5.9537,0.0142,-0.3970,0.0846
1624947158751,-2.0042,-7.3993,5.9345,0.0081,-0.3957,0.0846
1624947158761,-2.0448,-7.3658,5.9465,0.0056,-0.3933,0.0797
1624947158770,-2.0472,-7.3275,5.9752,-0.0066,-0.3884,0.0736
1624947158780,-2.0640,-7.3419,6.0422,-0.0163,-0.3762,0.0663
1624947158789,-2.1023,-7.3754,6.0948,-0.0249,-0.3640,0.0577
1624947158799,-2.0927,-7.4041,6.1140,-0.0249,-0.3481,0.0540
1624947158809,-2.1118,-7.3778,6.1164,-0.0163,-0.3371,0.0491
1624947158818,-2.0544,-7.3538,6.0924,-0.0102,-0.3237,0.0467
1624947158828,-2.0712,-7.2725,6.0613,-0.0151,-0.3053,0.0479
1624947158837,-2.0712,-7.2174,6.0374,-0.0115,-0.2907,0.0455
1624947158847,-2.0496,-7.1959,6.0207,-0.0237,-0.2748,0.0418
1624947158857,-2.0472,-7.1887,6.0159,-0.0298,-0.2577,0.0406
1624947158866,-2.0640,-7.2151,6.0422,-0.0322,-0.2357,0.0406
1624947158875,-2.0640,-7.2581,6.0805,-0.0383,-0.2198,0.0443
1624947158886,-2.0640,-7.2844,6.0877,-0.0298,-0.2052,0.0455
1624947158893,-2.0616,-7.2701,6.0829,-0.0322,-0.1893,0.0479
1624947158903,-2.0616,-7.2270,6.0374,-0.0285,-0.1734,0.0479
1624947158914,-2.0640,-7.2318,6.0135,-0.0285,-0.1600,0.0467
1624947158924,-2.0568,-7.2318,6.0231,-0.0249,-0.1502,0.0443
1624947158933,-2.0329,-7.2868,6.0159,-0.0322,-0.1392,0.0418
1624947158943,-2.0209,-7.3203,6.0326,-0.0347,-0.1294,0.0430
1624947158952,-2.0185,-7.3514,6.0613,-0.0249,-0.1233,0.0430
1624947158960,-2.0305,-7.3012,6.0661,-0.0175,-0.1221,0.0430
1624947158970,-1.9994,-7.2581,6.0518,-0.0102,-0.1196,0.0455
1624947158980,-2.0065,-7.2198,6.0350,-0.0115,-0.1172,0.0491
1624947158989,-1.9970,-7.2820,6.0565,-0.0115,-0.1147,0.0540
1624947159000,-1.9635,-7.3227,6.0589,-0.0139,-0.1147,0.0601
1624947159010,-1.9850,-7.2940,6.0757,-0.0102,-0.1135,0.0650
1624947159020,-1.9707,-7.2318,6.0709,-0.0005,-0.1160,0.0675
1624947159030,-1.9731,-7.1983,6.0470,0.0081,-0.1147,0.0699
1624947159039,-1.9754,-7.1576,6.0422,0.0008,-0.1123,0.0748
1624947159049,-1.9802,-7.1552,6.0278,-0.0163,-0.1099,0.0773
1624947159057,-1.9778,-7.1720,6.0087,-0.0188,-0.1123,0.0809
1624947159116,-1.9922,-7.1313,6.0231,-0.0066,-0.1160,0.0834
1624947159126,-1.9850,-7.1289,6.0183,0.0093,-0.1221,0.0858
1624947159126,-1.9635,-7.1337,6.0231,0.0069,-0.1257,0.0882
1624947159127,-1.9563,-7.1552,6.0278,0.0191,-0.1319,0.0895
1624947159128,-1.9371,-7.1337,6.0278,0.0276,-0.1380,0.0895
1624947159129,-1.9084,-7.1289,6.0278,0.0411,-0.1416,0.0870
1624947159129,-1.8917,-7.1313,6.0494,0.0386,-0.1441,0.0834
1624947159135,-1.8462,-7.1839,6.0733,0.0362,-0.1441,0.0809
1624947159145,-1.8630,-7.1552,6.0829,0.0313,-0.1465,0.0797
1624947159154,-1.8271,-7.1959,6.0829,0.0289,-0.1477,0.0760
1624947159164,-1.8414,-7.2198,6.0877,0.0350,-0.1514,0.0748
1624947159173,-1.8079,-7.2127,6.0589,0.0337,-0.1551,0.0748
1624947159183,-1.7864,-7.2055,6.0924,0.0399,-0.1551,0.0663
1624947159193,-1.7625,-7.1887,6.1116,0.0350,-0.1600,0.0601
1624947159202,-1.7601,-7.1983,6.1212,0.0337,-0.1624,0.0577
1624947159212,-1.7505,-7.1696,6.1259,0.0313,-0.1661,0.0540
1624947159221,-1.7553,-7.0906,6.1020,0.0276,-0.1697,0.0455
1624947159231,-1.7505,-7.0954,6.1044,0.0252,-0.1722,0.0382
1624947159241,-1.7362,-7.1313,6.1092,0.0227,-0.1722,0.0357
1624947159250,-1.7170,-7.1457,6.1140,0.0227,-0.1758,0.0333
1624947159260,-1.7194,-7.1576,6.1379,0.0325,-0.1783,0.0284
1624947159269,-1.6859,-7.2055,6.1523,0.0521,-0.1795,0.0259
1624947159277,-1.6596,-7.1361,6.1259,0.0618,-0.1844,0.0259
1624947159287,-1.6476,-7.0787,6.1403,0.0728,-0.1844,0.0186
1624947159297,-1.6213,-7.1217,6.1906,0.0777,-0.1783,0.0137
1624947159306,-1.5878,-7.1241,6.1618,0.0728,-0.1758,0.0198
1624947159319,-1.6237,-7.0691,6.1523,0.0704,-0.1734,0.0198
1624947159327,-1.6189,-6.9997,6.1618,0.0704,-0.1697,0.0125
1624947159338,-1.5902,-7.0188,6.1546,0.0594,-0.1661,0.0040
1624947159347,-1.5687,-7.0906,6.0661,0.0508,-0.1661,-0.0022
1624947159357,-1.5399,-7.1433,6.1116,0.0350,-0.1636,-0.0009
1624947159365,-1.5399,-6.9997,6.1953,0.0154,-0.1514,-0.0107
1624947159374,-1.5352,-7.0284,6.2719,0.0435,-0.1429,-0.0327
1624947159383,-1.5399,-7.1074,6.2312,0.0679,-0.1416,-0.0278
1624947159395,-1.5352,-7.0284,6.1810,0.0679,-0.1343,-0.0180
1624947159404,-1.5256,-6.9303,6.1834,0.0716,-0.1294,-0.0425
1624947159414,-1.5376,-6.9853,6.1882,0.0606,-0.1245,-0.0547
1624947159423,-1.5280,-7.0930,6.2552,0.0386,-0.1135,-0.0522
1624947159433,-1.5591,-7.1505,6.2360,0.0227,-0.1062,-0.0620
1624947159443,-1.5447,-7.1505,6.2671,0.0227,-0.1062,-0.0669
1624947159452,-1.5160,-7.1768,6.2623,0.0240,-0.1013,-0.0620
1624947159461,-1.5088,-7.2366,6.2934,0.0337,-0.0976,-0.0632
1624947159472,-1.4777,-7.2486,6.2887,0.0447,-0.0879,-0.0596
1624947159481,-1.4729,-7.1672,6.2623,0.0508,-0.0830,-0.0535
1624947159491,-1.4945,-7.1361,6.2575,0.0484,-0.0793,-0.0522
1624947159501,-1.5112,-7.1433,6.2695,0.0399,-0.0732,-0.0461
1624947159510,-1.4945,-7.1911,6.3078,0.0179,-0.0671,-0.0376
1624947159520,-1.5399,-7.2318,6.3174,0.0093,-0.0573,-0.0315
1624947159529,-1.5423,-7.2940,6.3006,0.0105,-0.0512,-0.0229
1624947159539,-1.5519,-7.2988,6.3030,0.0179,-0.0500,-0.0144
1624947159549,-1.5352,-7.2844,6.3030,0.0325,-0.0475,-0.0107
1624947159558,-1.5471,-7.2151,6.2839,0.0386,-0.0451,-0.0022
1624947159568,-1.5447,-7.1959,6.2839,0.0386,-0.0439,0.0040
1624947159577,-1.5280,-7.1815,6.3078,0.0276,-0.0427,0.0076
1624947159587,-1.5304,-7.1576,6.2863,0.0240,-0.0378,0.0101
1624947159594,-1.5256,-7.1552,6.2504,0.0166,-0.0341,0.0150
1624947159604,-1.5136,-7.1528,6.2169,0.0142,-0.0317,0.0186
1624947159614,-1.5041,-7.1505,6.2073,0.0166,-0.0305,0.0186
1624947159623,-1.4825,-7.1337,6.2049,0.0191,-0.0305,0.0186
1624947159636,-1.4729,-7.1289,6.2025,0.0191,-0.0305,0.0186
1624947159645,-1.4777,-7.1265,6.2097,0.0215,-0.0305,0.0174
1624947159654,-1.4610,-7.0882,6.1666,0.0264,-0.0317,0.0186
1624947159664,-1.4849,-7.0763,6.1379,0.0264,-0.0329,0.0174
1624947159674,-1.4801,-7.0571,6.1379,0.0166,-0.0329,0.0113
1624947159683,-1.4849,-7.0739,6.1427,0.0093,-0.0378,0.0064
1624947159693,-1.4562,-7.0475,6.0972,-0.0017,-0.0439,0.0040
1624947159702,-1.4347,-7.0643,6.0565,0.0020,-0.0500,-0.0058
1624947159712,-1.4155,-7.0475,6.0637,-0.0029,-0.0598,-0.0180
1624947159721,-1.4012,-7.0021,6.0996,-0.0029,-0.0647,-0.0290
1624947159731,-1.4395,-6.9901,6.1259,-0.0005,-0.0683,-0.0412
1624947159739,-1.4442,-6.8848,6.0877,-0.0090,-0.0818,-0.0547
1624947159750,-1.4921,-6.9136,6.0207,-0.0298,-0.0891,-0.0742
1624947159760,-1.4586,-7.0188,6.0948,-0.0432,-0.0940,-0.0816
1624947159768,-1.5543,-6.9518,6.1810,-0.0615,-0.1001,-0.0926
1624947159779,-1.6093,-6.7628,6.1738,-0.0701,-0.1160,-0.1145
1624947159789,-1.5376,-6.7173,6.1906,-0.0909,-0.1319,-0.1402
1624947159798,-1.4993,-6.6910,6.1499,-0.1446,-0.1306,-0.1549
1624947159808,-1.4347,-6.7700,6.0829,-0.2020,-0.1221,-0.1720
1624947159817,-1.3844,-6.9255,6.1810,-0.2216,-0.1111,-0.1866
1624947159827,-1.3533,-7.1624,6.2528,-0.2167,-0.1001,-0.1891
1624947159837,-1.2839,-7.3490,6.2623,-0.1813,-0.0940,-0.1805
1624947159846,-1.2624,-7.3993,6.2552,-0.1275,-0.0964,-0.1659
1624947159856,-1.2935,-7.3802,6.2384,-0.0554,-0.1038,-0.1573
1624947159865,-1.2552,-7.3012,6.1738,-0.0029,-0.1062,-0.1475
1624947159875,-1.2313,-7.2390,6.1570,0.0276,-0.1062,-0.1414
1624947159885,-1.1930,-7.2318,6.1475,0.0399,-0.1123,-0.1402
1624947159892,-1.1523,-7.2892,6.2360,0.0227,-0.1123,-0.1390
1624947159902,-1.1188,-7.4711,6.2934,-0.0041,-0.1038,-0.1292
1624947159912,-1.0757,-7.6075,6.3341,-0.0224,-0.0976,-0.1097
1624947159921,-1.0494,-7.6840,6.3222,-0.0224,-0.0903,-0.0889
1624947159931,-1.0016,-7.6577,6.3102,0.0008,-0.0867,-0.0742
1624947159940,-1.0111,-7.5907,6.3054,0.0276,-0.0854,-0.0608
1624947159950,-1.0183,-7.5333,6.3078,0.0374,-0.0818,-0.0486
1624947159960,-1.0111,-7.4089,6.2719,0.0215,-0.0769,-0.0400
1624947159971,-1.0351,-7.3802,6.2719,0.0008,-0.0683,-0.0364
1624947159981,-1.0542,-7.3682,6.2695,-0.0285,-0.0585,-0.0327
1624947159991,-1.0614,-7.3730,6.2432,-0.0359,-0.0524,-0.0290
1624947160000,-1.0638,-7.3826,6.2575,-0.0469,-0.0475,-0.0241
1624947160010,-1.0614,-7.4065,6.2552,-0.0420,-0.0427,-0.0168
1624947160019,-1.0470,-7.3945,6.2049,-0.0285,-0.0378,-0.0070
1624947160029,-1.0470,-7.3371,6.1738,-0.0175,-0.0390,-0.0034
1624947160038,-1.0494,-7.2509,6.1906,-0.0066,-0.0341,-0.0070
1624947160048,-1.0566,-7.2390,6.2216,0.0008,-0.0353,-0.0132
1624947160058,-1.0351,-7.2629,6.2360,-0.0127,-0.0292,-0.0156
1624947160067,-1.0446,-7.3012,6.2240,-0.0237,-0.0195,-0.0168
1624947160077,-1.0590,-7.3227,6.2456,-0.0249,-0.0134,-0.0144
1624947160087,-1.0733,-7.3084,6.2408,-0.0224,-0.0109,-0.0168
1624947160096,-1.0662,-7.2988,6.2193,-0.0200,-0.0085,-0.0144
1624947160106,-1.0351,-7.2605,6.1810,-0.0090,-0.0060,-0.0144
1624947160115,-1.0351,-7.2820,6.1858,-0.0139,0.0001,-0.0168
1624947160125,-1.0063,-7.2940,6.1906,-0.0212,0.0050,-0.0168
1624947160135,-1.0303,-7.3299,6.2097,-0.0237,0.0074,-0.0156
1624947160144,-1.0494,-7.3706,6.2288,-0.0261,0.0086,-0.0144
1624947160154,-1.0470,-7.3514,6.2240,-0.0261,0.0086,-0.0119
1624947160163,-1.0542,-7.3347,6.2193,-0.0139,0.0123,-0.0095
1624947160173,-1.0757,-7.3275,6.2384,-0.0078,0.0172,-0.0070
1624947160183,-1.0494,-7.3108,6.2121,-0.0090,0.0196,-0.0095
1624947160192,-1.0494,-7.2820,6.1953,-0.0115,0.0233,-0.0095
1624947160202,-1.0446,-7.3179,6.1786,-0.0237,0.0282,-0.0107
1624947160212,-1.0518,-7.3395,6.1929,-0.0359,0.0306,-0.0119
1624947160221,-1.0662,-7.3538,6.2240,-0.0420,0.0343,-0.0144
1624947160229,-1.0901,-7.3538,6.2312,-0.0371,0.0379,-0.0144
1624947160238,-1.0805,-7.3299,6.1977,-0.0298,0.0416,-0.0095
1624947160248,-1.0949,-7.2797,6.1475,-0.0273,0.0428,-0.0107
1624947160257,-1.0757,-7.2509,6.1618,-0.0285,0.0465,-0.0144
1624947160267,-1.0662,-7.2222,6.1092,-0.0396,0.0502,-0.0168
1624947160279,-1.0494,-7.2509,6.0733,-0.0444,0.0526,-0.0217
1624947160288,-1.0757,-7.2366,6.0733,-0.0371,0.0502,-0.0290
1624947160298,-1.0159,-7.2486,6.1618,-0.0334,0.0465,-0.0376
1624947160307,-1.0255,-7.2701,6.1523,-0.0457,0.0490,-0.0437
1624947160317,-1.0135,-7.2438,6.2623,-0.0799,0.0575,-0.0547
1624947160327,-1.0638,-7.3730,6.3533,-0.1104,0.0795,-0.0632
1624947160337,-0.9872,-7.4137,6.4920,-0.1141,0.0954,-0.0742
1624947160346,-0.8939,-7.6817,6.6572,-0.1019,0.1418,-0.0803
1624947160356,-0.8460,-7.6817,6.8199,-0.0762,0.1858,-0.0767
1624947160365,-0.7934,-7.5261,6.9084,-0.0200,0.2285,-0.0864
1624947160375,-0.8436,-7.1624,6.7744,0.0203,0.2628,-0.0999
1624947160384,-0.7336,-6.9112,6.7433,0.0350,0.2970,-0.1158
1624947160393,-0.5756,-6.9375,6.8079,0.0301,0.3641,-0.1475
1624947160402,-0.5302,-6.8920,6.9969,-0.0224,0.4387,-0.1976
1624947160412,-0.4823,-6.8968,7.1285,-0.0762,0.5242,-0.2661
1624947160422,-0.5206,-6.5857,7.2578,-0.1446,0.6170,-0.3491
1624947160432,-0.6211,-6.5403,7.4755,-0.2143,0.7282,-0.4395
1624947160440,-0.7838,-6.6192,7.5760,-0.3266,0.8528,-0.5067
1624947160452,-0.9944,-6.6073,7.3582,-0.4513,0.9664,-0.5531
1624947160459,-0.9489,-6.7365,6.9993,-0.5160,1.0618,-0.5996
1624947160471,-0.9417,-6.7915,6.5854,-0.4977,1.1693,-0.6436
1624947160478,-1.1404,-6.6527,6.5040,-0.3315,1.2597,-0.7181
1624947160490,-1.3342,-6.3488,6.6811,-0.0713,1.3110,-0.8195
1624947160500,-1.4514,-5.8918,6.5734,0.1510,1.3379,-0.8989
1624947160509,-1.2169,-6.0115,6.4131,0.3294,1.3488,-0.9404
1624947160519,-0.9011,-6.4876,6.2456,0.4174,1.3696,-0.9685
1624947160529,-0.6905,-6.8178,6.1259,0.4198,1.3806,-1.0162
1624947160538,-0.6666,-7.0428,5.8867,0.4088,1.3464,-1.0516
1624947160546,-0.7982,-7.0356,5.6904,0.4113,1.2853,-1.0748
1624947160555,-1.0016,-6.6169,5.2621,0.4491,1.1913,-1.1164
1624947160566,-1.0997,-6.3560,4.8625,0.5249,1.0703,-1.1750
1624947160576,-1.2408,-6.3106,4.5826,0.5762,0.9530,-1.2349
1624947160586,-1.2887,-6.4326,4.5084,0.5603,0.8540,-1.2862
1624947160596,-1.2791,-6.6456,4.5419,0.5163,0.7600,-1.3253
1624947160605,-1.1810,-7.0667,4.6998,0.4797,0.6745,-1.3473
1624947160615,-1.0997,-7.6051,4.8242,0.4589,0.5926,-1.3424
1624947160624,-1.0159,-7.8802,4.9941,0.4577,0.4998,-1.3192
1624947160634,-0.9824,-8.2655,5.2693,0.5004,0.4142,-1.2996
1624947160644,-0.7288,-8.3397,5.2573,0.5579,0.3104,-1.2410
1624947160653,-0.3029,-8.3684,5.1353,0.5713,0.2200,-1.1274
1624947160663,0.0967,-8.5909,4.9535,0.6019,0.1516,-1.0247
1624947160673,0.5370,-8.7943,4.9271,0.6006,0.0844,-0.9502
1624947160682,0.8960,-9.1126,4.9893,0.5835,0.0367,-0.8720
1624947160692,1.1281,-9.5816,5.1712,0.5359,-0.0011,-0.7535
1624947160700,1.1759,-9.9740,5.3650,0.4381,-0.0378,-0.6167
1624947160711,1.0084,-10.2276,5.5397,0.2915,-0.0695,-0.4847
1624947160720,0.7213,-10.4262,5.7742,0.1364,-0.0879,-0.3552
1624947160728,0.3121,-10.5124,5.7670,-0.0298,-0.1086,-0.2098
1624947160740,0.0226,-10.3688,5.7981,-0.1703,-0.1221,-0.0681
1624947160750,-0.2813,-10.0290,5.7024,-0.2888,-0.1294,0.0455
1624947160759,-0.5254,-9.4715,5.5660,-0.3743,-0.1392,0.1371
1624947160769,-0.7360,-8.9834,5.5325,-0.4525,-0.1429,0.2190
1624947160778,-0.8628,-8.7512,5.5517,-0.5576,-0.1270,0.2984
1624947160788,-0.9537,-8.7465,5.4775,-0.6785,-0.0940,0.3937
1624947160798,-1.0040,-8.6771,5.2885,-0.7799,-0.0854,0.4951
1624947160807,-1.0566,-8.5694,5.0300,-0.8361,-0.1050,0.5721
1624947160817,-1.1116,-8.4976,4.8290,-0.8569,-0.1477,0.6295
1624947160827,-1.1930,-8.4976,4.6328,-0.8715,-0.1966,0.6979
1624947160836,-1.3174,-8.5622,4.4845,-0.8960,-0.2638,0.7749
1624947160846,-1.3964,-8.5909,4.3648,-0.9204,-0.3493,0.8323
1624947160855,-1.4107,-8.5909,4.2380,-0.9522,-0.4385,0.8811
1624947160865,-1.3701,-8.6627,4.1471,-1.0157,-0.5240,0.9337
1624947160874,-1.3246,-8.7082,4.0322,-1.1012,-0.6108,0.9850
1624947160884,-1.3007,-8.6077,3.9652,-1.2014,-0.7036,1.0253
1624947160891,-1.2935,-8.3756,3.9628,-1.2857,-0.7989,1.0497
1624947160906,-1.3557,-8.2081,4.0585,-1.3248,-0.8869,1.0668
1624947160911,-1.3772,-8.1291,4.1064,-1.3101,-0.9748,1.0778
1624947160922,-1.3533,-8.0693,4.0705,-1.2613,-1.0567,1.0766
1624947160931,-1.3078,-7.9855,4.0370,-1.1806,-1.1288,1.0632
1624947160942,-1.2408,-7.8420,3.8767,-1.0817,-1.2094,1.0363
1624947160949,-1.1140,-7.7534,3.7810,-0.9632,-1.2888,0.9935
1624947160961,-1.0542,-7.6362,3.8695,-0.8715,-1.3511,0.9398
1624947160968,-1.0518,-7.3371,3.9078,-0.8080,-1.4147,0.8714
1624947160980,-1.0375,-7.1289,4.0729,-0.7335,-1.4684,0.8029
1624947160990,-1.0710,-6.8944,4.2404,-0.6638,-1.5112,0.7370
1624947160999,-1.0135,-6.6216,4.2763,-0.6052,-1.5442,0.6600
1624947161009,-0.8915,-6.4781,4.2859,-0.5527,-1.5625,0.5769
1624947161018,-0.8269,-6.4733,4.3146,-0.5063,-1.5649,0.4926
1624947161028,-0.6331,-6.6456,4.5706,-0.4122,-1.5527,0.3937
1624947161038,-0.3986,-7.0595,5.0420,-0.2692,-1.5124,0.3033
1624947161047,-0.2502,-7.3060,5.4105,-0.0945,-1.4672,0.2458
1624947161056,0.0561,-7.6051,5.7120,0.0851,-1.4098,0.2165
1624947161067,0.2212,-8.0214,5.9848,0.2524,-1.3218,0.1970
1624947161076,0.3576,-8.3875,5.9752,0.3844,-1.2241,0.1970
1624947161086,0.4461,-8.6340,6.1594,0.5200,-1.1300,0.1970
1624947161095,0.5729,-8.8685,6.3700,0.6739,-1.0347,0.1933
1624947161105,0.6567,-8.9738,6.6930,0.8156,-0.9321,0.1958
1624947161114,0.6949,-8.8685,7.0902,0.9439,-0.8233,0.1896
1624947161124,0.7763,-8.7632,7.3319,1.0209,-0.7085,0.1799
1624947161133,0.8696,-8.6627,7.4994,1.0184,-0.5778,0.1909
1624947161143,0.9007,-8.5766,7.8248,0.9378,-0.4214,0.1945
1624947161153,0.8170,-8.3947,8.0115,0.7924,-0.2491,0.1811
1624947161163,0.7141,-8.2511,8.0258,0.6275,-0.0806,0.1664
1624947161172,0.5968,-8.1052,7.8464,0.4711,0.0734,0.1542
1624947161182,0.4772,-7.8396,7.6358,0.3196,0.2078,0.1249
1624947161191,0.3408,-7.4926,7.5760,0.1754,0.3422,0.0650
1624947161199,0.2140,-7.1696,7.4875,0.0545,0.4741,-0.0046
1624947161208,0.1733,-7.1313,7.2936,-0.0408,0.6048,-0.0608
1624947161218,0.0728,-7.1768,7.2530,-0.0884,0.7343,-0.1084
1624947161228,-0.0492,-7.1648,7.1549,-0.0872,0.8528,-0.1634
1624947161242,-0.1760,-7.1720,7.0209,-0.0322,0.9628,-0.2220
1624947161249,-0.2550,-7.1528,6.9251,0.0496,1.0618,-0.2734
1624947161259,-0.3268,-7.0428,6.7265,0.1376,1.1546,-0.3259
1624947161268,-0.3555,-6.8801,6.4155,0.2158,1.2316,-0.3980
1624947161278,-0.3555,-6.8992,6.1307,0.2781,1.2988,-0.4713
1624947161287,-0.3938,-6.9088,6.0231,0.3037,1.3672,-0.5360
1624947161297,-0.4656,-6.7484,5.9895,0.3184,1.4197,-0.6081
1624947161307,-0.4799,-6.5427,5.9919,0.3355,1.4662,-0.6900
1624947161317,-0.4847,-6.3608,5.8867,0.3575,1.5077,-0.7718
1624947161326,-0.5206,-6.1479,5.7096,0.3575,1.5358,-0.8586
1624947161336,-0.6259,-6.0761,5.5421,0.3880,1.5480,-0.9539
1624947161345,-0.6857,-6.3130,5.1544,0.4442,1.5272,-1.0516
1624947161355,-0.5469,-6.8490,4.8458,0.4613,1.4967,-1.1200
1624947161365,-0.4177,-7.2557,4.7309,0.4369,1.4674,-1.1677
1624947161373,-0.4584,-7.1481,4.4940,0.4113,1.4148,-1.2336
1624947161383,-0.5900,-6.8418,4.2404,0.4442,1.3305,-1.3082
1624947161392,-0.7695,-6.6791,4.0011,0.4992,1.2230,-1.3680
1624947161401,-0.9322,-6.5116,3.6494,0.4882,1.0972,-1.4218
1624947161411,-1.0327,-6.3800,3.4556,0.4088,0.9689,-1.5000
1624947161421,-1.0853,-6.2627,3.3598,0.2659,0.8504,-1.5892
1624947161432,-0.9824,-6.5044,3.6159,0.0777,0.7673,-1.6551
1624947161441,-0.7742,-7.7104,4.1375,-0.0738,0.7368,-1.6759
1624947161451,-0.3507,-9.3638,4.5060,-0.2033,0.7294,-1.6014
1624947161459,-0.0109,-10.7373,4.6065,-0.3071,0.7038,-1.4450
1624947161469,0.0800,-11.6561,4.5323,-0.2594,0.6476,-1.2776
1624947161478,0.1111,-11.7590,4.2308,-0.0884,0.5437,-1.1066
1624947161489,0.1781,-11.3355,4.0657,0.1156,0.4289,-0.9343
1624947161499,0.3265,-10.8713,4.0538,0.2866,0.3275,-0.7706
1624947161509,0.5777,-10.7014,4.0346,0.3905,0.2493,-0.5996
1624947161516,0.7787,-10.9048,4.2189,0.3807,0.1980,-0.4065
1624947161526,0.6973,-11.3235,4.4940,0.3074,0.1564,-0.2123
1624947161535,0.4461,-11.4791,4.5921,0.1791,0.1027,-0.0254
1624947161545,0.1422,-11.3690,4.5586,0.0313,0.0538,0.1481
1624947161556,-0.1808,-11.1130,4.6328,-0.0786,0.0147,0.2996
1624947161566,-0.4560,-10.7684,4.5562,-0.1483,-0.0292,0.4315
1624947161575,-0.6091,-10.2180,4.4725,-0.2167,-0.0781,0.5488
1624947161585,-0.7814,-9.6438,4.4510,-0.2753,-0.1196,0.6466
1624947161595,-0.9417,-9.2777,4.4821,-0.3059,-0.1502,0.7260
1624947161604,-1.0279,-9.1532,4.4605,-0.3767,-0.1819,0.8127
1624947161614,-1.0686,-9.1221,4.4031,-0.4647,-0.2101,0.9056
1624947161624,-1.0877,-9.0408,4.2404,-0.5820,-0.2455,0.9813
1624947161633,-1.0375,-8.7321,3.9915,-0.7445,-0.3127,1.0375
1624947161643,-1.0279,-8.4665,3.7523,-0.9290,-0.3823,1.0730
1624947161652,-0.9920,-8.4904,3.7212,-1.0707,-0.4556,1.0998
1624947161662,-1.0159,-8.6412,3.6829,-1.1733,-0.5301,1.1377
1624947161672,-1.0686,-8.7489,3.6230,-1.2173,-0.6254,1.1805
1624947161681,-1.0829,-8.7680,3.5632,-1.1684,-0.7427,1.2086
1624947161690,-1.0638,-8.6388,3.4460,-1.0743,-0.8661,1.2232
1624947161700,-1.0733,-8.3612,3.3072,-0.9913,-0.9907,1.2220
1624947161710,-1.0279,-8.0597,3.1541,-0.9180,-1.1153,1.2037
1624947161720,-0.9681,-7.7989,3.0392,-0.8667,-1.2351,1.1780
1624947161729,-0.8508,-7.6242,3.2211,-0.8178,-1.3377,1.1438
1624947161739,-0.8245,-7.4543,3.4867,-0.7457,-1.4208,1.0925
1624947161748,-0.8867,-7.1169,3.6542,-0.6321,-1.5038,1.0302
1624947161758,-0.9202,-6.8274,3.8551,-0.4830,-1.5796,0.9618
1624947161768,-1.0183,-6.4972,3.9269,-0.3315,-1.6468,0.8885
1624947161777,-1.0351,-6.2125,3.9437,-0.2436,-1.6993,0.8005
1624947161787,-1.0111,-5.9564,3.9676,-0.2057,-1.7384,0.6783
1624947161796,-0.8819,-6.0043,4.1088,-0.2081,-1.7360,0.5366
1624947161806,-0.6690,-6.0761,4.5443,-0.2094,-1.6969,0.4120
1624947161816,-0.5278,-5.9157,4.9463,-0.1996,-1.6590,0.3057
1624947161826,-0.2646,-6.2316,5.0300,-0.0909,-1.6236,0.1945
1624947161833,-0.0588,-6.5546,5.3100,0.0069,-1.5613,0.1005
1624947161842,-0.0253,-6.7939,5.5876,0.0826,-1.4696,0.0418
1624947161852,0.2188,-7.2868,5.7886,0.2231,-1.3963,-0.0034
1624947161862,0.4198,-8.2464,6.3891,0.4064,-1.2656,-0.0535
1624947161875,0.4748,-9.4476,7.2697,0.5909,-1.1080,-0.0412
1624947161883,0.5442,-9.9524,7.5903,0.7228,-0.9932,0.0198
1624947161892,0.5992,-9.6629,7.8248,0.8242,-0.8820,0.0333
1624947161900,0.6854,-8.9642,7.9732,0.8547,-0.7525,-0.0046
1624947161910,0.8218,-8.5120,8.0761,0.7155,-0.5888,-0.0180
1624947161921,0.7500,-8.5287,8.2843,0.4956,-0.3811,-0.0009
1624947161929,0.6758,-8.7465,8.3513,0.2891,-0.1832,0.0198
1624947161940,0.6040,-8.8159,8.2914,0.1327,-0.0085,0.0272
1624947161950,0.4700,-8.8589,8.1527,0.0655,0.1638,0.0223
1624947161958,0.3504,-8.8039,8.0091,0.0826,0.3165,0.0320
1624947161970,0.2427,-8.4737,7.8823,0.0997,0.4582,0.0430
1624947161978,0.0489,-8.0166,7.6813,0.0985,0.5914,0.0198
1624947161988,-0.0732,-7.6840,7.4492,0.1119,0.7111,-0.0156
1624947161998,-0.1473,-7.6123,7.3128,0.1547,0.8382,-0.0486
1624947162008,-0.2048,-7.4113,7.2578,0.1950,0.9664,-0.1060
1624947162016,-0.2741,-7.1648,7.1237,0.2231,1.0862,-0.1805
1624947162027,-0.3459,-6.9423,6.8893,0.2744,1.1925,-0.2526
1624947162037,-0.3555,-6.8202,6.5208,0.2805,1.2975,-0.3210
1624947162047,-0.3387,-6.7867,6.2240,0.2695,1.3989,-0.3943
1624947162056,-0.3100,-6.8370,6.0446,0.2500,1.4918,-0.4664
1624947162065,-0.3244,-6.7293,5.8771,0.2243,1.5627,-0.5434
1624947162075,-0.3076,-6.4972,5.6187,0.2341,1.6140,-0.6338
1624947162083,-0.2789,-6.3465,5.3674,0.2365,1.6555,-0.7352
1624947162094,-0.2119,-6.2842,5.1664,0.2158,1.6799,-0.8366
1624947162104,-0.1545,-6.3321,4.9056,0.1425,1.6983,-0.9294
1624947162114,-0.0684,-6.5331,4.8003,0.0496,1.7081,-1.0040
1624947162123,-0.1473,-6.8513,4.5108,-0.0310,1.7032,-1.0650
1624947162131,-0.0803,-7.3419,4.2835,-0.0701,1.6824,-1.1127
1624947162142,-0.1569,-7.7175,4.1088,-0.0579,1.6567,-1.1384
1624947162150,-0.2550,-7.9473,3.8934,-0.0188,1.5969,-1.1445
1624947162160,-0.3507,-7.9568,3.6805,0.0899,1.5065,-1.1628
1624947162169,-0.4393,-7.7845,3.5369,0.2378,1.3879,-1.2117
1624947162179,-0.5493,-7.3132,3.4077,0.3343,1.2499,-1.2691
1624947162188,-0.7120,-6.8274,3.1708,0.3355,1.1118,-1.3338
1624947162199,-0.7958,-6.5570,2.9100,0.2414,0.9762,-1.4047
1624947162210,-0.8173,-6.5092,2.6324,0.0569,0.8540,-1.4633
1624947162219,-0.8006,-6.5427,2.5822,-0.1556,0.7441,-1.5110
1624947162228,-0.6498,-7.0906,2.6946,-0.2851,0.6451,-1.5476
1624947162239,-0.4464,-8.1052,2.8549,-0.3340,0.5511,-1.5391
1624947162248,-0.1138,-9.2609,3.1349,-0.3511,0.4619,-1.4743
1624947162258,0.1494,-10.3568,3.4867,-0.3034,0.3788,-1.3888
1624947162267,0.3839,-11.2159,3.6015,-0.1801,0.2921,-1.2691
1624947162277,0.6997,-11.8499,3.5991,-0.0249,0.1955,-1.0932
1624947162287,0.9270,-12.3692,3.6207,0.1754,0.1235,-0.8928
1624947162296,1.1400,-12.5367,3.6733,0.3697,0.0465,-0.6961
1624947162306,1.4296,-12.5439,3.6374,0.4882,-0.0195,-0.4994
1624947162316,1.5851,-12.5917,3.7475,0.5493,-0.0622,-0.2941
1624947162326,1.6832,-12.4984,3.9963,0.5224,-0.1001,-0.0755
1624947162334,1.2836,-12.9889,4.3864,0.3770,-0.0867,0.1530
1624947162344,0.5849,-12.5917,4.2811,0.0692,-0.1111,0.4034
1624947162354,0.4030,-11.5556,4.4127,-0.1409,-0.1257,0.5232
1624947162364,-0.2095,-10.7971,4.6424,-0.0762,-0.1038,0.6038
1624947162373,-0.5565,-10.1510,4.6185,-0.0163,-0.1160,0.7284
1624947162383,-0.8915,-9.6940,4.4342,0.0118,-0.1257,0.8714
1624947162391,-1.1451,-9.3423,4.0992,-0.0066,-0.1257,0.9728
1624947162400,-1.2384,-9.0647,3.6805,-0.0738,-0.1404,1.0436
1624947162411,-1.2504,-8.8541,3.3981,-0.1691,-0.1746,1.1157
1624947162420,-1.2887,-8.7680,3.0918,-0.2582,-0.2369,1.1731
1624947162430,-1.2432,-8.7153,3.0081,-0.3157,-0.3273,1.2024
1624947162440,-1.2313,-8.6460,3.1349,-0.3682,-0.4239,1.2208
1624947162450,-1.2576,-8.5718,3.4268,-0.3841,-0.5253,1.2306
1624947162458,-1.2624,-8.4976,3.6709,-0.3511,-0.6315,1.2257
1624947162468,-1.1858,-8.4115,3.8815,-0.2802,-0.7305,1.2269
1624947162477,-1.1930,-8.2105,3.9676,-0.2326,-0.8099,1.2525
1624947162487,-1.2432,-7.8850,3.8839,-0.1935,-0.8844,1.2733
1624947162496,-1.3533,-7.3897,3.6661,-0.1617,-0.9638,1.2697
1624947162506,-1.4323,-7.0595,3.4436,-0.1141,-1.0506,1.2403
1624947162519,-1.4777,-6.9255,3.3168,-0.0957,-1.1324,1.2000
1624947162527,-1.3222,-6.8298,3.3192,-0.1532,-1.2033,1.1316
1624947162537,-1.1882,-6.7796,3.3431,-0.2680,-1.2461,1.0497
1624947162546,-0.9752,-6.7748,3.5417,-0.3841,-1.2791,0.9642
1624947162555,-1.0135,-6.7820,3.9796,-0.4720,-1.3023,0.8824
1624947162566,-1.1188,-6.8896,4.0968,-0.4513,-1.3731,0.8091
1624947162575,-1.1021,-6.5833,4.3002,-0.4036,-1.4269,0.7113
1624947162583,-1.1619,-6.2555,4.5921,-0.3169,-1.4318,0.5965
1624947162594,-1.1188,-6.2077,4.4151,-0.2118,-1.4489,0.5195
1624947162604,-0.8819,-6.2220,4.5874,-0.1727,-1.4599,0.4389
1624947162614,-0.7647,-6.3154,4.8290,-0.1581,-1.4379,0.3106
1624947162623,-0.4345,-6.6671,5.1234,-0.1544,-1.3902,0.1872
1624947162633,-0.2502,-7.0380,5.3889,-0.1568,-1.3206,0.1127
1624947162642,-0.1354,-7.3036,5.6330,-0.0860,-1.2607,0.0687
1624947162652,0.0058,-7.3634,5.7862,0.0496,-1.2204,0.0064
1624947162661,0.0824,-7.2390,5.9656,0.1828,-1.1679,-0.0791
1624947162671,0.1542,-6.9207,6.0542,0.2305,-1.1092,-0.1512
1624947162681,0.3169,-6.8896,6.3150,0.2023,-1.0286,-0.2160
1624947162690,0.4748,-7.2844,6.6093,0.1083,-0.9199,-0.2612
1624947162700,0.6997,-8.0214,6.9180,-0.0420,-0.7965,-0.2807
1624947162709,0.8888,-8.9235,7.0879,-0.1519,-0.6694,-0.2807
1624947162719,1.1400,-9.4260,7.1190,-0.2265,-0.5570,-0.2526
1624947162729,1.2788,-9.7371,7.2075,-0.1874,-0.4458,-0.2233
1624947162738,1.2621,-9.8854,7.3965,-0.0432,-0.3334,-0.2013
1624947162748,1.3171,-9.8424,7.4994,0.0961,-0.2198,-0.1597
1624947162757,1.3482,-9.8615,7.7052,0.2255,-0.0659,-0.0938
1624947162767,1.2692,-9.6653,7.8536,0.2903,0.1039,-0.0254
1624947162777,1.1209,-9.3829,8.0354,0.2940,0.2725,0.0272
1624947162786,0.9151,-9.1532,7.9684,0.2708,0.4411,0.0638
1624947162794,0.6926,-8.9187,7.6956,0.2011,0.5914,0.1005
1624947162803,0.5825,-8.6340,7.3056,0.1009,0.7355,0.1115
1624947162813,0.4365,-8.3229,6.9802,0.0008,0.8773,0.0907
1624947162823,0.2786,-8.1722,6.7672,-0.0823,1.0080,0.0748
1624947162836,0.1087,-8.1291,6.5447,-0.1300,1.1253,0.0626
1624947162844,-0.0181,-8.0908,6.3987,-0.1287,1.2328,0.0382
1624947162854,-0.1497,-7.9903,6.2408,-0.0774,1.3305,0.0064
1624947162863,-0.2574,-7.7869,6.0518,-0.0078,1.4148,-0.0205
1624947162873,-0.3675,-7.5572,5.7981,0.0887,1.4771,-0.0645
1624947162880,-0.4034,-7.3706,5.5541,0.1706,1.5346,-0.1231
1624947162892,-0.4560,-7.1648,5.3602,0.1938,1.5883,-0.1805
1624947162900,-0.4895,-6.9638,5.2119,0.1950,1.6262,-0.2465
1624947162910,-0.5804,-6.7939,4.9630,0.1950,1.6396,-0.3235
1624947162922,-0.6283,-6.6551,4.7237,0.1767,1.6360,-0.4029
1624947162929,-0.6833,-6.5403,4.4318,0.1498,1.6127,-0.4859
1624947162938,-0.6714,-6.5092,4.0968,0.1156,1.5737,-0.5751
1624947162948,-0.5804,-6.5355,3.8623,0.0765,1.5321,-0.6619
1624947162958,-0.5350,-6.5522,3.7355,0.0337,1.4918,-0.7462
1624947162969,-0.4823,-6.6886,3.6254,0.0191,1.4380,-0.8293
1624947162979,-0.4464,-6.9734,3.4819,0.0508,1.3684,-0.9001
1624947162988,-0.4680,-7.2940,3.2952,0.1070,1.2829,-0.9551
1624947162998,-0.4656,-7.5716,3.0990,0.1791,1.1717,-0.9979
1624947163007,-0.5756,-7.5692,2.8693,0.2622,1.0373,-1.0357
1624947163017,-0.6785,-7.3969,2.7329,0.3294,0.8846,-1.0883
1624947163027,-0.7336,-7.1050,2.6898,0.3318,0.7245,-1.1518
1624947163036,-0.7431,-6.7461,2.6492,0.2341,0.5621,-1.2129
1624947163046,-0.7240,-6.7197,2.5774,0.0631,0.4008,-1.2727
1624947163055,-0.6474,-7.1337,2.5391,-0.1898,0.2688,-1.3118
1624947163065,-0.6546,-7.7606,2.7449,-0.4684,0.1711,-1.3241
1624947163075,-0.6570,-8.6220,2.9818,-0.6638,0.0966,-1.3216
1624947163084,-0.6115,-9.5792,3.1493,-0.6981,0.0269,-1.2911
1624947163094,-0.4273,-10.6224,3.2905,-0.5563,-0.0305,-1.2080
1624947163104,-0.1976,-11.4001,3.3287,-0.2741,-0.0842,-1.0846
1624947163111,0.0274,-11.6968,3.4890,0.0826,-0.1380,-0.9527
1624947163121,0.1039,-11.5221,3.6470,0.4467,-0.1880,-0.8341
1624947163132,0.1949,-11.2278,3.8121,0.7203,-0.2333,-0.7071
1624947163140,0.3408,-11.2781,3.8623,0.8181,-0.2528,-0.5409
1624947163153,0.9653,-10.9167,3.6972,0.6812,-0.2760,-0.3418
1624947163161,1.3578,-12.6874,4.7549,0.4210,-0.1612,-0.1133
1624947163171,0.1446,-13.9556,5.0372,-0.0481,-0.0720,0.2165
1624947163180,-0.2335,-12.5534,4.4749,-0.4610,-0.1245,0.3778
1624947163190,-0.5326,-10.9502,4.0250,-0.2301,-0.1453,0.3570
1624947163200,-0.6594,-9.9859,3.9078,0.1180,-0.1502,0.4059
1624947163209,-0.5110,-9.5648,3.7642,0.0997,-0.1514,0.5953
1624947163219,-0.4440,-9.7921,3.9030,-0.0945,-0.0842,0.7687
1624947163228,-0.5685,-10.4980,4.1782,-0.2692,-0.0109,0.8995
1624947163238,-0.8149,-11.0125,4.5060,-0.3535,0.0123,1.0595
1624947163248,-1.0997,-11.1704,4.9415,-0.2937,0.0099,1.2196
1624947163257,-1.4634,-10.6057,5.0133,-0.1703,-0.0073,1.2977
1624947163267,-1.7720,-9.6653,4.7453,-0.0945,-0.0353,1.3466
1624947163276,-2.0209,-8.9857,4.3289,-0.0615,-0.0781,1.4114
1624947163286,-2.0879,-8.5718,3.5656,-0.1202,-0.1367,1.4566
1624947163295,-1.8941,-8.1937,2.9770,-0.2643,-0.1905,1.4456
1624947163305,-1.8175,-7.9377,2.7569,-0.4036,-0.2394,1.4211
1624947163315,-1.7266,-8.0214,2.7640,-0.4965,-0.3334,1.4297
1624947163325,-1.5758,-8.2607,3.0105,-0.5539,-0.4446,1.4529
1624947163334,-1.5447,-8.2033,3.2402,-0.5478,-0.5570,1.4395
1624947163344,-1.5471,-7.8802,3.2665,-0.4549,-0.6877,1.3808
1624947163353,-1.4562,-7.6362,3.5848,-0.2912,-0.8026,1.3393
1624947163363,-1.4155,-7.3754,3.5536,-0.2033,-0.9040,1.3307
1624947163370,-1.3413,-6.9088,3.4316,-0.2106,-0.9871,1.2684
1624947163381,-1.2552,-6.6695,3.5034,-0.2362,-1.0445,1.1756
1624947163392,-1.2528,-6.5857,3.4938,-0.2729,-1.0970,1.1023
1624947163400,-1.2265,-6.5451,3.5560,-0.3157,-1.1483,1.0278
1624947163414,-1.2121,-6.3728,3.6159,-0.3315,-1.2021,0.9154
1624947163419,-1.2241,-6.1239,3.7044,-0.3401,-1.2534,0.7810
1624947163428,-1.2528,-5.8129,3.6900,-0.3621,-1.3096,0.6490
1624947163438,-1.1882,-5.6597,3.6494,-0.4036,-1.3511,0.5122
1624947163448,-1.0686,-5.7722,3.8432,-0.4305,-1.3744,0.3717
1624947163457,-0.9250,-6.1766,4.1399,-0.4073,-1.3780,0.2434
1624947163469,-0.8006,-6.7341,4.4892,-0.2888,-1.3744,0.1310
1624947163478,-0.6378,-7.1815,4.7644,-0.1324,-1.3634,0.0443
1624947163487,-0.5039,-7.5500,4.7740,0.0227,-1.3450,0.0027
1624947163498,-0.2957,-7.7654,4.8362,0.1571,-1.3243,-0.0193
1624947163505,-0.2454,-7.7439,4.9870,0.2561,-1.2913,-0.0596
1624947163517,-0.2574,-7.5644,5.2526,0.3685,-1.2729,-0.1243
1624947163527,-0.3124,-7.2151,5.5301,0.4467,-1.2607,-0.1903
1624947163536,-0.2933,-6.8537,5.8340,0.4565,-1.2412,-0.2526
1624947163546,-0.0684,-7.1839,6.0278,0.4015,-1.1825,-0.3002
1624947163555,0.1781,-8.0190,6.5375,0.2732,-1.0616,-0.3076
1624947163565,0.2642,-8.6938,7.0472,0.0667,-0.9101,-0.2978
1624947163572,0.3719,-9.2298,7.3965,-0.0933,-0.7672,-0.2978
1624947163582,0.3671,-9.6844,7.6980,-0.1043,-0.6108,-0.2880
1624947163593,0.2714,-9.8902,7.8368,0.0166,-0.4520,-0.2758
1624947163603,0.2379,-9.8878,7.7531,0.1889,-0.3090,-0.2355
1624947163613,0.3049,-9.7538,7.3774,0.3367,-0.1758,-0.1707
1624947163622,0.4246,-9.5576,7.2554,0.4210,-0.0256,-0.1194
1624947163632,0.3312,-9.0743,7.2530,0.4039,0.1320,-0.1084
1624947163642,0.2475,-8.6125,7.1955,0.3416,0.2835,-0.1231
1624947163651,0.0752,-8.4067,7.2960,0.2598,0.4533,-0.1219
1624947163660,-0.0875,-8.0813,7.3128,0.1632,0.6158,-0.1255
1624947163670,-0.2383,-7.9114,7.1381,0.0997,0.7710,-0.1683
1624947163680,-0.2430,-7.8635,6.9682,0.0521,0.9237,-0.2135
1624947163690,-0.3459,-7.7965,6.7433,-0.0200,1.0752,-0.2440
1624947163699,-0.4177,-7.7199,6.4322,-0.0249,1.1949,-0.2893
1624947163709,-0.6355,-7.6529,6.1427,0.0227,1.2719,-0.3442
1624947163718,-0.5708,-7.4232,5.3124,0.0924,1.2707,-0.3992
1624947163728,-0.3148,-7.3179,4.8338,0.1901,1.2951,-0.4603
1624947163737,-0.1928,-7.1481,4.9678,0.3074,1.3611,-0.5336
1624947163747,-0.3818,-6.8729,5.4225,0.3856,1.4344,-0.6154
1624947163755,-0.5134,-6.6264,5.7144,0.3709,1.4918,-0.6851
1624947163764,-0.5278,-6.7461,5.6617,0.3025,1.5529,-0.7266
1624947163774,-0.4536,-7.1983,5.2167,0.2940,1.6066,-0.7755
1624947163783,-0.3651,-7.6888,4.5228,0.3599,1.6189,-0.8317
1624947163798,-0.3818,-7.9090,4.0585,0.4833,1.5859,-0.8598
1624947163805,-0.4584,-7.6793,3.6542,0.6251,1.5150,-0.8989
1624947163815,-0.4297,-7.2605,3.4244,0.7509,1.4063,-0.9685
1624947163824,-0.4225,-6.9160,3.4125,0.8401,1.2963,-1.0418
1624947163834,-0.5086,-6.5259,3.4747,0.8535,1.1790,-1.1261
1624947163843,-0.5517,-6.2412,3.5082,0.7961,1.0618,-1.2178
1624947163853,-0.5589,-6.4278,3.5656,0.6666,0.9652,-1.2862
1624947163863,-0.4345,-7.2581,3.7188,0.4760,0.9066,-1.3155
1624947163872,-0.4297,-8.2464,3.8767,0.2903,0.8528,-1.3057
1624947163882,-0.4273,-8.8733,3.7929,0.1767,0.7539,-1.2752
1624947163891,-0.4321,-9.1149,3.6207,0.1645,0.6305,-1.2446
1624947163902,-0.4464,-9.0264,3.6183,0.2329,0.4973,-1.2166
1624947163909,-0.3699,-8.8900,3.8432,0.3123,0.3800,-1.1909
1624947163918,-0.2789,-9.0001,4.0705,0.3380,0.2957,-1.1518
1624947163928,-0.0803,-9.2250,4.1806,0.2818,0.2371,-1.0736
1624947163938,0.0752,-9.7132,4.2787,0.2109,0.2053,-0.9673
1624947163949,0.0920,-10.1798,4.3385,0.1669,0.1748,-0.8549
1624947163958,0.0441,-10.1869,4.3529,0.1070,0.1235,-0.7462
1624947163968,-0.0923,-10.0649,4.3887,0.0838,0.0660,-0.6558
1624947163977,-0.2048,-9.8663,4.3959,0.0789,0.0062,-0.5690
1624947163987,-0.2670,-9.6246,4.4270,0.0337,-0.0415,-0.4749
1624947163997,-0.2143,-9.2442,4.1471,-0.0249,-0.0842,-0.3943
1624947164006,0.5275,-10.0984,4.9511,-0.0896,-0.0402,-0.2978
1624947164016,-0.7288,-12.2543,5.9106,-0.2143,0.0844,-0.0449
1624947164026,-1.1092,-11.2900,5.4057,-0.4537,0.0123,0.1396
1624947164036,-1.0805,-9.5672,4.7860,-0.2008,-0.0647,0.0724
1624947164045,-1.0231,-9.2274,4.9415,0.2427,-0.0561,0.0992
1624947164055,-0.6929,-9.3112,4.8171,0.2708,-0.0427,0.2886
1624947164064,-0.3340,-9.5648,4.9535,0.1217,0.0074,0.4156
1624947164072,0.0441,-10.0290,4.9965,-0.0371,0.0428,0.4877
1624947164122,0.4963,-10.6081,4.7668,-0.1971,0.0416,0.6331
1624947164123,0.5586,-11.0842,4.8673,-0.2656,0.0514,0.8115
1624947164124,0.0561,-11.0508,5.2382,-0.2008,0.0318,0.9154
1624947164124,-0.5948,-10.4454,5.4918,-0.1361,-0.0231,0.9838
1624947164125,-1.1356,-9.8424,5.6713,-0.1397,-0.0451,1.0925
1624947164131,-1.4131,-9.3806,5.6091,-0.2106,-0.0280,1.2049
1624947164139,-1.5782,-8.8852,5.0181,-0.3059,-0.0353,1.2709
1624947164150,-1.6907,-8.3038,4.2547,-0.4024,-0.0732,1.2965
1624947164160,-1.8558,-7.9114,3.8049,-0.4806,-0.1086,1.3295
1624947164174,-1.9826,-7.8587,3.5369,-0.5612,-0.1600,1.3759
1624947164184,-1.9228,-7.7582,3.5058,-0.6443,-0.2418,1.3979
1624947164187,-1.7410,-7.8061,3.7164,-0.6663,-0.3347,1.3857
1624947164197,-1.5663,-7.8061,3.9317,-0.6015,-0.4409,1.3417
1624947164206,-1.3629,-7.6410,3.9509,-0.4989,-0.5643,1.2929
1624947164216,-1.3174,-7.3538,3.7905,-0.4109,-0.6951,1.2697
1624947164225,-1.2624,-7.1624,3.4986,-0.3584,-0.8368,1.2501
1624947164235,-1.2480,-6.8442,3.2617,-0.3682,-0.9688,1.2134
1624947164245,-1.1260,-6.7413,3.2067,-0.4048,-1.0836,1.1633
1624947164255,-1.0829,-6.7772,3.1038,-0.4549,-1.1886,1.1084
1624947164265,-0.9011,-6.7676,3.3574,-0.5270,-1.2803,1.0387
1624947164276,-0.9370,-6.5977,3.5776,-0.5844,-1.3560,0.9459
1624947164285,-0.9082,-6.4087,3.7044,-0.6150,-1.4305,0.8384
1624947164294,-0.9417,-6.2914,3.8575,-0.6700,-1.4868,0.7370
1624947164304,-0.9274,-6.3680,4.0107,-0.7213,-1.5124,0.6307
1624947164314,-0.8963,-6.6169,4.0872,-0.7457,-1.5222,0.5268
1624947164324,-0.8293,-6.8178,4.2715,-0.7469,-1.5173,0.4303
1624947164333,-0.7623,-6.9638,4.3170,-0.7139,-1.5051,0.3301
1624947164341,-0.6642,-7.1887,4.2763,-0.6125,-1.4892,0.2434
1624947164350,-0.5661,-7.5620,4.4821,-0.4672,-1.4587,0.1799
1624947164360,-0.5230,-7.7678,4.5778,-0.3022,-1.4305,0.1261
1624947164369,-0.3890,-7.9138,4.8673,-0.1080,-1.3951,0.0797
1624947164380,-0.3172,-7.9185,5.1712,0.0826,-1.3463,0.0369
1624947164391,-0.1641,-7.8779,5.4177,0.2195,-1.2876,0.0027
1624947164400,-0.1234,-7.8874,5.6785,0.2879,-1.2094,-0.0241
1624947164409,-0.0803,-7.8109,6.0494,0.2891,-1.1251,-0.0486
1624947164417,-0.0684,-7.9712,6.3150,0.2744,-1.0298,-0.0730
1624947164427,-0.0612,-8.2224,6.5806,0.2231,-0.9211,-0.0864
1624947164437,0.0178,-8.4330,6.8821,0.1425,-0.8038,-0.0901
1624947164448,0.0656,-8.5455,7.1166,0.0716,-0.6804,-0.1011
1624947164458,0.0896,-8.6172,7.1453,0.0240,-0.5643,-0.1072
1624947164467,0.2403,-8.7919,7.1022,-0.0127,-0.4483,-0.0974
1624947164477,0.3671,-9.1341,7.2673,-0.0469,-0.3004,-0.0791
1624947164485,0.3552,-9.3040,7.4492,-0.0945,-0.1380,-0.0596
1624947164496,0.2738,-9.1724,7.5377,-0.1336,0.0135,-0.0400
1624947164506,0.0872,-9.0838,7.5760,-0.1043,0.1626,-0.0168
1624947164516,-0.1521,-8.9211,7.5281,-0.0506,0.3006,0.0089
1624947164526,-0.3029,-8.6172,7.3606,0.0105,0.4411,0.0186
1624947164535,-0.4321,-8.2607,7.1429,0.0704,0.5682,0.0027
1624947164545,-0.5350,-8.0023,7.0113,0.1156,0.6793,-0.0290
1624947164553,-0.4967,-7.7558,6.5614,0.1278,0.7661,-0.0657
1624947164564,-0.4751,-7.6194,6.3772,0.1266,0.8785,-0.1097
1624947164574,-0.5302,-7.5596,6.3772,0.1229,0.9970,-0.1549
1624947164583,-0.5541,-7.5764,6.3054,0.1095,1.0984,-0.1903
1624947164592,-0.5661,-7.6314,6.3102,0.1217,1.2010,-0.2147
1624947164602,-0.6785,-7.6242,6.2695,0.1889,1.2890,-0.2440
1624947164612,-0.6977,-7.6147,6.1212,0.2549,1.3513,-0.2807
1624947164621,-0.6450,-7.5692,5.8077,0.2756,1.4051,-0.3235
1624947164631,-0.5900,-7.5261,5.4799,0.2585,1.4552,-0.3699
1624947164641,-0.5804,-7.5309,5.1712,0.2488,1.4894,-0.4200
1624947164650,-0.5900,-7.6242,4.9295,0.2659,1.5089,-0.4615
1624947164660,-0.6020,-7.6529,4.7118,0.3135,1.5016,-0.4994
1624947164667,-0.6020,-7.4998,4.4366,0.3648,1.4820,-0.5568
1624947164677,-0.5589,-7.3466,4.1854,0.4247,1.4576,-0.6191
1624947164687,-0.5086,-7.3873,4.0609,0.5102,1.4307,-0.6631
1624947164696,-0.4608,-7.5716,4.0896,0.6275,1.3989,-0.6936
1624947164707,-0.5469,-7.7295,4.0992,0.7863,1.3525,-0.7266
1624947164718,-0.6450,-7.8228,3.9796,0.9549,1.2756,-0.7608
1624947164727,-0.7407,-7.7367,3.7714,1.0746,1.1754,-0.7987
1624947164737,-0.7838,-7.4137,3.6733,1.0918,1.0691,-0.8598
1624947164747,-0.8484,-6.9662,3.6518,1.0038,0.9738,-0.9392
1624947164756,-0.8987,-6.5403,3.6039,0.7985,0.8919,-1.0186
1624947164766,-0.9202,-6.3895,3.5872,0.5285,0.8186,-1.0883
1624947164775,-0.9824,-6.5499,3.5608,0.2732,0.7600,-1.1481
1624947164785,-1.0590,-7.0523,3.6350,0.0789,0.7001,-1.1909
1624947164795,-1.1284,-7.8109,3.7427,0.0069,0.6366,-1.1958
1624947164804,-1.1092,-8.6723,3.9054,0.0606,0.5682,-1.1579
1624947164814,-1.0518,-9.3183,3.9437,0.2268,0.4753,-1.0944
1624947164823,-0.8508,-9.5696,4.0155,0.4418,0.3617,-1.0272
1624947164832,-0.6977,-9.4164,4.0657,0.6495,0.2591,-0.9759
1624947164842,-0.6259,-9.1652,4.2045,0.7961,0.1736,-0.9356
1624947164852,-0.5732,-9.0647,4.3457,0.8499,0.1051,-0.8879
1624947164862,-0.5062,-9.0886,4.5419,0.8022,0.0538,-0.8219
1624947164871,-0.4560,-9.1700,4.7955,0.6837,0.0208,-0.7523
1624947164880,-0.4608,-9.3303,4.9415,0.5359,0.0050,-0.6790
1624947164891,-0.4799,-9.3494,5.0324,0.3917,-0.0195,-0.5959
1624947164900,-0.4991,-9.2633,5.0492,0.2537,-0.0415,-0.5177
1624947164908,-0.5589,-9.1437,5.0564,0.1376,-0.0585,-0.4481
1624947164917,-0.6522,-9.0312,5.0540,0.0411,-0.0744,-0.3833
1624947164927,-0.7264,-9.0121,5.0707,-0.0188,-0.0879,-0.3247
1624947164938,-0.8006,-8.9738,5.0611,-0.0554,-0.1013,-0.2624
1624947164948,-0.8269,-8.7919,5.0444,-0.0628,-0.1184,-0.2086
1624947164957,-0.9082,-8.5861,5.1090,-0.0457,-0.1282,-0.1707
1624947164967,-0.9705,-8.4043,5.1951,-0.0139,-0.1404,-0.1390
1624947164976,-0.9370,-8.5144,5.2478,0.0179,-0.1319,-0.0962
1624947164985,-0.5278,-9.0743,5.3507,0.0545,-0.0879,-0.0254
1624947164994,-0.4632,-9.9620,5.7096,0.1327,-0.0305,0.0980
1624947165004,-0.4727,-10.1582,6.0877,0.1926,-0.0146,0.2238
1624947165013,-0.4704,-9.6964,6.0302,0.2500,-0.0060,0.2605
1624947165023,-0.5158,-9.2442,5.9680,0.3343,-0.0024,0.2996
1624947165035,-0.3866,-8.7536,5.7287,0.2842,0.0001,0.3802
1624947165044,-0.1306,-8.2129,5.4751,0.1168,0.0184,0.4328
1624947165054,0.0465,-8.3038,5.2693,-0.0933,0.0538,0.4755
1624947165063,0.0680,-8.8254,4.9630,-0.3095,0.0758,0.5696
1624947165073,-0.0277,-9.5792,4.8314,-0.4672,0.0612,0.7016
1624947165083,-0.3029,-10.0960,4.9295,-0.4781,0.0172,0.8103
1624947165092,-0.6426,-9.8950,5.1401,-0.4378,-0.0451,0.8775
1624947165102,-0.9035,-9.5002,5.4296,-0.3719,-0.0976,0.9459
1624947165112,-1.0781,-9.0240,5.3315,-0.3548,-0.1465,1.0180
1624947165121,-1.1738,-8.7153,5.1186,-0.3938,-0.1783,1.0840
1624947165131,-1.2552,-8.5455,4.8386,-0.4537,-0.2186,1.1438
1624947165141,-1.3102,-8.3397,4.5802,-0.5209,-0.2809,1.1817
1624947165150,-1.3366,-8.0047,4.2069,-0.5991,-0.3640,1.1853
1624947165159,-1.2983,-7.6338,3.9892,-0.6907,-0.4617,1.1682
1624947165169,-1.2337,-7.3682,3.9676,-0.7958,-0.5509,1.1511
1624947165179,-1.1858,-7.2940,4.0083,-0.8886,-0.6413,1.1304
1624947165188,-1.1092,-7.3203,4.0131,-0.9534,-0.7342,1.1047
1624947165198,-1.0375,-7.3897,4.1255,-0.9803,-0.8111,1.0754
1624947165208,-1.0016,-7.3802,4.1662,-0.9754,-0.8783,1.0400
1624947165217,-0.9968,-7.3323,4.2117,-0.9363,-0.9296,0.9923
1624947165227,-1.0853,-7.3826,4.1638,-0.8654,-0.9712,0.9471
1624947165237,-1.0686,-7.3610,4.1519,-0.7787,-1.0127,0.9007
1624947165246,-1.1116,-7.2007,4.0968,-0.7103,-1.0530,0.8335
1624947165256,-1.1021,-7.0739,4.1519,-0.6590,-1.0836,0.7590
1624947165266,-1.0949,-6.8729,4.1782,-0.6516,-1.1068,0.6844
1624947165275,-1.0614,-6.6169,4.1997,-0.6871,-1.1227,0.6087
1624947165285,-1.0016,-6.4493,4.2595,-0.7200,-1.1337,0.5207
1624947165294,-0.9489,-6.3130,4.3289,-0.7323,-1.1398,0.4218
1624947165302,-0.9609,-6.3656,4.3792,-0.7530,-1.1398,0.3240
1624947165311,-0.9537,-6.6264,4.5084,-0.7506,-1.1337,0.2410
1624947165321,-0.9633,-6.8561,4.5826,-0.7359,-1.1251,0.1530
1624947165330,-0.9130,-7.1768,4.6161,-0.6834,-1.1043,0.0614
1624947165342,-0.8125,-7.6553,4.7979,-0.5893,-1.0689,-0.0058
1624947165352,-0.7240,-8.1602,4.9319,-0.4659,-1.0225,-0.0510
1624947165363,-0.6570,-8.4043,5.1114,-0.3059,-0.9834,-0.0828
1624947165371,-0.6091,-8.4713,5.3746,-0.1238,-0.9455,-0.1060
1624947165380,-0.5637,-8.3181,5.5636,0.0472,-0.9003,-0.1329
1624947165390,-0.5493,-7.9640,5.6785,0.1571,-0.8527,-0.1744
1624947165401,-0.4369,-7.8156,5.7790,0.1730,-0.7892,-0.2160
1624947165407,-0.3100,-7.9233,5.9728,0.1205,-0.6963,-0.2330
1624947165422,-0.2526,-8.2368,6.1523,0.0460,-0.6010,-0.2318
1624947165427,-0.0971,-8.4880,6.2264,-0.0175,-0.5253,-0.2379
1624947165438,0.0585,-8.8350,6.3604,-0.0506,-0.4336,-0.2294
1624947165446,0.1422,-9.1915,6.6667,-0.0506,-0.3176,-0.2001
1624947165458,0.1231,-9.3973,6.7409,-0.0078,-0.2149,-0.1756
1624947165467,0.1063,-9.4260,6.7624,0.0521,-0.1184,-0.1524
1624947165476,0.0991,-9.4380,6.8414,0.1131,-0.0048,-0.1280
1624947165486,0.0991,-9.2035,6.8725,0.1388,0.1235,-0.1097
1624947165496,0.0991,-8.8828,6.8127,0.1486,0.2408,-0.1072
1624947165506,0.0585,-8.6842,6.7361,0.1804,0.3703,-0.1072
1624947165515,-0.0971,-8.4904,6.6165,0.2207,0.4851,-0.1072
1624947165525,-0.1521,-8.3277,6.4777,0.2610,0.5816,-0.1170
1624947165534,-0.2143,-8.1507,6.3365,0.3172,0.6879,-0.1317
1624947165544,-0.2622,-7.9066,6.3269,0.3441,0.7966,-0.1500
1624947165551,-0.3268,-7.7128,6.2743,0.3343,0.9005,-0.1940
1624947165563,-0.3555,-7.6697,6.0948,0.2732,1.0007,-0.2416
1624947165573,-0.4129,-7.7845,6.0924,0.1938,1.0935,-0.2624
1624947165582,-0.5445,-7.8826,5.8699,0.1596,1.1583,-0.2905
1624947165591,-0.6115,-7.9353,5.6450,0.1999,1.1900,-0.3247
1624947165602,-0.6020,-7.9999,5.4775,0.2427,1.2303,-0.3699
1624947165611,-0.5182,-8.0095,5.2693,0.2427,1.2694,-0.3882
1624947165619,-0.4919,-7.9257,5.1832,0.2170,1.3012,-0.4029
1624947165628,-0.4991,-7.8755,4.9559,0.2414,1.3171,-0.4481
1624947165638,-0.4799,-8.0047,4.7716,0.3074,1.3232,-0.4823
1624947165648,-0.5278,-8.1243,4.5754,0.4003,1.3122,-0.4921
1624947165658,-0.5852,-8.1530,4.3911,0.5200,1.2731,-0.5104
1624947165667,-0.5780,-8.1626,4.2906,0.6568,1.2218,-0.5373
1624947165678,-0.5517,-8.0932,4.2524,0.7680,1.1705,-0.5605
1624947165688,-0.5493,-8.0047,4.1519,0.8572,1.1180,-0.5947
1624947165698,-0.5852,-7.8683,4.0203,0.9415,1.0508,-0.6338
1624947165707,-0.6020,-7.7008,3.9317,0.9965,0.9701,-0.6680
1624947165717,-0.6211,-7.4663,3.8551,0.9879,0.8919,-0.6985
1624947165727,-0.6714,-7.1696,3.7403,0.8731,0.8076,-0.7352
1624947165736,-0.6594,-6.9136,3.5991,0.6874,0.7185,-0.7853
1624947165746,-0.6331,-6.9734,3.5297,0.4491,0.6500,-0.8317
1624947165755,-0.6355,-7.2701,3.5178,0.2353,0.5938,-0.8757
1624947165763,-0.6857,-7.6338,3.5226,0.0838,0.5266,-0.9136
1624947165775,-0.6929,-8.0645,3.5991,0.0655,0.4509,-0.9356
1624947165784,-0.6690,-8.4832,3.7570,0.1571,0.3739,-0.9294
1624947165793,-0.6378,-8.6866,3.9078,0.2928,0.2945,-0.9074
1624947165803,-0.5039,-8.6938,3.9413,0.4308,0.2127,-0.8842
1624947165813,-0.3555,-8.5598,3.9700,0.4919,0.1454,-0.8549
1624947165823,-0.3076,-8.4402,4.0203,0.4455,0.0856,-0.8244
1624947165832,-0.2574,-8.3445,4.0633,0.3306,0.0318,-0.8012
1624947165842,-0.2454,-8.3756,4.1686,0.1779,-0.0073,-0.7841
1624947165851,-0.2957,-8.4354,4.2739,0.0362,-0.0415,-0.7621
1624947165861,-0.3340,-8.6244,4.3720,-0.0676,-0.0781,-0.7278
1624947165871,-0.3555,-8.9044,4.4869,-0.1116,-0.1038,-0.6888
1624947165879,-0.3340,-9.1652,4.6041,-0.1226,-0.1233,-0.6362
1624947165890,-0.2717,-9.3351,4.6879,-0.1129,-0.1331,-0.5739
1624947165898,-0.2430,-9.5050,4.7764,-0.0676,-0.1380,-0.5153
1624947165909,-0.2287,-9.5863,4.8242,-0.0127,-0.1441,-0.4481
1624947165917,-0.1808,-9.8543,4.9391,0.0496,-0.1404,-0.3760
1624947165928,-0.1497,-10.1893,5.0205,0.1070,-0.1306,-0.2831
1624947165936,-0.0133,-10.0601,4.8314,0.0875,-0.1245,-0.1781
1624947165945,0.3767,-10.0003,4.9247,0.0704,-0.1172,-0.0889
1624947165955,-0.1665,-10.6918,5.5876,0.0814,-0.0989,0.0577
1624947165965,-1.0638,-10.0529,5.4727,-0.0396,-0.1270,0.1811
1624947165978,-1.0566,-8.4545,5.0540,-0.0847,-0.1710,0.1505
1624947165986,-0.8317,-7.7941,4.8745,0.0203,-0.1624,0.1322
1624947165996,-0.4871,-8.1650,4.7142,-0.0285,-0.1343,0.2226
1624947166006,-0.1066,-8.8685,4.6568,-0.2680,-0.0842,0.3460
1624947166015,0.0800,-9.9094,4.7644,-0.4647,-0.0207,0.4450
1624947166025,0.0489,-10.7301,4.8386,-0.5343,-0.0060,0.5623
1624947166034,-0.0923,-10.8474,4.8410,-0.4830,-0.0561,0.6857
1624947166044,-0.3100,-10.4095,4.9367,-0.3059,-0.1257,0.7590
1624947166053,-0.5350,-9.7562,5.0276,-0.1923,-0.1807,0.8115
1624947166063,-0.6546,-9.2298,5.0587,-0.2289,-0.2064,0.9044
1624947166073,-0.7312,-8.9498,4.9032,-0.3328,-0.2296,0.9960
1624947166082,-0.8053,-8.7512,4.5874,-0.4403,-0.2662,1.0363
1624947166092,-0.9633,-8.5359,4.2452,-0.5270,-0.3188,1.0730
1624947166101,-1.1092,-8.3349,3.9389,-0.5759,-0.4006,1.1059
1624947166111,-1.1571,-8.0501,3.7212,-0.6528,-0.4972,1.1182
1624947166121,-1.1643,-7.8252,3.5848,-0.7433,-0.5900,1.1182
1624947166130,-1.0710,-7.8492,3.6781,-0.8263,-0.6706,1.1157
1624947166140,-1.0016,-7.9305,3.8384,-0.8495,-0.7537,1.0986
1624947166149,-0.9848,-7.9496,3.9150,-0.7970,-0.8417,1.0693
1624947166159,-0.9848,-7.9568,3.9580,-0.7066,-0.9138,1.0363
1624947166168,-1.0207,-7.8037,3.9892,-0.6248,-0.9724,1.0033
1624947166178,-1.0111,-7.5165,3.8097,-0.5686,-1.0286,0.9703
1624947166187,-1.0494,-7.2868,3.7738,-0.5453,-1.0726,0.9154
1624947166197,-1.0733,-7.1169,3.7714,-0.5405,-1.1166,0.8408
1624947166207,-1.0303,-6.8777,3.7355,-0.5698,-1.1557,0.7577
1624947166217,-0.9776,-6.7173,3.7666,-0.6003,-1.1813,0.6722
1624947166226,-0.9178,-6.6862,3.9700,-0.6077,-1.1972,0.5818
1624947166236,-0.9082,-6.9160,4.0753,-0.5478,-1.2058,0.4902
1624947166244,-0.9130,-7.2581,4.0920,-0.4427,-1.2106,0.4083
1624947166253,-0.7958,-7.6745,4.0681,-0.3266,-1.2082,0.3497
1624947166262,-0.7048,-7.8563,4.1734,-0.1715,-1.1911,0.3008
1624947166272,-0.5565,-7.7032,4.2236,-0.0322,-1.1764,0.2410
1624947166281,-0.3890,-7.4878,4.2452,0.0851,-1.1569,0.1664
1624947166294,-0.2454,-7.4352,4.4342,0.1828,-1.1178,0.0943
1624947166303,-0.0899,-7.5429,4.6400,0.2500,-1.0628,0.0272
1624947166313,-0.0301,-7.6745,4.8960,0.3196,-1.0139,-0.0107
1624947166322,-0.0372,-7.7893,5.0587,0.3868,-0.9773,-0.0302
1624947166332,-0.0995,-7.7774,5.1688,0.4113,-0.9529,-0.0535
1624947166342,-0.1425,-7.6577,5.2430,0.3404,-0.9235,-0.0840
1624947166351,-0.1497,-7.5022,5.3842,0.1864,-0.8832,-0.1231
1624947166361,-0.1210,-7.5309,5.4847,-0.0273,-0.8356,-0.1695
1624947166370,-0.0349,-7.9592,5.6498,-0.2204,-0.7696,-0.2111
1624947166379,0.0896,-8.6172,5.8651,-0.3340,-0.6938,-0.2208
1624947166389,0.1853,-9.1341,6.0781,-0.3315,-0.6205,-0.2135
1624947166399,0.3025,-9.5050,6.3198,-0.2387,-0.5424,-0.1915
1624947166407,0.4198,-9.5146,6.4179,-0.1092,-0.4666,-0.1475
1624947166416,0.5203,-9.4667,6.3915,0.0227,-0.3970,-0.0950
1624947166426,0.6088,-9.5528,6.4131,0.1058,-0.3151,-0.0400
1624947166438,0.6399,-9.6127,6.4035,0.1046,-0.2161,0.0174
1624947166447,0.7237,-9.5839,6.4873,0.0460,-0.1050,0.0711
1624947166456,0.6854,-9.4643,6.7170,0.0203,0.0135,0.0956
1624947166465,0.5753,-9.4428,6.8893,0.0399,0.1406,0.1090
1624947166476,0.4772,-9.4571,7.0639,0.0777,0.2737,0.1542
1624947166486,0.3097,-9.4547,7.1166,0.1266,0.4155,0.2031
1624947166496,0.1829,-9.3471,6.9610,0.1950,0.5462,0.2287
1624947166505,0.0824,-9.1508,6.7864,0.2524,0.6769,0.2458
1624947166515,-0.1162,-8.7584,6.6189,0.2928,0.8003,0.2483
1624947166524,-0.2143,-8.3062,6.4944,0.3086,0.9127,0.2238
1624947166533,-0.3100,-7.9616,6.4466,0.2989,1.0337,0.1872
1624947166543,-0.3627,-7.7271,6.4179,0.2708,1.1534,0.1554
1624947166553,-0.4704,-7.6362,6.1499,0.2585,1.2597,0.1188
1624947166562,-0.4799,-7.4519,5.8125,0.2708,1.3415,0.0834
1624947166572,-0.5086,-7.4663,5.6474,0.2952,1.4173,0.0308
1624947166580,-0.5086,-7.4184,5.3698,0.3074,1.4808,-0.0205
1624947166589,-0.5613,-7.2868,5.2191,0.3416,1.5248,-0.0889
1624947166599,-0.6139,-7.1241,5.0540,0.3722,1.5456,-0.1707
1624947166608,-0.6283,-7.0475,4.7836,0.3453,1.5529,-0.2379
1624947166618,-0.5661,-7.0404,4.5395,0.2720,1.5529,-0.2893
1624947166628,-0.6163,-7.0643,4.3648,0.2268,1.5382,-0.3467
1624947166639,-0.6522,-7.1552,4.1925,0.2512,1.4991,-0.4212
1624947166649,-0.6690,-7.1433,4.0322,0.2915,1.4478,-0.4908
1624947166658,-0.6690,-7.1768,3.8982,0.3123,1.3843,-0.5409
1624947166668,-0.6881,-7.2749,3.7714,0.3404,1.3085,-0.5935
1624947166678,-0.7192,-7.4113,3.7092,0.3599,1.2389,-0.6448
1624947166687,-0.7958,-7.4639,3.6111,0.3660,1.1570,-0.6924
1624947166697,-0.8293,-7.6147,3.5226,0.4027,1.0715,-0.7327
1624947166707,-0.8101,-7.6769,3.4843,0.4296,0.9836,-0.7621
1624947166716,-0.7671,-7.5811,3.5321,0.4271,0.9005,-0.7963
1624947166726,-0.7527,-7.5165,3.5728,0.4271,0.8223,-0.8329
1624947166735,-0.8149,-7.5094,3.4484,0.4149,0.7380,-0.8622
1624947166745,-0.8030,-7.4759,3.4005,0.3709,0.6512,-0.8916
1624947166754,-0.8053,-7.5692,3.3862,0.3208,0.5804,-0.9160
1624947166764,-0.8221,-7.7869,3.3742,0.2390,0.5083,-0.9209
1624947166774,-0.8389,-8.1483,3.3527,0.1315,0.4387,-0.9160
1624947166783,-0.8341,-8.5479,3.4244,0.0606,0.3690,-0.9074
1624947166793,-0.8580,-8.7249,3.5226,0.0350,0.3006,-0.8977
1624947166803,-0.8891,-8.7752,3.7044,0.0557,0.2334,-0.8916
1624947166812,-0.8843,-8.8517,3.8241,0.1168,0.1723,-0.8769
1624947166822,-0.8245,-8.8757,3.8863,0.1547,0.1198,-0.8439
1624947166831,-0.7551,-8.8206,3.9198,0.1632,0.0709,-0.8109
1624947166839,-0.6714,-8.7680,3.8934,0.1596,0.0221,-0.7828
1624947166851,-0.6522,-8.6388,3.8934,0.1315,-0.0268,-0.7547
1624947166860,-0.6211,-8.5072,3.8887,0.0814,-0.0769,-0.7340
1624947166868,-0.4823,-8.6603,4.0657,0.0447,-0.1123,-0.7046
1624947166879,-0.4273,-9.0001,4.2284,0.0081,-0.1319,-0.6631
1624947166889,-0.3292,-9.2466,4.2811,-0.0127,-0.1612,-0.6069
1624947166899,-0.2765,-9.3901,4.3170,0.0166,-0.1966,-0.5568
1624947166907,-0.2717,-9.3040,4.3840,0.0912,-0.2271,-0.5202
1624947166916,-0.2741,-8.9857,4.4007,0.1449,-0.2601,-0.4945
1624947166926,-0.3555,-8.6101,4.1758,0.1608,-0.2785,-0.4713
1624947166935,0.3934,-8.5383,4.5395,0.1315,-0.2944,-0.4383
1624947166945,0.0967,-10.0123,5.1329,0.0728,-0.2015,-0.3186
1624947166954,-0.5039,-10.8067,5.7455,-0.0603,-0.1294,-0.1487
1624947166965,-0.3986,-10.6176,5.8627,-0.0139,-0.1477,-0.0803
1624947166976,-0.6307,-10.1989,5.8436,0.2512,-0.1099,-0.0632
1624947166985,-0.6546,-9.3447,5.6976,0.3893,-0.0879,-0.0119
1624947166994,-0.5972,-8.6388,5.4559,0.3954,-0.0757,0.0320
1624947167004,-0.6331,-8.1411,5.3076,0.2744,-0.0317,0.0333
1624947167014,-0.5445,-7.7965,5.2071,0.0716,0.0172,0.0369
1624947167024,-0.5134,-7.9162,5.2286,-0.0554,0.0648,0.0528
1624947167033,-0.4393,-8.0741,5.1808,-0.0847,0.0893,0.0638
1624947167043,-0.3842,-8.1459,5.1808,-0.0310,0.0905,0.0638
1624947167052,-0.2933,-8.1674,5.1257,0.0631,0.0770,0.0528
1624947167062,-0.1449,-8.1530,5.1042,0.1388,0.0636,0.0491
1624947167071,0.0297,-8.1746,5.1234,0.1767,0.0551,0.0553
1624947167081,0.0943,-8.2846,5.1712,0.2048,0.0465,0.0553
1624947167090,0.1590,-8.3301,5.2334,0.2195,0.0269,0.0626
1624947167101,0.1972,-8.2727,5.2310,0.2305,0.0147,0.0675
1624947167110,0.2307,-8.1961,5.2502,0.2329,-0.0011,0.0711
1624947167120,0.2690,-8.0621,5.1856,0.2060,-0.0048,0.0773
1624947167129,0.2523,-7.9975,5.1640,0.1681,-0.0060,0.0858
1624947167138,0.3049,-7.9353,5.1305,0.1364,-0.0060,0.0870
1624947167148,0.3193,-7.9042,5.1138,0.1205,-0.0073,0.0785
1624947167158,0.3504,-7.9185,5.0731,0.1107,-0.0085,0.0663
1624947167168,0.3647,-7.9281,5.0922,0.1107,-0.0073,0.0589
1624947167178,0.3552,-7.9568,5.1473,0.1290,-0.0048,0.0553
1624947167187,0.3504,-7.9114,5.1856,0.1547,-0.0036,0.0467
1624947167197,0.3384,-7.8587,5.1856,0.1852,-0.0097,0.0333
1624947167206,0.3863,-7.8133,5.1832,0.1669,-0.0146,0.0150
1624947167216,0.3480,-7.8922,5.1377,0.1425,-0.0097,0.0027
1624947167225,0.3360,-8.0214,5.1425,0.1180,-0.0073,-0.0058
1624947167235,0.2786,-8.0741,5.2454,0.0961,-0.0085,-0.0241
1624947167245,0.2355,-8.1004,5.2908,0.0948,-0.0085,-0.0364
1624947167252,0.2068,-8.1674,5.2837,0.1107,-0.0158,-0.0388
1624947167262,0.1542,-8.1459,5.2885,0.1046,-0.0158,-0.0400
1624947167271,0.1063,-8.0190,5.2765,0.0851,-0.0109,-0.0449
1624947167281,0.0800,-7.9520,5.2837,0.0569,-0.0109,-0.0486
1624947167291,0.0321,-8.0166,5.3339,0.0313,-0.0011,-0.0425
1624947167303,0.0345,-8.1219,5.3674,0.0240,0.0062,-0.0302
1624947167312,-0.0109,-8.1147,5.3507,0.0386,0.0062,-0.0241
1624947167322,-0.0660,-8.0549,5.3100,0.0557,0.0013,-0.0205
1624947167331,-0.0851,-7.9736,5.3411,0.0741,-0.0011,-0.0132
1624947167341,-0.1210,-7.9377,5.3411,0.0802,-0.0024,-0.0022
1624947167350,-0.1234,-7.9090,5.3387,0.0692,-0.0036,0.0027
1624947167360,-0.1473,-7.9832,5.3961,0.0667,-0.0024,0.0125
1624947167370,-0.1449,-8.0310,5.4440,0.0851,-0.0048,0.0247
1624947167379,-0.1330,-8.0023,5.4296,0.0961,-0.0121,0.0296
1624947167389,-0.1186,-7.9664,5.4583,0.1095,-0.0146,0.0272
1624947167398,-0.1378,-7.9066,5.5253,0.1095,-0.0170,0.0296
1624947167407,-0.1473,-7.8779,5.6019,0.1144,-0.0231,0.0357
1624947167416,-0.1306,-7.8587,5.5684,0.1144,-0.0280,0.0406
1624947167427,-0.0995,-7.8755,5.5804,0.1217,-0.0329,0.0394
1624947167435,-0.0875,-7.9114,5.6378,0.1327,-0.0353,0.0430
1624947167446,-0.0947,-7.9114,5.7048,0.1474,-0.0402,0.0406
1624947167456,-0.0684,-7.8300,5.6522,0.1547,-0.0439,0.0345
1624947167464,0.0297,-7.8826,5.7096,0.1522,-0.0415,0.0308
1624947167475,0.0058,-7.9425,5.8460,0.1303,-0.0317,0.0357
1624947167484,-0.0229,-7.8922,5.8316,0.1180,-0.0256,0.0382
1624947167494,-0.0468,-7.8013,5.7670,0.1034,-0.0243,0.0320
1624947167504,-0.0085,-7.7175,5.7359,0.0826,-0.0158,0.0320
1624947167514,-0.0325,-7.7463,5.7216,0.0679,-0.0024,0.0357
1624947167523,-0.0420,-7.6984,5.6713,0.0484,0.0001,0.0333
1624947167531,-0.0085,-7.7128,5.6210,0.0337,0.0025,0.0198
1624947167542,-0.0061,-7.7343,5.6402,0.0215,0.0111,0.0113
1624947167552,-0.0181,-7.7678,5.6210,0.0179,0.0135,0.0089
1624947167562,0.0082,-7.7941,5.5900,-0.0029,0.0172,0.0003
1624947167571,-0.0444,-7.8324,5.5995,-0.0066,0.0208,-0.0046
1624947167579,-0.0277,-7.8659,5.5852,-0.0041,0.0257,-0.0009
1624947167588,-0.0157,-7.8515,5.5301,-0.0102,0.0257,-0.0034
1624947167598,-0.0038,-7.7702,5.5062,-0.0163,0.0245,-0.0083
1624947167608,0.0178,-7.7582,5.4296,-0.0175,0.0221,-0.0144
1624947167620,0.0513,-7.7558,5.4009,-0.0237,0.0184,-0.0205
1624947167629,0.0991,-7.8133,5.3794,-0.0261,0.0159,-0.0290
1624947167639,0.0920,-7.9066,5.4057,-0.0224,0.0135,-0.0339
1624947167648,0.1446,-7.9975,5.4081,-0.0102,0.0111,-0.0315
1624947167658,0.1542,-8.0573,5.4416,0.0118,0.0062,-0.0266
1624947167667,0.1709,-7.9879,5.4249,0.0227,0.0050,-0.0278
1624947167677,0.1733,-7.9329,5.4464,0.0142,0.0037,-0.0315
1624947167687,0.1733,-7.9616,5.5110,0.0069,0.0025,-0.0266
1624947167696,0.1326,-7.9832,5.4966,-0.0139,0.0037,-0.0217
1624947167706,0.1470,-8.0214,5.4607,-0.0322,0.0001,-0.0156
1624947167716,0.1231,-8.0262,5.4583,-0.0249,-0.0060,-0.0107
1624947167725,0.1135,-8.0358,5.4583,-0.0102,-0.0085,0.0003
1624947167735,0.0800,-7.9784,5.4775,0.0118,-0.0146,0.0040
1624947167744,0.0465,-7.8635,5.5038,0.0130,-0.0182,-0.0022
1624947167754,0.0130,-7.8252,5.5158,0.0154,-0.0219,0.0015
1624947167763,-0.0157,-7.7845,5.4153,0.0142,-0.0243,0.0052
1624947167774,0.0034,-7.8587,5.4512,0.0179,-0.0219,0.0076
1624947167782,-0.0301,-7.8707,5.5158,0.0203,-0.0219,0.0089
1624947167792,-0.0588,-7.8228,5.5014,0.0435,-0.0268,0.0027
1624947167802,-0.0875,-7.8228,5.5660,0.0631,-0.0280,-0.0009
1624947167811,-0.1186,-7.8037,5.5206,0.0606,-0.0268,0.0052
1624947167821,-0.1186,-7.8348,5.5636,0.0496,-0.0243,0.0064
1624947167830,-0.1138,-7.8802,5.5995,0.0569,-0.0207,0.0040
1624947167840,-0.1162,-7.9018,5.6091,0.0679,-0.0182,0.0015
1624947167850,-0.1186,-7.9185,5.6282,0.0716,-0.0146,-0.0022
1624947167859,-0.0947,-7.9090,5.6665,0.0728,-0.0109,-0.0009
1624947167869,-0.0755,-7.8707,5.6689,0.0594,-0.0085,-0.0034
1624947167877,-0.0349,-7.8563,5.6474,0.0447,-0.0024,-0.0058
1624947167886,-0.0253,-7.8659,5.6570,0.0386,0.0074,-0.0083
1624947167901,-0.0181,-7.8468,5.6474,0.0179,0.0147,-0.0095
1624947167905,-0.0229,-7.8515,5.6450,0.0044,0.0172,-0.0107
1624947167917,-0.0109,-7.8707,5.6187,0.0032,0.0208,-0.0070
1624947167925,-0.0396,-7.8659,5.5995,0.0032,0.0233,-0.0070
1624947167934,-0.0540,-7.8180,5.5708,0.0056,0.0221,-0.0070
1624947167944,-0.0564,-7.8324,5.5397,0.0044,0.0233,-0.0034
1624947167955,-0.0564,-7.8204,5.5158,0.0044,0.0269,-0.0034
1624947167965,-0.0372,-7.8492,5.5062,0.0081,0.0257,-0.0058
1624947167974,-0.0038,-7.8324,5.5038,0.0142,0.0257,-0.0034
1624947167983,0.0202,-7.8133,5.4727,0.0093,0.0257,-0.0046
1624947167994,0.0417,-7.7917,5.4679,-0.0041,0.0245,-0.0058
1624947168003,0.0297,-7.7989,5.4296,-0.0041,0.0221,-0.0058
1624947168013,0.0226,-7.7726,5.4201,-0.0029,0.0172,-0.0083
1624947168023,0.0393,-7.7869,5.4392,0.0020,0.0135,-0.0119
1624947168033,0.0345,-7.8587,5.4703,0.0056,0.0123,-0.0119
1624947168042,0.0537,-7.8970,5.4871,0.0105,0.0111,-0.0107
1624947168052,0.0489,-7.8731,5.4871,0.0252,0.0062,-0.0132
1624947168061,0.0321,-7.8970,5.4895,0.0435,0.0025,-0.0156
1624947168071,-0.0468,-7.8611,5.6761,0.0447,0.0025,-0.0168
1624947168081,-0.0947,-7.3610,5.1880,-0.0066,-0.0231,-0.0376
1624947168090,0.1542,-7.4448,5.1664,-0.0237,-0.0243,-0.0803
1624947168099,0.1302,-8.0143,5.4990,-0.0359,0.0025,-0.0596
1624947168108,0.0896,-8.3253,5.6570,-0.0615,0.0123,-0.0229
1624947168119,0.0274,-8.3564,5.6474,-0.0285,-0.0011,-0.0254
1624947168128,0.0991,-8.2751,5.7263,0.0252,0.0001,-0.0193
1624947168139,-0.0061,-8.2344,5.7622,0.0496,0.0111,0.0162
1624947168148,-0.0301,-7.8922,5.6210,0.0350,0.0074,0.0235
1624947168158,-0.0301,-7.7989,5.5325,0.0350,0.0086,0.0137
1624947168167,-0.0612,-7.7893,5.4942,0.0118,0.0172,0.0223
1624947168176,-0.0325,-7.7893,5.4751,-0.0029,0.0184,0.0210
1624947168186,-0.0349,-7.7726,5.4703,0.0081,0.0196,0.0076
1624947168196,-0.0253,-7.7845,5.5301,0.0203,0.0208,0.0052
1624947168206,-0.0038,-7.8276,5.5636,0.0350,0.0208,0.0052
1624947168215,0.0321,-7.8707,5.5564,0.0313,0.0196,0.0027
1624947168225,0.0297,-7.9042,5.5971,0.0264,0.0221,0.0040
1624947168234,0.0297,-7.9281,5.6330,0.0325,0.0208,0.0052
1624947168242,0.0441,-7.9568,5.6713,0.0289,0.0208,0.0064
1624947168252,0.0321,-7.9114,5.6689,0.0227,0.0245,0.0101
1624947168261,0.0250,-7.8659,5.6617,0.0215,0.0233,0.0089
1624947168271,-0.0038,-7.8611,5.6163,0.0240,0.0208,0.0113
1624947168280,-0.0014,-7.8204,5.5732,0.0154,0.0196,0.0150
1624947168292,0.0082,-7.7989,5.5852,0.0142,0.0184,0.0150
1624947168302,-0.0157,-7.7869,5.5708,0.0215,0.0172,0.0113
1624947168311,-0.0109,-7.7893,5.5541,0.0289,0.0111,0.0052
1624947168321,-0.0301,-7.7845,5.5636,0.0313,0.0099,0.0015
1624947168331,-0.0420,-7.7726,5.5971,0.0227,0.0062,-0.0009
1624947168340,-0.0372,-7.7989,5.5852,0.0203,0.0050,-0.0009
1624947168350,-0.0325,-7.8324,5.5804,0.0203,0.0050,0.0015
1624947168359,-0.0301,-7.8468,5.5947,0.0227,0.0013,0.0003
1624947168369,-0.0133,-7.8683,5.6258,0.0264,0.0001,-0.0009
1624947168379,-0.0468,-7.8300,5.5995,0.0276,0.0001,-0.0009
1624947168387,-0.0301,-7.8276,5.5732,0.0252,0.0025,-0.0022
1624947168398,-0.0492,-7.8300,5.5876,0.0191,0.0013,-0.0022
1624947168406,-0.0396,-7.8468,5.5923,0.0130,0.0062,-0.0022
1624947168415,-0.0468,-7.8659,5.5852,0.0118,0.0074,-0.0009
1624947168426,-0.0540,-7.8468,5.5780,0.0166,0.0062,0.0003
1624947168434,-0.0420,-7.7941,5.5397,0.0227,0.0050,0.0003
1624947168445,-0.0277,-7.8659,5.5421,0.0191,0.0050,0.0027
1624947168455,-0.0133,-7.9473,5.5947,0.0154,0.0062,0.0052
1624947168463,-0.0372,-7.9712,5.5995,0.0142,0.0111,0.0052
1624947168473,-0.0564,-7.9185,5.5947,0.0020,0.0147,0.0003
1624947168484,-0.0708,-7.8683,5.5708,0.0081,0.0159,0.0027
1624947168493,-0.0684,-7.8061,5.5038,0.0069,0.0147,0.0064
1624947168503,-0.0636,-7.7989,5.4871,-0.0041,0.0099,0.0052
1624947168513,-0.0851,-7.8276,5.4823,-0.0017,0.0111,0.0040
1624947168522,-0.0636,-7.8587,5.5014,0.0056,0.0099,0.0052
1624947168530,-0.0325,-7.9425,5.5349,0.0203,0.0074,0.0076
1624947168542,-0.0444,-7.9425,5.5541,0.0215,0.0025,0.0101
1624947168551,-0.0468,-7.8946,5.5660,0.0264,0.0013,0.0113
1624947168559,-0.0468,-7.8611,5.5541,0.0325,0.0001,0.0137
1624947168568,-0.0468,-7.8228,5.5301,0.0337,0.0001,0.0137
1624947168578,-0.0396,-7.8037,5.5253,0.0301,-0.0011,0.0137
1624947168588,-0.0372,-7.8300,5.5062,0.0325,0.0001,0.0113
1624947168600,0.0130,-7.9712,5.5493,0.0350,0.0001,0.0162
1624947168609,0.0202,-7.9975,5.5923,0.0325,-0.0024,0.0162
1624947168619,0.0178,-7.9592,5.6115,0.0252,-0.0036,0.0125
1624947168628,0.0082,-7.8922,5.6139,0.0215,-0.0011,0.0113
1624947168638,0.0082,-7.7989,5.5876,0.0240,0.0001,0.0125
1624947168647,0.0058,-7.7726,5.5229,0.0191,-0.0011,0.0125
1624947168657,0.0393,-7.7343,5.4775,0.0240,0.0013,0.0101
1624947168667,0.0537,-7.7534,5.4942,0.0289,0.0013,0.0064
1624947168676,0.0680,-7.8252,5.5373,0.0252,0.0013,0.0064
1624947168686,0.0943,-7.8061,5.5612,0.0166,0.0050,0.0040
1624947168696,0.0800,-7.7774,5.5469,0.0203,0.0062,-0.0022
1624947168705,0.0824,-7.7750,5.5253,0.0252,0.0074,-0.0046
1624947168715,0.0967,-7.7726,5.5206,0.0191,0.0062,-0.0083
1624947168724,0.0680,-7.7558,5.5325,0.0142,0.0086,-0.0095
1624947168734,0.0704,-7.7558,5.5253,0.0032,0.0099,-0.0144
1624947168744,0.0704,-7.7774,5.5373,0.0020,0.0086,-0.0180
1624947168753,0.0728,-7.8252,5.5756,0.0020,0.0099,-0.0156
1624947168763,0.0800,-7.8683,5.5923,0.0008,0.0111,-0.0107
1624947168773,0.0537,-7.8444,5.5947,0.0118,0.0086,-0.0119
1624947168781,0.0417,-7.8300,5.5923,0.0227,0.0050,-0.0107
1624947168792,0.0513,-7.8826,5.6091,0.0252,0.0037,-0.0095
1624947168801,0.0034,-7.9281,5.6474,0.0325,0.0013,-0.0070
1624947168811,-0.0109,-7.9736,5.6880,0.0386,0.0025,-0.0034
1624947168820,-0.0372,-7.9449,5.6641,0.0386,0.0013,-0.0022
1624947168830,-0.0660,-7.8850,5.6976,0.0484,0.0013,0.0015
1624947168840,-0.1066,-7.8085,5.6761,0.0521,0.0050,0.0052
1624947168849,-0.1258,-7.7630,5.6689,0.0423,0.0086,0.0076
1624947168859,-0.1330,-7.7151,5.6761,0.0399,0.0111,0.0089
1624947168869,-0.1425,-7.6912,5.6498,0.0508,0.0086,0.0027
1624947168877,-0.1306,-7.7487,5.6593,0.0386,0.0099,-0.0009
1624947168886,-0.1210,-7.7798,5.7072,0.0203,0.0147,-0.0034
1624947168895,-0.1425,-7.8228,5.7503,0.0105,0.0172,-0.0070
1624947168907,-0.1449,-7.8563,5.7263,0.0142,0.0184,-0.0070
1624947168914,-0.1497,-7.8420,5.7311,0.0130,0.0208,-0.0058
1624947168928,-0.1354,-7.8180,5.7096,0.0105,0.0233,-0.0070
1624947168935,-0.1306,-7.7798,5.6785,-0.0029,0.0233,-0.0095
1624947168946,-0.1210,-7.7989,5.6617,-0.0139,0.0282,-0.0095
1624947168953,-0.1282,-7.8228,5.6378,-0.0041,0.0257,-0.0095
1624947168964,-0.1378,-7.7989,5.6546,-0.0066,0.0257,-0.0095
1624947168974,-0.1258,-7.8061,5.6258,-0.0041,0.0245,-0.0095
1624947168983,-0.0971,-7.8037,5.6282,0.0032,0.0221,-0.0083
1624947168993,-0.1186,-7.8348,5.6187,0.0032,0.0196,-0.0046
1624947169003,-0.1019,-7.8611,5.6330,0.0069,0.0196,-0.0009
1624947169013,-0.0923,-7.8539,5.6163,0.0105,0.0159,-0.0022
1624947169022,-0.0995,-7.8420,5.6091,0.0081,0.0135,-0.0022
1624947169032,-0.0516,-7.8085,5.5660,0.0020,0.0135,0.0015
1624947169042,-0.0516,-7.8324,5.5756,0.0081,0.0111,0.0027
1624947169051,-0.0444,-7.8276,5.5756,0.0008,0.0062,0.0027
1624947169060,-0.0349,-7.8156,5.5732,0.0044,0.0074,0.0015
1624947169068,-0.0277,-7.8587,5.5900,0.0081,0.0050,0.0064
1624947169078,0.0010,-7.8109,5.5900,0.0044,0.0025,0.0076
1624947169137,-0.0014,-7.7941,5.5756,0.0118,0.0013,0.0052
1624947169138,0.0082,-7.7822,5.5900,0.0191,0.0025,0.0052
1624947169139,-0.0181,-7.7845,5.5876,0.0118,0.0050,0.0052
1624947169140,-0.0229,-7.7726,5.5756,0.0105,0.0013,0.0052
1624947169140,-0.0205,-7.7702,5.5732,0.0118,0.0001,0.0052
1624947169141,-0.0253,-7.7678,5.5852,0.0069,0.0025,0.0040
1624947169147,-0.0420,-7.7750,5.5876,0.0118,0.0013,0.0003
1624947169157,-0.0277,-7.8133,5.6067,0.0044,-0.0011,0.0027
1624947169166,-0.0564,-7.8061,5.5923,0.0020,-0.0036,0.0027
1624947169175,-0.0492,-7.8228,5.5947,0.0105,-0.0048,0.0027
1624947169185,-0.0564,-7.8204,5.6354,0.0056,-0.0048,0.0040
1624947169195,-0.0708,-7.8300,5.6546,0.0008,-0.0036,0.0064
1624947169203,-0.0468,-7.8587,5.6498,0.0032,-0.0036,0.0076
1624947169212,-0.0827,-7.8444,5.6713,0.0056,-0.0036,0.0064
1624947169221,-0.0947,-7.8587,5.6737,0.0069,-0.0036,0.0089
1624947169231,-0.1042,-7.8946,5.6713,0.0020,-0.0048,0.0125
1624947169244,-0.1186,-7.8779,5.6785,0.0044,-0.0036,0.0162
1624947169253,-0.1162,-7.8252,5.6617,0.0081,-0.0048,0.0174
1624947169262,-0.1186,-7.7917,5.6593,0.0191,-0.0060,0.0162
1624947169272,-0.1066,-7.7869,5.6593,0.0240,-0.0060,0.0162
1624947169281,-0.1066,-7.7941,5.6402,0.0203,-0.0060,0.0186
1624947169291,-0.1042,-7.8013,5.6617,0.0179,-0.0024,0.0162
1624947169299,-0.0923,-7.7917,5.6665,0.0240,-0.0011,0.0174
1624947169310,-0.1019,-7.7822,5.6498,0.0264,-0.0048,0.0198
1624947169320,-0.0923,-7.7726,5.6570,0.0264,-0.0011,0.0174
1624947169329,-0.1114,-7.7678,5.6210,0.0240,0.0025,0.0150
1624947169339,-0.0923,-7.7343,5.6378,0.0154,0.0025,0.0125
1624947169349,-0.0779,-7.7463,5.6282,0.0093,0.0050,0.0113
1624947169358,-0.0851,-7.7798,5.6067,0.0130,0.0037,0.0076
1624947169368,-0.0636,-7.7726,5.6139,0.0069,0.0037,0.0027
1624947169378,-0.0588,-7.7534,5.6067,0.0130,0.0025,-0.0009
1624947169387,-0.0660,-7.7582,5.6115,0.0203,0.0025,-0.0046
1624947169397,-0.0516,-7.7798,5.6115,0.0203,0.0013,-0.0046
1624947169407,-0.0468,-7.8037,5.5971,0.0118,0.0037,-0.0009
1624947169415,-0.0325,-7.8133,5.6091,0.0142,0.0050,-0.0046
1624947169426,-0.0157,-7.8276,5.6641,0.0154,0.0074,-0.0070
1624947169435,-0.0468,-7.8922,5.6593,0.0130,0.0111,-0.0083
1624947169444,-0.0492,-7.8755,5.6474,0.0093,0.0135,-0.0095
1624947169455,-0.0660,-7.8348,5.6593,0.0020,0.0184,-0.0132
1624947169462,-0.0875,-7.8133,5.6450,-0.0078,0.0233,-0.0119
1624947169474,-0.0923,-7.8252,5.6258,-0.0078,0.0282,-0.0070
1624947169482,-0.0803,-7.8109,5.6139,-0.0054,0.0269,-0.0058
1624947169492,-0.0875,-7.7822,5.6163,-0.0127,0.0269,-0.0058
1624947169503,-0.0684,-7.7391,5.5828,-0.0078,0.0233,-0.0070
1624947169512,-0.0588,-7.7822,5.5756,-0.0054,0.0196,-0.0095
1624947169522,-0.0420,-7.8874,5.6163,-0.0017,0.0221,-0.0070
1624947169529,-0.0612,-7.9162,5.6522,0.0008,0.0196,-0.0022
1624947169539,-0.0779,-7.8683,5.6474,0.0044,0.0159,0.0003
1624947169548,-0.0875,-7.8109,5.6091,0.0081,0.0111,0.0015
1624947169558,-0.0732,-7.7295,5.5636,0.0105,0.0074,0.0027
1624947169571,-0.0827,-7.6888,5.5612,0.0093,0.0062,-0.0009
1624947169580,-0.0660,-7.6673,5.5588,0.0069,0.0037,-0.0095
1624947169589,-0.0612,-7.6817,5.5732,0.0020,0.0013,-0.0144
1624947169597,-0.0349,-7.7869,5.5852,0.0056,-0.0011,-0.0156
1624947169608,0.0010,-7.9520,5.6641,0.0069,-0.0024,-0.0083
1624947169618,-0.0396,-7.9305,5.6761,0.0105,-0.0024,-0.0058
1624947169627,-0.0516,-7.8563,5.6785,0.0179,-0.0073,-0.0095
1624947169637,-0.0612,-7.8396,5.6402,0.0179,-0.0097,-0.0058
1624947169647,-0.0612,-7.8444,5.6522,0.0118,-0.0048,-0.0009
1624947169656,-0.0684,-7.8468,5.6570,0.0008,-0.0048,-0.0009
1624947169666,-0.0588,-7.8659,5.6474,-0.0078,-0.0036,-0.0022
1624947169676,-0.0899,-7.8898,5.6833,0.0020,-0.0011,0.0027
1624947169685,-0.0732,-7.8420,5.6593,-0.0005,-0.0024,0.0076
1624947169694,-0.1114,-7.7750,5.6474,0.0008,0.0001,0.0101
1624947169704,-0.0995,-7.7415,5.6210,0.0081,0.0013,0.0089
1624947169714,-0.0803,-7.7343,5.5923,0.0093,0.0001,0.0052
1624947169723,-0.0803,-7.7822,5.5923,-0.0041,0.0050,0.0027
1624947169733,-0.0612,-7.7965,5.6187,-0.0090,0.0086,0.0003
1624947169743,-0.0899,-7.7869,5.6163,-0.0115,0.0086,-0.0046
1624947169752,-0.0947,-7.8444,5.6043,-0.0017,0.0099,-0.0009
1624947169762,-0.0851,-7.8826,5.6426,-0.0041,0.0135,0.0040
1624947169772,-0.1090,-7.8779,5.6282,-0.0029,0.0135,0.0052
1624947169781,-0.1042,-7.8755,5.6450,-0.0005,0.0135,0.0052
1624947169791,-0.1306,-7.9114,5.6258,0.0044,0.0135,0.0125
1624947169800,-0.1162,-7.8635,5.5995,0.0008,0.0135,0.0174
1624947169810,-0.1402,-7.7917,5.5732,0.0056,0.0111,0.0174
1624947169820,-0.1425,-7.7582,5.5588,0.0105,0.0062,0.0150
1624947169829,-0.1258,-7.7726,5.5564,0.0056,0.0037,0.0162
1624947169839,-0.1114,-7.7750,5.5780,0.0044,0.0013,0.0162
1624947169846,-0.0923,-7.7893,5.6043,0.0118,-0.0011,0.0125
1624947169856,-0.0612,-7.8109,5.6139,0.0179,-0.0024,0.0101
1624947169867,-0.0779,-7.7917,5.6570,0.0215,-0.0024,0.0089
1624947169875,-0.0660,-7.7726,5.6522,0.0227,-0.0036,0.0052
1624947169886,-0.0803,-7.7750,5.6522,0.0240,-0.0024,0.0052
1624947169896,-0.0827,-7.7893,5.6354,0.0227,0.0001,0.0052
1624947169904,-0.0899,-7.7750,5.6378,0.0227,0.0037,0.0040
1624947169914,-0.0995,-7.7917,5.6426,0.0215,0.0037,0.0076
1624947169924,-0.0899,-7.7726,5.6378,0.0264,0.0025,0.0052
1624947169934,-0.0947,-7.7654,5.6474,0.0191,0.0037,0.0027
1624947169944,-0.0708,-7.7989,5.6737,0.0056,0.0074,0.0040
1624947169952,-0.1019,-7.8276,5.6785,0.0020,0.0086,0.0052
1624947169964,-0.0875,-7.8348,5.6952,0.0056,0.0086,0.0052
1624947169973,-0.0851,-7.7989,5.6928,0.0093,0.0111,0.0040
1624947169982,-0.1090,-7.7558,5.6641,0.0203,0.0123,0.0003
1624947169992,-0.1066,-7.7845,5.6593,0.0166,0.0123,0.0003
1624947170002,-0.1138,-7.7917,5.6522,0.0008,0.0147,-0.0009
1624947170012,-0.1306,-7.7822,5.6737,-0.0017,0.0184,-0.0034
1624947170021,-0.1282,-7.7654,5.6641,-0.0066,0.0208,-0.0034
1624947170029,-0.1234,-7.7965,5.6593,0.0020,0.0221,-0.0009
1624947170041,-0.1449,-7.8492,5.6857,0.0008,0.0233,0.0003
1624947170050,-0.1234,-7.8850,5.6809,-0.0066,0.0257,0.0015
1624947170060,-0.1402,-7.8707,5.6928,-0.0029,0.0245,-0.0009
1624947170069,-0.1497,-7.8635,5.6785,0.0032,0.0221,-0.0034
1624947170079,-0.1641,-7.8180,5.6785,0.0032,0.0196,0.0003
1624947170088,-0.1569,-7.8156,5.7048,0.0056,0.0233,0.0064
1624947170098,-0.1569,-7.7774,5.6689,0.0081,0.0233,0.0101
1624947170107,-0.1354,-7.7391,5.6354,0.0093,0.0257,0.0089
1624947170117,-0.1306,-7.7271,5.6115,0.0069,0.0257,0.0052
1624947170127,-0.1090,-7.7247,5.5995,0.0081,0.0282,0.0003
1624947170137,-0.1282,-7.7798,5.6306,-0.0017,0.0318,-0.0034
1624947170146,-0.1258,-7.8013,5.6641,-0.0090,0.0331,-0.0046
1624947170156,-0.1282,-7.7941,5.6593,-0.0090,0.0306,-0.0083
1624947170163,-0.1402,-7.7798,5.6330,0.0032,0.0294,-0.0083
1624947170173,-0.1090,-7.7989,5.5971,0.0105,0.0269,-0.0070
1624947170182,-0.1162,-7.8300,5.6043,0.0130,0.0269,-0.0070
1624947170192,-0.1019,-7.8683,5.6187,0.0093,0.0257,-0.0083
1624947170205,-0.1210,-7.8348,5.6115,0.0008,0.0257,-0.0107
1624947170214,-0.1306,-7.7845,5.5756,-0.0078,0.0245,-0.0119
