1624947105166,-2.9900,-5.7028,7.0089,-0.2094,0.0282,-0.0351
1624947105186,-3.0953,-5.7482,7.0161,-0.1959,0.0135,-0.0535
1624947105188,-3.3202,-5.9014,7.2075,-0.0591,0.0099,-0.0474
1624947105191,-3.2125,-5.9780,7.3439,0.1535,-0.0146,-0.0364
1624947105208,-3.0331,-5.7124,7.2218,0.2427,-0.0353,-0.0400
1624947105226,-3.0642,-5.2649,7.1884,0.1425,-0.0158,-0.0657
1624947105228,-3.1001,-5.3080,7.1620,-0.0175,0.0294,-0.0583
1624947105239,-3.0761,-5.5449,7.1333,-0.1519,0.0636,-0.0461
1624947105245,-3.1264,-5.8320,7.1405,-0.1691,0.0709,-0.0388
1624947105246,-3.0881,-6.1287,7.0783,-0.0310,0.0392,-0.0339
1624947105251,-3.0139,-5.9612,7.0137,0.0814,0.0099,-0.0351
1624947105264,-3.0163,-5.6430,7.0759,0.0826,0.0111,-0.0290
1624947105273,-3.0546,-5.7315,7.1309,0.0594,0.0184,-0.0193
1624947105280,-3.0833,-5.9134,7.0759,0.0496,0.0184,-0.0266
1624947105289,-3.0570,-5.7985,7.0233,0.0313,0.0172,-0.0351
1624947105299,-3.0714,-5.6095,7.0233,0.0179,0.0196,-0.0315
1624947105313,-3.1025,-5.6980,7.0280,0.0276,0.0172,-0.0241
1624947105318,-3.0785,-5.8296,6.9945,0.0362,0.0135,-0.0217
1624947105328,-3.0714,-5.7387,6.9491,0.0154,0.0159,-0.0241
1624947105337,-3.1072,-5.6860,6.9778,-0.0029,0.0245,-0.0241
1624947105349,-3.1527,-5.7818,6.9897,0.0081,0.0221,-0.0241
1624947105357,-3.1192,-5.8057,6.9586,0.0337,0.0172,-0.0278
1624947105366,-3.1025,-5.6956,6.9419,0.0374,0.0147,-0.0290
1624947105376,-3.1049,-5.6406,6.9419,0.0313,0.0159,-0.0229
1624947105385,-3.0953,-5.7506,6.9371,0.0325,0.0147,-0.0241
1624947105396,-3.0905,-5.8009,6.9419,0.0313,0.0159,-0.0278
1624947105408,-3.0785,-5.7626,6.9515,0.0191,0.0184,-0.0290
1624947105415,-3.0953,-5.7482,6.9443,0.0142,0.0172,-0.0290
1624947105424,-3.0809,-5.8033,6.9563,0.0203,0.0135,-0.0290
1624947105433,-3.0737,-5.7937,6.9563,0.0203,0.0123,-0.0302
1624947105443,-3.0953,-5.7602,6.9371,0.0069,0.0135,-0.0266
1624947105452,-3.1072,-5.7458,6.9180,0.0008,0.0111,-0.0217
1624947105462,-3.1216,-5.8272,6.9227,0.0032,0.0086,-0.0180
1624947105472,-3.0929,-5.8105,6.9323,0.0032,0.0074,-0.0168
1624947105483,-3.1240,-5.7458,6.9586,-0.0029,0.0050,-0.0132
1624947105492,-3.1407,-5.7650,6.9515,-0.0029,0.0013,-0.0107
1624947105501,-3.1120,-5.7985,6.9323,0.0008,-0.0011,-0.0070
1624947105513,-3.1312,-5.7746,6.9204,-0.0017,-0.0024,-0.0070
1624947105520,-3.1144,-5.7315,6.9251,-0.0090,-0.0036,-0.0083
1624947105530,-3.1455,-5.7363,6.9706,-0.0115,-0.0073,-0.0083
1624947105539,-3.1551,-5.7746,6.9443,-0.0115,-0.0073,-0.0058
1624947105549,-3.1575,-5.7746,6.9395,-0.0127,-0.0097,-0.0009
1624947105558,-3.1192,-5.8081,6.9754,-0.0163,-0.0097,0.0015
1624947105570,-3.1312,-5.8224,7.0089,-0.0078,-0.0121,0.0027
1624947105579,-3.1001,-5.8033,7.0065,-0.0041,-0.0158,0.0052
1624947105589,-3.0905,-5.7889,7.0113,-0.0054,-0.0158,0.0052
1624947105598,-3.1001,-5.7650,7.0137,-0.0066,-0.0134,0.0076
1624947105608,-3.1144,-5.7698,7.0352,-0.0115,-0.0121,0.0076
1624947105616,-3.0785,-5.8176,7.0639,-0.0237,-0.0109,0.0125
1624947105625,-3.0833,-5.8152,7.0591,-0.0249,-0.0073,0.0150
1624947105635,-3.0857,-5.7937,7.0663,-0.0212,-0.0060,0.0150
1624947105644,-3.0857,-5.7841,7.0639,-0.0151,-0.0048,0.0162
1624947105654,-3.0785,-5.7794,7.0687,-0.0151,-0.0024,0.0137
1624947105666,-3.0618,-5.7674,7.0639,-0.0175,0.0013,0.0150
1624947105676,-3.0570,-5.7818,7.0879,-0.0175,0.0037,0.0137
1624947105685,-3.0618,-5.7746,7.0567,-0.0224,0.0074,0.0125
1624947105695,-3.0522,-5.7506,7.0520,-0.0188,0.0086,0.0125
1624947105704,-3.0379,-5.7339,7.0304,-0.0163,0.0099,0.0101
1624947105714,-3.0426,-5.7315,7.0304,-0.0139,0.0135,0.0064
1624947105724,-3.0307,-5.7243,7.0041,-0.0200,0.0159,0.0040
1624947105733,-3.0474,-5.7482,7.0017,-0.0188,0.0135,0.0027
1624947105743,-3.0666,-5.7578,6.9945,-0.0139,0.0111,0.0027
1624947105753,-3.0474,-5.7794,6.9897,-0.0115,0.0099,0.0015
1624947105762,-3.0211,-5.7626,6.9586,-0.0139,0.0062,-0.0022
1624947105770,-2.9924,-5.7435,6.9539,-0.0090,0.0037,-0.0046
1624947105781,-3.0043,-5.7411,6.9419,-0.0188,0.0013,-0.0034
1624947105791,-3.0020,-5.7530,6.9180,-0.0175,-0.0073,-0.0083
1624947105798,-3.0259,-5.7602,6.9036,-0.0224,-0.0085,-0.0144
1624947105810,-3.0235,-5.7435,6.8701,-0.0371,-0.0134,-0.0156
1624947105820,-3.0307,-5.7674,6.8749,-0.0359,-0.0195,-0.0180
1624947105829,-3.0187,-5.7865,6.8653,-0.0347,-0.0243,-0.0180
1624947105839,-2.9924,-5.8057,6.8629,-0.0359,-0.0292,-0.0180
1624947105848,-2.9661,-5.8176,6.8342,-0.0383,-0.0329,-0.0193
1624947105858,-2.9828,-5.8224,6.8318,-0.0444,-0.0390,-0.0205
1624947105868,-2.9972,-5.7865,6.8103,-0.0396,-0.0439,-0.0254
1624947105877,-3.0211,-5.8224,6.8294,-0.0493,-0.0500,-0.0290
1624947105887,-3.0403,-5.8655,6.8438,-0.0518,-0.0524,-0.0327
1624947105896,-3.0331,-5.8846,6.8438,-0.0530,-0.0512,-0.0339
1624947105906,-3.0331,-5.8870,6.8294,-0.0566,-0.0537,-0.0351
1624947105915,-3.0379,-5.8703,6.8534,-0.0628,-0.0585,-0.0376
1624947105925,-3.0379,-5.8751,6.8581,-0.0603,-0.0610,-0.0376
1624947105933,-3.0690,-5.8846,6.8821,-0.0725,-0.0647,-0.0351
1624947105942,-3.0857,-5.8990,6.9371,-0.0750,-0.0683,-0.0302
1624947105952,-3.1120,-5.9062,6.9323,-0.0738,-0.0744,-0.0241
1624947105962,-3.1192,-5.8942,6.9467,-0.0676,-0.0818,-0.0168
1624947105974,-3.1503,-5.9134,6.9515,-0.0628,-0.0903,-0.0132
1624947105983,-3.1407,-5.9038,6.9706,-0.0591,-0.0964,-0.0083
1624947105993,-3.1360,-5.9373,6.9826,-0.0566,-0.1025,-0.0046
1624947106002,-3.1216,-5.9612,7.0233,-0.0408,-0.1111,0.0003
1624947106012,-3.1192,-5.9564,7.0233,-0.0273,-0.1147,0.0076
1624947106021,-3.1264,-5.9181,7.0304,-0.0237,-0.1209,0.0137
1624947106031,-3.1336,-5.8990,7.0376,-0.0273,-0.1233,0.0186
1624947106041,-3.1288,-5.8942,7.0304,-0.0237,-0.1245,0.0223
1624947106050,-3.1144,-5.8870,7.0256,-0.0285,-0.1221,0.0247
1624947106060,-3.1312,-5.9086,7.0424,-0.0285,-0.1172,0.0284
1624947106069,-3.1144,-5.9349,7.0352,-0.0212,-0.1135,0.0345
1624947106079,-3.1001,-5.9469,7.0855,-0.0151,-0.1086,0.0382
1624947106089,-3.1025,-5.9636,7.0567,-0.0115,-0.1050,0.0406
1624947106098,-3.1072,-5.9421,7.0687,-0.0005,-0.1001,0.0430
1624947106108,-3.0953,-5.9181,7.0663,0.0044,-0.0915,0.0418
1624947106118,-3.0785,-5.9229,7.0376,0.0008,-0.0854,0.0455
1624947106127,-3.0522,-5.9540,7.0448,-0.0017,-0.0757,0.0491
1624947106137,-3.0761,-5.9875,7.0687,-0.0090,-0.0683,0.0516
1624947106146,-3.0474,-5.9827,7.0424,-0.0188,-0.0598,0.0540
1624947106156,-3.0642,-5.9995,7.0400,-0.0139,-0.0537,0.0565
1624947106166,-3.0761,-5.9995,7.0113,-0.0151,-0.0475,0.0601
1624947106175,-3.0618,-5.9899,7.0113,-0.0261,-0.0390,0.0650
1624947106185,-3.0809,-5.9851,6.9897,-0.0273,-0.0353,0.0736
1624947106194,-3.1025,-6.0043,6.9945,-0.0298,-0.0317,0.0821
1624947106203,-3.0761,-6.0330,7.0280,-0.0322,-0.0268,0.0907
1624947106214,-3.0881,-6.0569,6.9850,-0.0334,-0.0268,0.1029
1624947106223,-3.0714,-6.0497,6.9850,-0.0371,-0.0243,0.1102
1624947106233,-3.0929,-6.0091,6.9658,-0.0200,-0.0219,0.1151
1624947106242,-3.0690,-5.9780,6.9515,-0.0151,-0.0195,0.1249
1624947106252,-3.0426,-5.9708,6.9371,-0.0175,-0.0195,0.1298
1624947106260,-3.0379,-5.9756,6.9156,-0.0298,-0.0170,0.1310
1624947106269,-3.0235,-5.9229,6.9419,-0.0383,-0.0121,0.1334
1624947106279,-3.0020,-5.9445,6.9299,-0.0518,-0.0085,0.1383
1624947106288,-3.0187,-5.9875,6.9156,-0.0518,-0.0060,0.1432
1624947106301,-2.9876,-6.0091,6.8749,-0.0457,-0.0097,0.1493
1624947106310,-2.9661,-5.9708,6.8486,-0.0371,-0.0134,0.1530
1624947106319,-2.9565,-5.8822,6.8246,-0.0285,-0.0158,0.1518
1624947106329,-2.9469,-5.8368,6.7983,-0.0127,-0.0219,0.1518
1624947106338,-2.9374,-5.8033,6.7576,-0.0163,-0.0268,0.1554
1624947106348,-2.9254,-5.7770,6.7385,-0.0310,-0.0292,0.1579
1624947106358,-2.9134,-5.7865,6.7194,-0.0444,-0.0305,0.1542
1624947106367,-2.8967,-5.8248,6.7170,-0.0603,-0.0353,0.1518
1624947106377,-2.9063,-5.8703,6.7122,-0.0713,-0.0439,0.1518
1624947106386,-2.9015,-5.9014,6.7026,-0.0640,-0.0549,0.1457
1624947106396,-2.9206,-5.8631,6.6906,-0.0579,-0.0659,0.1408
1624947106406,-2.9063,-5.8248,6.6691,-0.0542,-0.0757,0.1359
1624947106415,-2.9039,-5.7411,6.6548,-0.0518,-0.0867,0.1261
1624947106424,-2.9182,-5.7387,6.6906,-0.0676,-0.0952,0.1200
1624947106434,-2.9326,-5.7818,6.6978,-0.0799,-0.1025,0.1151
1624947106444,-2.9230,-5.8344,6.7074,-0.0896,-0.1074,0.1127
1624947106454,-2.9039,-5.8918,6.7409,-0.1019,-0.1160,0.1041
1624947106463,-2.9230,-5.9062,6.7409,-0.1031,-0.1245,0.0943
1624947106473,-2.9493,-5.9397,6.7648,-0.0957,-0.1392,0.0858
1624947106482,-2.9517,-5.9397,6.8199,-0.0921,-0.1526,0.0797
1624947106491,-2.9828,-5.9205,6.8270,-0.0957,-0.1636,0.0748
1624947106501,-3.0067,-5.9349,6.8390,-0.0945,-0.1722,0.0736
1624947106511,-2.9709,-5.9684,6.8581,-0.1067,-0.1770,0.0773
1624947106521,-2.9828,-6.0091,6.8893,-0.1104,-0.1819,0.0821
1624947106530,-2.9900,-6.0450,6.9180,-0.1116,-0.1880,0.0834
1624947106538,-3.0020,-6.0593,6.9299,-0.1116,-0.1929,0.0895
1624947106550,-3.0067,-6.0569,6.9443,-0.1031,-0.1954,0.1005
1624947106559,-3.0115,-6.0641,6.9491,-0.0909,-0.1991,0.1115
1624947106569,-3.0020,-6.1024,6.9275,-0.0921,-0.2027,0.1200
1624947106577,-2.9948,-6.1431,6.9754,-0.0896,-0.2027,0.1298
1624947106586,-3.0163,-6.1455,6.9323,-0.0933,-0.2052,0.1420
1624947106596,-3.0163,-6.1526,6.8749,-0.1019,-0.2125,0.1554
1624947106605,-3.0091,-6.1407,6.8653,-0.1043,-0.2211,0.1677
1624947106619,-2.9924,-6.1981,6.8318,-0.1080,-0.2320,0.1774
1624947106627,-2.9709,-6.1885,6.7840,-0.1129,-0.2479,0.1884
1624947106636,-2.9733,-6.1742,6.7218,-0.1116,-0.2662,0.1994
1624947106646,-2.9613,-6.1646,6.6691,-0.1251,-0.2858,0.2092
1624947106655,-2.9517,-6.1000,6.6476,-0.1312,-0.3102,0.2202
1624947106665,-2.9589,-6.0497,6.6021,-0.1458,-0.3334,0.2324
1624947106675,-2.9397,-6.0234,6.5854,-0.1544,-0.3542,0.2422
1624947106684,-2.9206,-6.0019,6.5734,-0.1605,-0.3774,0.2507
1624947106694,-2.8943,-6.0186,6.5399,-0.1678,-0.3982,0.2581
1624947106703,-2.8775,-5.9827,6.5231,-0.1813,-0.4177,0.2617
1624947106713,-2.8751,-6.0019,6.5160,-0.1849,-0.4312,0.2629
1624947106723,-2.8369,-6.0258,6.5351,-0.1898,-0.4446,0.2654
1624947106732,-2.8392,-6.0665,6.5495,-0.1764,-0.4593,0.2691
1624947106742,-2.8297,-6.0785,6.5423,-0.1568,-0.4740,0.2703
1624947106751,-2.7794,-6.0019,6.5375,-0.1263,-0.4886,0.2666
1624947106761,-2.7794,-5.9086,6.5160,-0.1104,-0.4984,0.2605
1624947106770,-2.7555,-5.8511,6.5758,-0.1165,-0.5045,0.2532
1624947106780,-2.7052,-5.8248,6.5806,-0.1470,-0.5106,0.2434
1624947106790,-2.6765,-5.9014,6.6069,-0.1727,-0.5020,0.2336
1624947106799,-2.6574,-5.9875,6.6141,-0.1996,-0.4874,0.2287
1624947106808,-2.6574,-6.0139,6.6667,-0.2228,-0.4800,0.2226
1624947106819,-2.6119,-6.0234,6.6691,-0.2252,-0.4813,0.2141
1624947106828,-2.5760,-6.0378,6.6859,-0.2265,-0.4764,0.2080
1624947106838,-2.5713,-6.0163,6.7026,-0.2301,-0.4715,0.2019
1624947106848,-2.5401,-5.9660,6.7313,-0.2362,-0.4642,0.1958
1624947106857,-2.5593,-5.9899,6.7552,-0.2509,-0.4605,0.1921
1624947106867,-2.5067,-6.0210,6.7911,-0.2643,-0.4593,0.1872
1624947106876,-2.4899,-6.0521,6.7792,-0.2692,-0.4544,0.1799
1624947106886,-2.4684,-6.0330,6.7983,-0.2729,-0.4544,0.1725
1624947106894,-2.4516,-6.0593,6.9204,-0.2692,-0.4495,0.1640
1624947106903,-2.4061,-6.0737,6.9251,-0.2717,-0.4409,0.1554
1624947106913,-2.3296,-6.1263,6.9610,-0.2912,-0.4251,0.1518
1624947106922,-2.2865,-6.1143,6.9921,-0.2986,-0.4153,0.1481
1624947106936,-2.3392,-6.1550,7.0591,-0.2888,-0.4129,0.1408
1624947106944,-2.3296,-6.1766,7.0591,-0.2766,-0.4141,0.1396
1624947106953,-2.2817,-6.1502,7.0974,-0.2717,-0.4104,0.1383
1624947106961,-2.2434,-6.1718,7.1214,-0.2680,-0.4055,0.1334
1624947106970,-2.1716,-6.1909,7.1118,-0.2668,-0.4067,0.1322
1624947106980,-2.1597,-6.1694,7.1070,-0.2521,-0.4043,0.1371
1624947106992,-2.1573,-6.1574,7.1453,-0.2387,-0.4019,0.1371
1624947107001,-2.1166,-6.1287,7.1740,-0.2228,-0.3933,0.1310
1624947107011,-2.0975,-6.1359,7.2171,-0.2350,-0.3823,0.1286
1624947107021,-2.0424,-6.1814,7.2482,-0.2362,-0.3701,0.1200
1624947107030,-2.0089,-6.2938,7.2936,-0.2375,-0.3518,0.1163
1624947107040,-1.9707,-6.3608,7.3200,-0.2204,-0.3322,0.1188
1624947107050,-1.9611,-6.3824,7.3247,-0.1947,-0.3151,0.1212
1624947107058,-1.9108,-6.3321,7.2625,-0.1666,-0.3066,0.1261
1624947107069,-1.9156,-6.2555,7.2434,-0.1495,-0.2956,0.1237
1624947107078,-1.8725,-6.1885,7.2745,-0.1300,-0.2846,0.1127
1624947107088,-1.8845,-6.2029,7.3343,-0.1361,-0.2675,0.1041
1624947107098,-1.9132,-6.2484,7.3726,-0.1544,-0.2516,0.0968
1624947107107,-1.8821,-6.2771,7.3295,-0.1642,-0.2394,0.0895
1624947107117,-1.8821,-6.3177,7.3152,-0.1519,-0.2259,0.0895
1624947107127,-1.8773,-6.3225,7.2625,-0.1238,-0.2101,0.0907
1624947107135,-1.8725,-6.2723,7.2697,-0.1055,-0.1966,0.0834
1624947107146,-1.9084,-6.2077,7.2578,-0.1006,-0.1844,0.0687
1624947107155,-1.9204,-6.2005,7.2410,-0.0970,-0.1722,0.0565
1624947107164,-1.9467,-6.2220,7.1955,-0.1116,-0.1575,0.0491
1624947107191,-1.9946,-6.2268,7.2003,-0.1129,-0.1453,0.0369
1624947107192,-2.0185,-6.2962,7.1716,-0.0982,-0.1343,0.0259
1624947107193,-2.0137,-6.3201,7.1405,-0.0774,-0.1257,0.0198
1624947107205,-1.9970,-6.2914,7.1022,-0.0591,-0.1184,0.0101
1624947107211,-2.0018,-6.2723,7.0998,-0.0396,-0.1111,-0.0009
1624947107220,-2.0113,-6.2794,7.0520,-0.0310,-0.1050,-0.0095
1624947107231,-2.0137,-6.2842,7.0137,-0.0322,-0.0989,-0.0144
1624947107241,-2.0113,-6.3728,6.9897,-0.0334,-0.0891,-0.0217
1624947107251,-2.0089,-6.4063,6.9682,-0.0347,-0.0842,-0.0254
1624947107259,-2.0209,-6.3967,6.9227,-0.0322,-0.0818,-0.0302
1624947107269,-2.0209,-6.3967,6.8845,-0.0224,-0.0818,-0.0339
1624947107278,-2.0305,-6.3871,6.8462,-0.0127,-0.0818,-0.0339
1624947107288,-2.0089,-6.4278,6.8366,-0.0090,-0.0830,-0.0364
1624947107297,-2.0281,-6.4709,6.8151,-0.0115,-0.0793,-0.0388
1624947107307,-2.0233,-6.5092,6.8103,-0.0139,-0.0793,-0.0437
1624947107316,-2.0401,-6.5307,6.8007,-0.0102,-0.0781,-0.0461
1624947107326,-2.0472,-6.5522,6.7648,-0.0029,-0.0781,-0.0461
1624947107336,-2.0520,-6.5331,6.7481,-0.0017,-0.0781,-0.0474
1624947107346,-2.0353,-6.5163,6.6978,-0.0054,-0.0806,-0.0486
1624947107356,-2.0424,-6.5475,6.6859,-0.0151,-0.0806,-0.0486
1624947107365,-2.0401,-6.5427,6.6476,-0.0298,-0.0793,-0.0461
1624947107376,-2.0424,-6.5905,6.6117,-0.0432,-0.0818,-0.0425
1624947107384,-2.0401,-6.6312,6.5997,-0.0481,-0.0867,-0.0388
1624947107394,-2.0401,-6.6479,6.5806,-0.0469,-0.0915,-0.0351
1624947107404,-2.0472,-6.6312,6.5519,-0.0469,-0.1013,-0.0302
1624947107413,-2.0472,-6.6145,6.5303,-0.0481,-0.1111,-0.0278
1624947107422,-2.0424,-6.6025,6.4681,-0.0542,-0.1221,-0.0217
1624947107432,-2.0257,-6.6097,6.4322,-0.0628,-0.1343,-0.0193
1624947107443,-2.0089,-6.6551,6.4298,-0.0701,-0.1453,-0.0132
1624947107452,-1.9922,-6.6886,6.3891,-0.0762,-0.1600,-0.0070
1624947107461,-1.9754,-6.6934,6.3533,-0.0860,-0.1746,0.0015
1624947107474,-1.9563,-6.6815,6.3628,-0.0933,-0.1917,0.0089
1624947107480,-1.9778,-6.6240,6.3748,-0.0994,-0.2125,0.0174
1624947107491,-2.0185,-6.5953,6.3820,-0.1006,-0.2320,0.0284
1624947107500,-2.0018,-6.6025,6.3772,-0.1031,-0.2491,0.0394
1624947107509,-1.9754,-6.5929,6.3820,-0.1129,-0.2662,0.0467
1624947107518,-1.9826,-6.5929,6.4131,-0.1214,-0.2821,0.0516
1624947107530,-1.9611,-6.5881,6.4107,-0.1263,-0.2968,0.0565
1624947107539,-1.9754,-6.5379,6.4035,-0.1226,-0.3114,0.0577
1624947107549,-1.9659,-6.4972,6.4227,-0.1190,-0.3286,0.0540
1624947107557,-1.9300,-6.4828,6.4825,-0.1190,-0.3371,0.0516
1624947107568,-1.8630,-6.3919,6.5830,-0.1214,-0.3518,0.0479
1624947107576,-1.8821,-6.5044,6.4490,-0.1373,-0.3518,0.0443
1624947107585,-1.8199,-6.5570,6.5925,-0.1568,-0.3481,0.0382
1624947107595,-1.7936,-6.6097,6.6356,-0.1544,-0.3505,0.0382
1624947107605,-1.7529,-6.6647,6.6811,-0.1446,-0.3493,0.0345
1624947107614,-1.7098,-6.6575,6.6667,-0.1275,-0.3457,0.0284
1624947107625,-1.6883,-6.6025,6.6930,-0.1190,-0.3432,0.0198
1624947107636,-1.6428,-6.5546,6.7265,-0.1165,-0.3383,0.0125
1624947107645,-1.6572,-6.5187,6.6739,-0.1214,-0.3334,0.0064
1624947107655,-1.5878,-6.5044,6.7026,-0.1348,-0.3212,-0.0046
1624947107664,-1.5591,-6.4470,6.7170,-0.1495,-0.3127,-0.0132
1624947107674,-1.5591,-6.4326,6.7026,-0.1666,-0.3017,-0.0266
1624947107684,-1.5902,-6.4852,6.7026,-0.1678,-0.3004,-0.0388
1624947107693,-1.5615,-6.5139,6.7529,-0.1678,-0.3029,-0.0535
1624947107703,-1.5208,-6.5738,6.9084,-0.1703,-0.2931,-0.0767
1624947107713,-1.4131,-6.5905,6.8869,-0.1739,-0.2919,-0.0913
1624947107722,-1.3270,-6.6838,6.8294,-0.1923,-0.2809,-0.0950
1624947107732,-1.2696,-6.8059,6.8151,-0.1788,-0.2675,-0.0987
1624947107741,-1.2624,-6.9183,6.8103,-0.1470,-0.2687,-0.0974
1624947107751,-1.2337,-6.8609,6.7888,-0.1116,-0.2736,-0.0913
1624947107761,-1.2121,-6.7652,6.8199,-0.0811,-0.2760,-0.0987
1624947107769,-1.1834,-6.7269,6.8390,-0.0554,-0.2760,-0.1121
1624947107780,-1.1714,-6.6360,6.8677,-0.0591,-0.2760,-0.1182
1624947107789,-1.1738,-6.6862,6.8558,-0.0799,-0.2760,-0.1194
1624947107799,-1.1332,-6.7126,6.8318,-0.0957,-0.2736,-0.1268
1624947107808,-1.1021,-6.7030,6.7983,-0.1275,-0.2699,-0.1378
1624947107818,-1.0638,-6.7724,6.8390,-0.1654,-0.2626,-0.1487
1624947107827,-1.0686,-6.9136,6.7959,-0.1727,-0.2540,-0.1475
1624947107837,-1.0016,-6.9112,6.7529,-0.1617,-0.2626,-0.1414
1624947107847,-0.9752,-6.8633,6.7337,-0.1312,-0.2650,-0.1549
1624947107856,-0.9298,-6.9662,6.7576,-0.1190,-0.2589,-0.1622
1624947107866,-0.8915,-7.1624,6.7792,-0.1226,-0.2504,-0.1402
1624947107875,-0.8604,-7.2701,6.7696,-0.1055,-0.2418,-0.1207
1624947107885,-0.8532,-7.3012,6.7672,-0.0664,-0.2455,-0.1097
1624947107893,-0.8269,-7.2174,6.7433,-0.0237,-0.2467,-0.0950
1624947107903,-0.7838,-7.0739,6.7840,-0.0029,-0.2418,-0.0877
1624947107912,-0.7623,-7.0045,6.7505,0.0032,-0.2357,-0.0889
1624947107922,-0.7312,-7.0284,6.7361,-0.0127,-0.2284,-0.0803
1624947107931,-0.7360,-7.1026,6.7576,-0.0359,-0.2186,-0.0669
1624947107943,-0.7503,-7.1457,6.7600,-0.0542,-0.2088,-0.0596
1624947107953,-0.7479,-7.1313,6.7433,-0.0603,-0.2027,-0.0535
1624947107962,-0.7623,-7.0547,6.7194,-0.0689,-0.1978,-0.0461
1624947107972,-0.7766,-7.0021,6.7194,-0.0738,-0.1917,-0.0425
1624947107981,-0.7503,-7.0356,6.7433,-0.0725,-0.1844,-0.0364
1624947107991,-0.7838,-7.0523,6.6787,-0.0701,-0.1832,-0.0302
1624947108001,-0.8245,-6.9877,6.6284,-0.0701,-0.1832,-0.0241
1624947108010,-0.8125,-6.9231,6.6380,-0.0640,-0.1795,-0.0254
1624947108020,-0.7934,-6.8872,6.6476,-0.0530,-0.1758,-0.0315
1624947108029,-0.7910,-6.9255,6.6739,-0.0628,-0.1697,-0.0315
1624947108039,-0.7503,-6.9614,6.6739,-0.0689,-0.1636,-0.0278
1624947108049,-0.7479,-7.0045,6.6691,-0.0554,-0.1538,-0.0290
1624947108058,-0.7479,-7.0356,6.6595,-0.0396,-0.1477,-0.0315
1624947108068,-0.7216,-7.0475,6.6548,-0.0237,-0.1465,-0.0302
1624947108077,-0.6881,-7.0667,6.6763,-0.0005,-0.1404,-0.0254
1624947108087,-0.6594,-7.0164,6.6524,-0.0005,-0.1343,-0.0241
1624947108096,-0.6785,-7.0045,6.6236,0.0032,-0.1306,-0.0241
1624947108107,-0.6570,-7.0164,6.6595,0.0032,-0.1196,-0.0278
1624947108116,-0.6402,-7.0188,6.6715,-0.0102,-0.1123,-0.0278
1624947108126,-0.6642,-7.0164,6.6213,-0.0237,-0.1074,-0.0254
1624947108136,-0.6378,-7.0547,6.6715,-0.0273,-0.0989,-0.0266
1624947108145,-0.6666,-7.0499,6.6524,-0.0347,-0.0940,-0.0217
1624947108155,-0.6498,-7.0882,6.6572,-0.0298,-0.0903,-0.0180
1624947108164,-0.6235,-7.1074,6.6787,-0.0139,-0.0867,-0.0156
1624947108174,-0.6331,-7.0667,6.6428,-0.0066,-0.0842,-0.0168
1624947108183,-0.6068,-7.0835,6.6213,-0.0102,-0.0842,-0.0119
1624947108193,-0.6091,-7.0787,6.6284,0.0020,-0.0781,-0.0107
1624947108203,-0.5900,-7.0499,6.6284,-0.0041,-0.0781,-0.0132
1624947108210,-0.5732,-7.0475,6.6452,0.0056,-0.0732,-0.0132
1624947108220,-0.5756,-7.0595,6.6811,0.0056,-0.0683,-0.0095
1624947108229,-0.5780,-7.0667,6.6739,0.0044,-0.0610,-0.0083
1624947108239,-0.5445,-7.0930,6.6835,0.0056,-0.0549,-0.0083
1624947108249,-0.5469,-7.0691,6.6978,0.0081,-0.0488,-0.0022
1624947108260,-0.4991,-7.0236,6.6428,0.0093,-0.0475,0.0064
1624947108270,-0.4680,-7.0499,6.6882,0.0044,-0.0390,0.0076
1624947108278,-0.5062,-6.9973,6.6452,0.0032,-0.0317,0.0125
1624947108289,-0.5015,-6.9518,6.5806,0.0008,-0.0317,0.0113
1624947108299,-0.4847,-7.0284,6.6260,0.0142,-0.0256,0.0052
1624947108308,-0.5206,-7.0523,6.6643,0.0179,-0.0207,0.0064
1624947108318,-0.4847,-6.9949,6.6189,0.0032,-0.0182,0.0015
1624947108327,-0.4919,-7.0284,6.6404,0.0093,-0.0085,-0.0070
1624947108337,-0.4919,-6.9949,6.6189,0.0118,-0.0011,-0.0034
1624947108347,-0.5134,-6.9494,6.6165,0.0227,0.0050,-0.0083
1624947108356,-0.5015,-6.8753,6.5830,0.0252,0.0074,-0.0168
1624947108366,-0.5254,-6.8585,6.5375,0.0166,0.0099,-0.0193
1624947108375,-0.5182,-6.8490,6.4514,-0.0127,0.0147,-0.0205
1624947108385,-0.5039,-6.8801,6.4609,-0.0212,0.0159,-0.0278
1624947108395,-0.4967,-6.8609,6.4490,-0.0102,0.0123,-0.0412
1624947108404,-0.5206,-6.8609,6.5112,0.0093,0.0123,-0.0510
1624947108414,-0.5062,-6.8848,6.5901,0.0240,0.0062,-0.0571
1624947108423,-0.4536,-6.9518,6.6189,0.0386,0.0074,-0.0571
1624947108433,-0.4823,-7.0164,6.6787,0.0472,0.0159,-0.0583
1624947108443,-0.4775,-7.0069,6.8199,0.0594,0.0233,-0.0645
1624947108452,-0.4799,-7.0021,6.9706,0.0789,0.0355,-0.0693
1624947108462,-0.4680,-7.0739,7.0735,0.0838,0.0526,-0.0657
1624947108471,-0.4153,-7.1409,7.2338,0.0887,0.0807,-0.0571
1624947108481,-0.3699,-7.1289,7.3439,0.1058,0.1113,-0.0510
1624947108491,-0.3029,-7.1002,7.3750,0.1303,0.1369,-0.0498
1624947108499,-0.3244,-6.9997,7.5353,0.1461,0.1589,-0.0498
1624947108510,-0.2215,-6.7700,7.4300,0.1486,0.1394,-0.0583
1624947108519,-0.0133,-6.7461,7.4252,0.1706,0.1454,-0.0889
1624947108527,0.1781,-6.7461,7.6023,0.2268,0.1858,-0.1268
1624947108537,0.4054,-6.5666,7.8153,0.2622,0.2566,-0.1634
1624947108546,0.4700,-6.4613,8.2173,0.2781,0.3800,-0.2086
1624947108556,0.2882,-6.3991,8.5188,0.2524,0.5156,-0.2563
1624947108569,0.1566,-6.3297,8.2771,0.1669,0.6219,-0.3125
1624947108577,0.0848,-6.4278,8.0522,0.0802,0.7160,-0.3613
1624947108587,0.0082,-6.1143,7.7937,0.0093,0.8027,-0.4041
1624947108597,-0.1569,-6.0115,7.9947,0.0154,0.9066,-0.4725
1624947108606,-0.3675,-5.7554,7.9325,-0.0261,0.9995,-0.5422
1624947108616,-0.2454,-5.8416,7.7794,-0.0957,1.0911,-0.5898
1624947108626,-0.2119,-6.0761,7.7315,-0.1715,1.2157,-0.6106
1624947108635,-0.3723,-6.1407,7.6430,-0.1776,1.3147,-0.6338
1624947108644,-0.4632,-6.2794,7.2817,-0.0347,1.3537,-0.6851
1624947108654,-0.4967,-6.6240,6.8869,0.1767,1.3696,-0.7266
1624947108664,-0.4201,-6.6288,6.6643,0.3294,1.3757,-0.7584
1624947108673,-0.4034,-6.3632,6.5399,0.4577,1.3757,-0.8073
1624947108682,-0.3914,-6.0952,6.4370,0.5383,1.3696,-0.8622
1624947108692,-0.4081,-5.9660,6.2863,0.5957,1.3476,-0.9099
1624947108700,-0.4081,-5.9803,6.1642,0.6092,1.3208,-0.9539
1624947108712,-0.4751,-6.1622,6.0565,0.5762,1.2890,-0.9881
1624947108721,-0.5062,-6.3991,5.9656,0.5285,1.2462,-1.0150
1624947108731,-0.4943,-6.6647,5.8867,0.5053,1.1888,-1.0345
1624947108740,-0.5469,-6.8035,5.7598,0.4980,1.1155,-1.0455
1624947108750,-0.5924,-6.7580,5.5732,0.4931,1.0190,-1.0479
1624947108758,-0.6139,-6.6169,5.4631,0.4699,0.9139,-1.0528
1624947108769,-0.6211,-6.3560,5.3148,0.4100,0.8162,-1.0675
1624947108778,-0.6618,-6.1024,5.2478,0.3074,0.7270,-1.0968
1624947108789,-0.7790,-5.9349,5.0659,0.2146,0.6317,-1.1322
1624947108798,-0.8915,-5.8583,4.9487,0.1388,0.5303,-1.1750
1624947108808,-0.9346,-6.0306,5.0157,0.0643,0.4289,-1.2080
1624947108817,-0.8412,-6.6169,5.2334,-0.0200,0.3519,-1.2166
1624947108826,-0.6929,-7.2486,5.4966,-0.1202,0.2933,-1.1958
1624947108836,-0.5900,-7.8539,5.6928,-0.1593,0.2359,-1.1555
1624947108844,-0.5182,-8.2631,5.7574,-0.0909,0.1577,-1.1017
1624947108854,-0.4680,-8.4115,5.7287,0.0289,0.0722,-1.0272
1624947108863,-0.4871,-8.3229,5.7024,0.1718,-0.0158,-0.9502
1624947108873,-0.4560,-8.0789,5.6115,0.2854,-0.1038,-0.8867
1624947108883,-0.2741,-7.9568,5.7048,0.3221,-0.1734,-0.8305
1624947108894,-0.2335,-8.0454,5.9561,0.2830,-0.1954,-0.7621
1624947108904,-0.2024,-8.0214,6.1092,0.1730,-0.2198,-0.6875
1624947108913,-0.2813,-7.9473,6.1762,0.0728,-0.2467,-0.6301
1624947108923,-0.3627,-7.8611,6.2719,-0.0151,-0.2699,-0.5861
1624947108933,-0.4369,-7.8156,6.4131,-0.1055,-0.2760,-0.5397
1624947108942,-0.4967,-7.8085,6.5184,-0.1935,-0.2736,-0.4859
1624947108952,-0.5062,-7.7439,6.5997,-0.2704,-0.2699,-0.4420
1624947108960,-0.5110,-7.7151,6.6476,-0.3230,-0.2577,-0.4053
1624947109023,-0.5086,-7.8180,6.7194,-0.3572,-0.2369,-0.3613
1624947109024,-0.4799,-8.1124,6.8079,-0.3535,-0.2027,-0.3088
1624947109025,-0.3866,-8.4162,6.9180,-0.3242,-0.1612,-0.2440
1624947109026,-0.2813,-8.7847,6.9921,-0.2521,-0.1172,-0.1744
1624947109027,-0.1162,-9.0216,6.8725,-0.1581,-0.0757,-0.0791
1624947109028,0.1566,-9.1173,6.9060,-0.0579,-0.0378,0.0308
1624947109028,-0.0061,-9.0503,7.0496,0.0484,-0.0207,0.1286
1624947109038,-0.3483,-8.6412,7.2410,0.0569,-0.0011,0.2104
1624947109047,-0.3938,-7.9999,7.0472,-0.0359,0.0184,0.2788
1624947109057,-0.2694,-7.8468,6.8677,-0.1067,0.0636,0.3424
1624947109067,-0.2981,-8.2057,6.8103,-0.1691,0.1027,0.4218
1624947109076,-0.3555,-8.4306,6.6763,-0.2986,0.1271,0.5158
1624947109086,-0.5015,-8.5526,6.6356,-0.4061,0.1430,0.6062
1624947109096,-0.6163,-8.6316,6.5567,-0.4562,0.1442,0.6881
1624947109105,-0.7072,-8.6316,6.4801,-0.4684,0.1296,0.7822
1624947109115,-0.8125,-8.4689,6.3820,-0.4891,0.1003,0.8677
1624947109124,-0.8197,-8.2057,6.1475,-0.5514,0.0612,0.9337
1624947109134,-0.8676,-8.0190,5.9465,-0.6321,0.0233,0.9899
1624947109144,-0.9154,-7.9281,5.7574,-0.7262,-0.0182,1.0448
1624947109153,-0.9035,-7.8994,5.5636,-0.8202,-0.0732,1.0949
1624947109161,-0.8699,-7.8300,5.3913,-0.9119,-0.1429,1.1438
1624947109171,-0.8699,-7.8037,5.1904,-1.0023,-0.2223,1.1866
1624947109180,-0.8101,-7.7558,4.9391,-1.1061,-0.3114,1.2208
1624947109190,-0.7623,-7.6075,4.7955,-1.2600,-0.4006,1.2281
1624947109200,-0.7407,-7.4519,4.5108,-1.4262,-0.5008,1.2159
1624947109211,-0.6833,-7.4184,4.3481,-1.5667,-0.6059,1.2098
1624947109219,-0.6785,-7.3778,4.1543,-1.6840,-0.7097,1.2024
1624947109230,-0.6785,-7.3562,4.0394,-1.7426,-0.8197,1.1792
1624947109238,-0.6977,-7.4017,3.9915,-1.7377,-0.9321,1.1450
1624947109250,-0.6570,-7.4041,4.1016,-1.6742,-1.0262,1.1157
1624947109259,-0.6666,-7.4160,4.2452,-1.5410,-1.1043,1.0888
1624947109269,-0.7288,-7.3634,4.2763,-1.3602,-1.1825,1.0351
1624947109278,-0.6977,-7.1839,4.2835,-1.1648,-1.2449,0.9569
1624947109288,-0.6977,-7.0332,4.3409,-0.9754,-1.2742,0.8763
1624947109298,-0.7790,-6.7317,4.2906,-0.8324,-1.2962,0.8005
1624947109307,-0.8125,-6.3488,4.1423,-0.7408,-1.3353,0.7126
1624947109316,-0.7503,-6.0880,4.1543,-0.6883,-1.3499,0.5879
1624947109327,-0.6953,-6.0856,4.2906,-0.6736,-1.3414,0.4547
1624947109336,-0.6044,-6.2244,4.5730,-0.6907,-1.3206,0.3460
1624947109346,-0.5039,-6.4254,4.8147,-0.6626,-1.2913,0.2434
1624947109356,-0.4440,-6.7628,5.0707,-0.5734,-1.2522,0.1396
1624947109365,-0.3866,-7.2198,5.2550,-0.3865,-1.2131,0.0577
1624947109375,-0.2933,-7.5979,5.3698,-0.1617,-1.1789,0.0027
1624947109384,-0.1784,-7.7295,5.4320,0.0215,-1.1459,-0.0437
1624947109394,-0.0349,-7.6817,5.4583,0.1449,-1.1117,-0.0828
1624947109404,0.0178,-7.4902,5.5014,0.2231,-1.0885,-0.1194
1624947109412,0.0441,-7.4519,5.7383,0.2842,-1.0677,-0.1732
1624947109423,0.1566,-7.7032,6.0589,0.3490,-1.0347,-0.2013
1624947109433,0.3288,-8.3062,6.3820,0.3880,-0.9761,-0.1769
1624947109442,0.5203,-9.0145,6.8534,0.4418,-0.8967,-0.1365
1624947109452,0.5586,-9.3997,7.1788,0.5188,-0.8221,-0.1072
1624947109461,0.6949,-9.6414,7.3726,0.6373,-0.7549,-0.0803
1624947109471,0.7787,-9.8519,7.5257,0.7973,-0.6572,-0.0376
1624947109478,0.9414,-9.7084,7.7842,0.9341,-0.5411,0.0101
1624947109488,1.0778,-9.1078,7.9301,1.0062,-0.4239,0.0296
1624947109497,1.2621,-8.4928,7.9182,1.0184,-0.2736,0.0235
1624947109507,1.1544,-7.9879,8.0378,0.9378,-0.0806,0.0162
1624947109517,1.0156,-7.7774,8.0306,0.7717,0.1271,-0.0156
1624947109529,0.8266,-7.7630,7.9445,0.6006,0.3373,-0.0522
1624947109538,0.6160,-7.3778,7.8488,0.4724,0.5047,-0.0840
1624947109548,0.4006,-6.9303,7.8272,0.4455,0.6476,-0.1683
1624947109557,0.2283,-6.5642,7.5808,0.4015,0.7759,-0.2661
1624947109567,0.2642,-6.4493,7.3798,0.2818,0.9078,-0.3222
1624947109577,0.3145,-6.5594,7.4133,0.1669,1.0593,-0.3699
1624947109586,0.2953,-6.6049,7.4085,0.1217,1.1949,-0.4383
1624947109596,0.1733,-6.5618,7.1788,0.2268,1.2804,-0.5312
1624947109605,0.1231,-6.5977,6.8414,0.4296,1.3281,-0.6167
1624947109615,0.1111,-6.5546,6.4729,0.6251,1.3586,-0.6802
1624947109625,0.1470,-6.4733,6.2193,0.7485,1.3843,-0.7462
1624947109634,0.1015,-6.3154,5.9393,0.7961,1.3867,-0.8244
1624947109644,0.1135,-6.3417,5.6665,0.7912,1.3586,-0.9062
1624947109653,0.1542,-6.5786,5.5134,0.7411,1.3391,-0.9698
1624947109662,0.1972,-6.8609,5.5206,0.6629,1.3171,-1.0101
1624947109673,0.2140,-7.0811,5.5325,0.6299,1.2890,-1.0406
1624947109682,0.1853,-7.0332,5.4559,0.6507,1.2316,-1.0760
1624947109692,0.0728,-6.8394,5.1904,0.7399,1.1375,-1.1212
1624947109701,-0.0277,-6.6216,4.9319,0.8034,1.0263,-1.1628
1624947109711,-0.1354,-6.2675,4.7692,0.7778,0.9188,-1.2141
1624947109719,-0.1880,-5.9995,4.7070,0.6605,0.8162,-1.2935
1624947109730,-0.2000,-6.1790,4.6831,0.4711,0.7331,-1.3705
1624947109740,-0.1880,-6.6791,4.8099,0.2585,0.6635,-1.4120
1624947109750,-0.1952,-7.3897,4.9056,0.0741,0.5902,-1.4194
1624947109759,-0.0660,-8.1028,5.1042,-0.0811,0.5205,-1.3925
1624947109769,0.0010,-8.6531,5.1832,-0.1703,0.4643,-1.3473
1624947109778,0.1183,-9.0192,5.2071,-0.1801,0.3971,-1.2801
1624947109788,0.1613,-9.2322,5.1281,-0.1361,0.3299,-1.2031
1624947109797,0.1949,-9.2729,5.0372,-0.0860,0.2615,-1.1127
1624947109805,0.1350,-9.2107,4.9104,-0.0457,0.1955,-1.0223
1624947109815,0.1422,-9.1628,4.9750,-0.0188,0.1332,-0.9319
1624947109824,0.1183,-9.6462,5.2095,0.0240,0.1064,-0.8060
1624947109836,0.1733,-10.3377,5.4392,0.0741,0.0856,-0.6240
1624947109846,0.6327,-10.6846,5.0540,0.1327,0.0355,-0.4114
1624947109855,0.8601,-11.2829,5.4847,0.2524,-0.0134,-0.1830
1624947109865,-0.1354,-11.8906,6.0494,0.2732,-0.0512,0.0284
1624947109874,-0.6546,-11.3786,5.8579,0.1217,-0.1013,0.1628
1624947109884,-0.4584,-10.2659,5.5732,0.0276,-0.0867,0.2801
1624947109894,-0.2311,-9.4906,5.3602,0.1119,-0.0842,0.3766
1624947109903,0.0848,-9.0934,5.0803,0.1266,-0.1209,0.5036
1624947109912,0.2140,-8.9498,5.1018,-0.0444,-0.0964,0.6490
1624947109922,0.1542,-9.2705,5.2789,-0.2594,-0.0317,0.7932
1624947109932,-0.0923,-9.8352,5.5636,-0.4598,0.0147,0.9422
1624947109941,-0.6331,-10.0577,5.7096,-0.5661,0.0257,1.0730
1624947109951,-1.0781,-9.8854,5.6713,-0.5588,-0.0134,1.1731
1624947109961,-1.3389,-9.5289,5.3052,-0.4977,-0.0830,1.2648
1624947109968,-1.3748,-8.9235,4.8266,-0.4904,-0.1392,1.3320
1624947109980,-1.4275,-8.3469,4.5754,-0.5673,-0.1856,1.3869
1624947109990,-1.5447,-8.0310,4.2667,-0.6858,-0.2504,1.4358
1624947109999,-1.4945,-7.7798,3.9963,-0.8288,-0.3530,1.4578
1624947110009,-1.4658,-7.4878,3.9293,-0.9754,-0.4397,1.4480
1624947110018,-1.3342,-7.2988,3.8456,-1.0927,-0.5363,1.4358
1624947110028,-1.1260,-7.1624,3.7953,-1.1904,-0.6523,1.4285
1624947110038,-1.0398,-6.9590,3.8288,-1.2491,-0.7684,1.4053
1624947110047,-0.9800,-6.9542,4.0131,-1.2234,-0.8954,1.3613
1624947110057,-1.0518,-7.0308,3.6996,-1.1403,-1.0347,1.3148
1624947110067,-0.9226,-6.9279,3.8193,-1.0756,-1.1508,1.2648
1624947110076,-0.9178,-6.6025,3.8384,-1.0389,-1.2375,1.1829
1624947110086,-0.8125,-6.3417,3.8193,-1.0181,-1.3304,1.0888
1624947110096,-0.7001,-6.1694,3.9556,-0.9998,-1.4012,0.9887
1624947110105,-0.6881,-5.8918,4.1638,-0.9864,-1.4477,0.8811
1624947110112,-0.6378,-5.6095,4.3983,-0.9131,-1.4892,0.7516
1624947110122,-0.6211,-5.6573,4.6208,-0.7652,-1.5051,0.6099
1624947110132,-0.5039,-5.8272,4.7979,-0.6199,-1.5026,0.4865
1624947110141,-0.3866,-6.0091,4.9559,-0.4928,-1.4733,0.3741
1624947110154,-0.2646,-6.2172,5.2358,-0.3242,-1.4305,0.2544
1624947110163,-0.0708,-6.4541,5.6139,-0.1312,-1.3804,0.1408
1624947110171,0.1087,-6.8370,5.9297,0.0301,-1.3145,0.0601
1624947110181,0.3049,-7.1911,6.2073,0.1425,-1.2302,0.0027
1624947110191,0.4533,-7.2725,6.2552,0.2255,-1.1606,-0.0510
1624947110201,0.5633,-7.4854,6.3461,0.3514,-1.0885,-0.1109
1624947110210,0.6375,-7.9449,6.7433,0.4846,-1.0017,-0.1561
1624947110220,0.7524,-8.2153,7.1549,0.5212,-0.9125,-0.1793
1624947110230,1.0706,-8.3349,7.3080,0.5053,-0.8295,-0.1854
1624947110239,1.4200,-8.6125,7.5616,0.4931,-0.7000,-0.1793
1624947110249,1.4678,-8.9259,7.9971,0.4968,-0.5338,-0.1610
1624947110258,1.4894,-9.0599,8.5235,0.4662,-0.3774,-0.1451
1624947110268,1.3075,-9.0982,8.7198,0.4247,-0.2161,-0.1268
1624947110277,1.2214,-9.0767,8.7150,0.3502,-0.0500,-0.0889
1624947110287,1.0108,-9.0719,8.4757,0.3086,0.1174,-0.0620
1624947110296,0.9797,-8.7560,8.1909,0.3367,0.2505,-0.0718
1624947110307,0.7308,-8.0860,8.0139,0.3758,0.3837,-0.1219
1624947110316,0.5610,-7.4041,7.8224,0.4051,0.5071,-0.1891
1624947110326,0.3600,-7.2988,7.5114,0.3648,0.6427,-0.2184
1624947110335,0.2451,-7.5477,7.2960,0.2646,0.7698,-0.2147
1624947110345,0.3887,-7.7223,7.0520,0.1498,0.8907,-0.2392
1624947110354,0.3504,-7.6481,7.0376,0.1193,1.0141,-0.2831
1624947110363,0.2164,-7.3538,6.9156,0.2195,1.0960,-0.3418
1624947110372,0.1661,-7.1241,6.6619,0.4100,1.1485,-0.3992
1624947110383,0.1996,-7.0236,6.5686,0.6299,1.2096,-0.4456
1624947110393,0.1613,-6.8609,6.3628,0.7876,1.2707,-0.4859
1624947110403,0.2212,-6.8490,6.2312,0.9097,1.3147,-0.5434
1624947110412,0.2882,-6.8083,6.1403,0.9928,1.3672,-0.6118
1624947110422,0.2164,-6.6264,6.0709,1.0441,1.4112,-0.6949
1624947110430,0.1877,-6.5116,5.8579,1.0942,1.4209,-0.7816
1624947110439,0.1326,-6.4470,5.6857,1.1137,1.4161,-0.8586
1624947110449,0.0656,-6.4637,5.5876,1.1015,1.4002,-0.9282
1624947110458,0.0632,-6.5451,5.4775,1.0417,1.3696,-0.9942
1624947110472,0.0441,-6.7508,5.3435,0.9451,1.3281,-1.0504
1624947110480,-0.0014,-7.0619,5.1401,0.8266,1.2670,-1.0956
1624947110489,-0.0181,-7.2701,5.0635,0.7240,1.1974,-1.1164
1624947110498,-0.1425,-7.2079,4.9774,0.6678,1.1131,-1.1359
1624947110508,-0.2981,-7.0069,4.8984,0.6690,1.0068,-1.1701
1624947110518,-0.5182,-6.7245,4.8458,0.6739,0.8871,-1.2092
1624947110528,-0.7384,-6.4015,4.7644,0.6141,0.7649,-1.2483
1624947110537,-0.8628,-6.2029,4.6280,0.4748,0.6451,-1.2947
1624947110547,-0.9537,-6.1742,4.4629,0.2573,0.5376,-1.3412
1624947110556,-0.9633,-6.3800,4.5275,0.0496,0.4424,-1.3851
1624947110566,-0.8341,-7.0164,4.8649,-0.1275,0.3703,-1.4022
1624947110576,-0.6163,-8.1028,5.4942,-0.2204,0.3446,-1.3741
1624947110586,-0.3100,-9.1461,5.7670,-0.2057,0.3031,-1.2850
1624947110594,0.1542,-9.7993,5.7527,-0.1263,0.2395,-1.1347
1624947110605,0.3408,-9.9836,5.5636,-0.0163,0.1748,-0.9869
1624947110614,0.6375,-9.5552,5.0946,0.0313,0.0734,-0.8708
1624947110624,1.0922,-9.5217,4.7620,-0.0041,0.0208,-0.7523
1624947110633,1.4176,-10.3497,4.7549,-0.0970,0.0318,-0.5813
1624947110643,1.8579,-11.7734,5.2932,-0.2424,0.0758,-0.3442
1624947110653,1.0132,-13.3311,6.2719,-0.3328,0.1137,-0.0351
1624947110662,-0.0636,-12.7425,6.3939,-0.3645,0.0502,0.2177
1624947110672,-0.3220,-11.1584,5.7886,-0.2485,-0.0537,0.3411
1624947110682,-0.6091,-10.2300,5.5301,-0.0713,-0.0989,0.4841
1624947110691,-0.7144,-9.3710,5.3100,-0.1556,-0.1184,0.6771
1624947110701,-0.8341,-8.6675,5.2669,-0.3682,-0.1099,0.8274
1624947110710,-1.0135,-8.4785,5.1760,-0.5637,-0.0952,0.9239
1624947110720,-1.1619,-8.6890,5.0659,-0.7054,-0.1086,1.0461
1624947110729,-1.3629,-9.0623,5.0109,-0.7652,-0.1404,1.1658
1624947110739,-1.5041,-9.2274,4.9941,-0.7836,-0.2015,1.2587
1624947110747,-1.4993,-9.0480,4.9319,-0.7824,-0.2736,1.3234
1624947110756,-1.5423,-8.6914,4.8913,-0.7811,-0.3444,1.3613
1624947110766,-1.5854,-8.3923,4.4605,-0.7787,-0.4617,1.3869
1624947110775,-1.4251,-8.0406,4.1495,-0.8056,-0.5900,1.3955
1624947110786,-1.3437,-7.7104,4.1854,-0.8618,-0.6853,1.4004
1624947110797,-1.3437,-7.2246,4.1614,-0.9277,-0.7843,1.3820
1624947110807,-1.3366,-6.7700,4.0968,-0.9839,-0.8967,1.3393
1624947110816,-1.3629,-6.5331,3.9772,-1.0181,-0.9956,1.3100
1624947110825,-1.2504,-6.5642,3.9269,-1.0316,-1.0860,1.2782
1624947110835,-1.1714,-6.7843,4.0442,-0.9962,-1.1581,1.2293
1624947110845,-1.0686,-7.1145,4.0801,-0.9302,-1.2314,1.1829
1624947110854,-0.8269,-7.2031,4.4653,-0.8398,-1.2778,1.1267
1624947110864,-0.7934,-6.9351,4.7453,-0.7494,-1.3181,1.0424
1624947110874,-0.7001,-6.4924,4.8841,-0.6541,-1.3597,0.9410
1624947110883,-0.7192,-6.0043,4.9295,-0.6077,-1.3829,0.8457
1624947110893,-0.7025,-5.6262,4.8051,-0.6089,-1.4012,0.7443
1624947110902,-0.5374,-5.5497,4.7596,-0.6284,-1.3988,0.6234
1624947110912,-0.3818,-5.5209,4.9295,-0.6907,-1.3670,0.4877
1624947110921,-0.2000,-5.6454,5.0946,-0.7408,-1.3194,0.3497
1624947110931,-0.0851,-6.2388,5.4990,-0.6981,-1.2473,0.2361
1624947110941,-0.0014,-7.0930,5.8675,-0.5661,-1.1642,0.1493
1624947110951,0.0728,-7.8276,6.1403,-0.3548,-1.0909,0.0834
1624947110960,0.1709,-8.2990,6.2791,-0.0945,-1.0237,0.0394
1624947110970,0.4294,-8.4785,6.4418,0.1486,-0.9431,0.0150
1624947110979,0.5035,-8.4019,6.3724,0.3355,-0.8624,-0.0095
1624947110989,0.6495,-8.2416,6.3485,0.4931,-0.8136,-0.0351
1624947110998,0.9294,-8.0884,6.3700,0.6067,-0.7586,-0.0645
1624947111008,1.0730,-7.9712,6.7505,0.6605,-0.6621,-0.0938
1624947111018,1.1472,-7.9377,7.1620,0.6483,-0.5619,-0.1170
1624947111028,1.1879,-8.0238,7.4922,0.5896,-0.4483,-0.1158
1624947111037,1.1328,-8.2655,7.8416,0.4711,-0.3041,-0.0999
1624947111047,1.0922,-8.4593,8.1287,0.3062,-0.1453,-0.0877
1624947111056,0.9199,-8.6364,8.1790,0.1962,0.0233,-0.0803
1624947111064,0.7380,-8.5335,8.2292,0.1804,0.1687,-0.0767
1624947111073,0.5466,-8.1578,8.0235,0.2708,0.2835,-0.1048
1624947111083,0.3982,-7.7774,7.7124,0.4039,0.3923,-0.1622
1624947111092,0.3887,-7.5620,7.3630,0.4833,0.5034,-0.2086
1624947111105,0.3743,-7.4184,7.2218,0.4882,0.6293,-0.2428
1624947111114,0.4030,-7.3371,7.0544,0.4552,0.7490,-0.2978
1624947111123,0.4174,-7.2820,6.9826,0.4149,0.8638,-0.3528
1624947111133,0.3049,-7.1385,7.2386,0.4516,0.9726,-0.4065
1624947111143,0.2188,-7.0308,7.2673,0.5518,1.0618,-0.4676
1624947111152,0.2953,-7.0523,7.0639,0.6764,1.1509,-0.5165
1624947111162,0.3001,-7.0835,6.8749,0.8034,1.2377,-0.5568
1624947111172,0.2930,-7.0380,6.6308,0.9317,1.3000,-0.6154
1624947111181,0.2619,-6.9160,6.3509,1.0221,1.3379,-0.6851
1624947111191,0.2642,-6.7796,6.1188,1.0405,1.3684,-0.7621
1624947111199,0.2619,-6.6958,5.8747,0.9891,1.3904,-0.8427
1624947111209,0.3049,-6.7341,5.7072,0.9012,1.4099,-0.9221
1624947111220,0.2427,-6.8418,5.5852,0.8010,1.4185,-0.9869
1624947111228,0.1709,-6.9327,5.5062,0.7228,1.4148,-1.0492
1624947111239,0.1302,-6.8944,5.3291,0.6556,1.3977,-1.1151
1624947111249,0.0872,-6.7987,5.1186,0.5811,1.3696,-1.1738
1624947111258,0.0058,-6.6862,4.8841,0.5139,1.3256,-1.2214
1624947111268,-0.0947,-6.4661,4.5395,0.4393,1.2585,-1.2740
1624947111277,-0.2574,-6.2842,4.2356,0.3856,1.1754,-1.3363
1624947111285,-0.3890,-6.1933,4.1112,0.3367,1.0727,-1.3986
1624947111296,-0.4871,-6.1550,4.0753,0.2622,0.9750,-1.4511
1624947111306,-0.4751,-6.2005,4.2069,0.1791,0.8736,-1.4927
1624947111315,-0.4775,-6.5977,4.4701,0.1241,0.7869,-1.5244
1624947111325,-0.3531,-7.4256,4.8314,0.0789,0.7160,-1.5195
1624947111334,-0.1784,-8.3014,5.0444,0.0496,0.6451,-1.4621
1624947111344,-0.0636,-9.0192,5.1114,0.0692,0.5633,-1.3827
1624947111354,0.0393,-9.4380,4.9941,0.1364,0.4509,-1.2923
1624947111364,0.1781,-9.4978,4.9295,0.2109,0.3422,-1.1860
1624947111373,0.1949,-9.2777,5.0587,0.2793,0.2493,-1.0944
1624947111383,0.2953,-9.2872,5.2813,0.3257,0.1748,-1.0064
1624947111390,0.4485,-9.5911,5.4918,0.3160,0.1198,-0.8806
1624947111400,0.6519,-9.8902,5.5277,0.2365,0.0819,-0.7132
1624947111410,0.7739,-10.0482,5.5732,0.1486,0.0453,-0.5531
1624947111419,0.6902,-10.2157,5.5828,0.1034,0.0111,-0.4053
1624947111432,0.4437,-10.2420,5.6593,0.0667,-0.0317,-0.2477
1624947111441,0.1972,-10.0362,5.6570,0.0118,-0.0854,-0.1121
1624947111450,-0.0205,-9.7108,5.7144,-0.0493,-0.1331,-0.0034
1624947111460,-0.1234,-9.4452,5.5900,-0.1141,-0.1844,0.1249
1624947111469,-0.1712,-9.0671,5.5134,-0.1776,-0.2174,0.2507
1624947111479,-0.3387,-8.7536,5.5995,-0.2375,-0.2235,0.3558
1624947111488,-0.4321,-8.6244,5.6474,-0.3047,-0.2284,0.4584
1624947111498,-0.5015,-8.8254,5.6833,-0.4268,-0.2137,0.5757
1624947111507,-0.6905,-9.1628,5.8532,-0.5539,-0.2076,0.6881
1624947111517,-0.7431,-9.3901,5.8340,-0.7078,-0.2296,0.7785
1624947111527,-0.8580,-9.3686,5.6809,-0.9131,-0.2638,0.8506
1624947111537,-0.8915,-9.1963,5.3937,-1.1525,-0.3114,0.9190
1624947111546,-0.8963,-8.9881,4.9654,-1.3346,-0.3750,0.9655
1624947111555,-0.8819,-8.8805,4.6663,-1.4177,-0.4361,1.0106
1624947111565,-1.0422,-8.8374,4.6256,-1.4030,-0.5106,1.0901
1624947111575,-1.0925,-8.8589,4.3050,-1.3346,-0.6486,1.1829
1624947111584,-0.9824,-8.6412,4.1758,-1.2466,-0.7684,1.2183
1624947111594,-1.0327,-8.2368,4.2547,-1.1391,-0.8453,1.2306
1624947111604,-0.9370,-7.9185,4.3026,-0.9949,-0.9321,1.2562
1624947111613,-0.9513,-7.6984,4.1399,-0.8630,-1.0213,1.2623
1624947111622,-0.8819,-7.4878,4.1566,-0.7372,-1.0836,1.2232
1624947111633,-0.8939,-7.3323,4.2189,-0.6089,-1.1324,1.1670
1624947111642,-0.8293,-7.2462,4.3768,-0.4830,-1.1666,1.1206
1624947111652,-0.8628,-7.1457,4.5299,-0.3450,-1.1911,1.0730
1624947111661,-0.8412,-6.9829,4.6376,-0.1813,-1.2094,1.0119
1624947111671,-0.7862,-6.5331,4.7237,-0.0518,-1.2229,0.9373
1624947111681,-0.7431,-6.0210,4.7142,0.0166,-1.2302,0.8579
1624947111690,-0.6594,-5.6238,4.7094,0.0325,-1.2314,0.7602
1624947111700,-0.5589,-5.3750,4.6520,-0.0115,-1.2265,0.6295
1624947111708,-0.4345,-5.2386,4.6424,-0.1055,-1.2106,0.4926
1624947111717,-0.2478,-5.3798,4.8123,-0.1923,-1.1789,0.3619
1624947111726,-0.0923,-5.8607,5.1975,-0.2216,-1.1312,0.2348
1624947111736,0.0441,-6.5642,5.5780,-0.1825,-1.0762,0.1225
1624947111749,0.2044,-7.2773,5.8197,-0.0933,-1.0139,0.0565
1624947111758,0.4461,-7.8204,6.0470,0.0166,-0.9455,0.0259
1624947111767,0.5586,-8.1817,6.0565,0.1584,-0.8686,-0.0034
1624947111777,0.6279,-8.2176,6.0326,0.3514,-0.8172,-0.0339
1624947111786,0.7237,-8.0478,5.9225,0.5188,-0.7782,-0.0681
1624947111796,0.8648,-7.8970,6.0111,0.6043,-0.7293,-0.1023
1624947111806,1.0180,-7.7606,6.2408,0.5970,-0.6609,-0.1353
1624947111815,1.0826,-7.6769,6.5016,0.5102,-0.5863,-0.1634
1624947111825,1.1639,-7.8755,6.8414,0.4283,-0.5130,-0.1744
1624947111834,1.1496,-8.2296,7.0687,0.3428,-0.4263,-0.1707
1624947111844,1.2262,-8.5024,7.2290,0.2793,-0.3481,-0.1597
1624947111854,1.2525,-8.6819,7.3247,0.2549,-0.2650,-0.1390
1624947111863,1.2477,-8.8446,7.3415,0.2928,-0.1954,-0.1145
1624947111873,1.4200,-8.9762,7.3176,0.3502,-0.1367,-0.0840
1624947111882,1.5013,-8.9977,7.5114,0.4223,-0.0512,-0.0498
1624947111892,1.3745,-8.6531,7.5545,0.4736,0.0282,-0.0290
1624947111902,1.2740,-8.0884,7.4851,0.4797,0.0758,-0.0327
1624947111911,1.2644,-7.8420,7.5688,0.4650,0.1613,-0.0364
1624947111920,1.1592,-7.6936,7.8512,0.3844,0.2970,-0.0315
1624947111928,0.9199,-7.4759,8.0330,0.2622,0.4350,-0.0547
1624947111938,0.7572,-7.3347,7.8990,0.1498,0.5462,-0.0913
1624947111950,0.6279,-7.4926,7.7459,0.1034,0.6818,-0.1304
1624947111959,0.4246,-7.4113,7.6621,0.1083,0.8052,-0.1561
1624947111969,0.2906,-7.0858,7.4635,0.1144,0.9005,-0.2074
1624947111978,0.1972,-6.7652,7.2984,0.1278,0.9958,-0.2954
1624947111988,0.1996,-6.6360,7.0233,0.0887,1.0850,-0.3625
1624947111998,0.1709,-6.8178,6.9227,0.0667,1.1778,-0.4053
1624947112007,0.1422,-6.8011,6.8175,0.0496,1.2646,-0.4517
1624947112017,0.0824,-6.5738,6.6021,0.0741,1.3195,-0.5177
1624947112024,0.0704,-6.3967,6.3102,0.1290,1.3464,-0.5874
1624947112034,0.0609,-6.3536,5.9608,0.1987,1.3635,-0.6594
1624947112044,0.1135,-6.4182,5.6952,0.2255,1.3770,-0.7315
1624947112053,0.1446,-6.4613,5.5397,0.2170,1.3819,-0.7938
1624947112063,0.1829,-6.5738,5.4775,0.2219,1.3819,-0.8635
1624947112074,0.1757,-6.8154,5.4057,0.2793,1.3745,-0.9209
1624947112084,0.2068,-7.0930,5.3028,0.3807,1.3415,-0.9514
1624947112094,0.2547,-7.2605,5.0444,0.5139,1.2865,-0.9685
1624947112103,0.2642,-7.3323,4.8530,0.6483,1.2169,-0.9893
1624947112113,0.2427,-7.1457,4.7333,0.7240,1.1302,-1.0186
1624947112123,0.1613,-6.7293,4.5730,0.6984,1.0275,-1.0577
1624947112132,0.1566,-6.3895,4.4390,0.5640,0.9188,-1.1102
1624947112142,0.1279,-6.4302,4.4007,0.3709,0.8284,-1.1603
1624947112152,0.0465,-6.7556,4.3935,0.1718,0.7355,-1.1921
1624947112161,0.0250,-7.3371,4.4749,0.0056,0.6427,-1.2092
1624947112171,0.0321,-7.9353,4.6568,-0.0957,0.5633,-1.1970
1624947112179,0.0776,-8.5048,4.7501,-0.1275,0.4790,-1.1591
1624947112190,0.1326,-8.9116,4.8195,-0.0933,0.3910,-1.1041
1624947112199,0.1207,-9.2322,4.9008,0.0069,0.3165,-1.0418
1624947112209,0.1829,-9.3423,4.9630,0.0973,0.2395,-0.9649
1624947112218,0.1829,-9.3806,5.0898,0.1425,0.1785,-0.8830
1624947112228,0.1853,-9.2370,5.1688,0.1535,0.1259,-0.8048
1624947112237,0.2906,-9.1987,5.1975,0.1351,0.0844,-0.7254
1624947112248,0.4461,-9.4978,5.2956,0.1022,0.0636,-0.6118
1624947112257,0.5155,-9.6964,4.6807,0.0460,0.0245,-0.4603
1624947112267,1.2812,-9.8137,5.0205,-0.0310,-0.0280,-0.3222
1624947112276,0.8577,-10.7875,5.2047,-0.1544,0.0062,-0.1622
1624947112285,0.1446,-11.3211,5.5038,-0.3902,0.0514,0.0150
1624947112296,-0.2095,-11.0196,5.4799,-0.4720,0.0404,0.1493
1624947112305,-0.3842,-10.0816,5.3100,-0.2375,0.0074,0.2177
1624947112315,-0.3363,-9.2681,5.2047,0.0777,-0.0415,0.3069
1624947112324,-0.0732,-8.7058,5.0827,0.1461,-0.0647,0.4254
1624947112334,0.1709,-8.5861,5.0874,-0.0493,-0.0158,0.5403
1624947112343,0.0680,-8.8374,5.1401,-0.3621,0.0551,0.6563
1624947112351,-0.2406,-9.2322,5.1808,-0.6370,0.0868,0.7614
1624947112362,-0.6474,-9.5337,5.2813,-0.7824,0.0722,0.8445
1624947112370,-0.9705,-9.5217,5.1927,-0.8349,0.0282,0.9092
1624947112380,-1.1068,-9.2777,5.0707,-0.8471,-0.0170,0.9715
1624947112389,-1.2145,-9.0336,4.8865,-0.8593,-0.0622,1.0436
1624947112401,-1.1762,-8.8733,4.6759,-0.8838,-0.1062,1.1108
1624947112411,-1.1810,-8.6938,4.3816,-0.9143,-0.1587,1.1463
1624947112420,-1.1547,-8.4713,4.1303,-0.9290,-0.2247,1.1585
1624947112430,-1.1930,-8.2990,4.0562,-0.9204,-0.2956,1.1780
1624947112440,-1.2026,-8.2990,3.8456,-0.8777,-0.3994,1.1976
1624947112449,-1.0398,-8.1674,3.7690,-0.8777,-0.5094,1.1841
1624947112458,-0.8771,-7.8898,3.8312,-0.8984,-0.6108,1.1633
1624947112468,-0.7982,-7.7343,3.9174,-0.8838,-0.7036,1.1511
1624947112478,-0.8317,-7.6912,3.8599,-0.8361,-0.8221,1.1365
1624947112488,-0.7814,-7.4807,3.8504,-0.7982,-0.9296,1.1047
1624947112497,-0.7838,-7.1911,3.8073,-0.7775,-1.0152,1.0607
1624947112506,-0.7072,-6.9518,3.7858,-0.7824,-1.0885,1.0058
1624947112516,-0.6977,-6.8274,3.8863,-0.7738,-1.1422,0.9471
1624947112526,-0.6881,-6.8418,3.9461,-0.7384,-1.1874,0.8860
1624947112536,-0.6809,-6.6958,3.9317,-0.6528,-1.2339,0.8066
1624947112545,-0.6570,-6.3273,3.9700,-0.5429,-1.2827,0.7076
1624947112555,-0.6378,-6.1742,4.1399,-0.3767,-1.3072,0.5953
1624947112564,-0.5996,-6.1981,4.4199,-0.2387,-1.3108,0.4792
1624947112574,-0.5015,-6.1861,4.6687,-0.1617,-1.2986,0.3717
1624947112584,-0.4201,-6.2818,4.8841,-0.0970,-1.2693,0.2764
1624947112593,-0.3244,-6.6312,5.1544,-0.0090,-1.2326,0.1860
1624947112603,-0.1880,-7.0284,5.3124,0.0631,-1.1838,0.1066
1624947112613,-0.0420,-7.3299,5.3746,0.1315,-1.1276,0.0357
1624947112622,0.0848,-7.5189,5.5517,0.2072,-1.0775,-0.0180
1624947112632,0.1279,-7.5979,5.6163,0.3282,-1.0372,-0.0706
1624947112641,0.2642,-7.6410,5.7144,0.4430,-1.0078,-0.1231
1624947112651,0.4078,-7.6553,5.9058,0.4931,-0.9638,-0.1634
1624947112659,0.5562,-7.7630,6.1594,0.4943,-0.9015,-0.1952
1624947112668,0.7356,-8.0214,6.4298,0.4626,-0.8258,-0.2062
1624947112678,0.8960,-8.4737,6.8318,0.4357,-0.7317,-0.1903
1624947112687,0.9630,-8.7177,7.2099,0.4357,-0.6376,-0.1622
1624947112699,0.9677,-8.7895,7.2984,0.4846,-0.5631,-0.1451
1624947112709,1.0323,-8.8254,7.3511,0.5689,-0.4776,-0.1365
1624947112718,1.0515,-8.8613,7.4420,0.6214,-0.3628,-0.1231
1624947112728,1.0467,-8.9211,7.5425,0.6336,-0.2320,-0.1048
1624947112737,1.0252,-8.8589,7.5927,0.5774,-0.1025,-0.0901
1624947112747,1.0108,-8.6579,7.5329,0.5102,0.0257,-0.0877
1624947112757,1.0156,-8.4330,7.5042,0.4418,0.1589,-0.0974
1624947112766,0.8864,-8.1746,7.4779,0.3746,0.2884,-0.1170
1624947112776,0.8648,-7.8492,7.3582,0.3294,0.4106,-0.1536
1624947112785,0.7787,-7.5285,7.3582,0.2805,0.5547,-0.2062
1624947112795,0.6351,-7.2892,7.3415,0.2146,0.7026,-0.2636
1624947112805,0.6351,-7.1457,7.0304,0.1303,0.8284,-0.3222
1624947112814,0.5801,-7.1433,6.9108,0.0460,0.9689,-0.3736
1624947112824,0.5298,-7.2701,6.8270,-0.0359,1.0972,-0.4236
1624947112834,0.4294,-7.3921,6.6739,-0.0713,1.2059,-0.4713
1624947112843,0.2953,-7.5237,6.4729,-0.0298,1.2975,-0.5153
1624947112853,0.2236,-7.6553,6.2384,0.1034,1.3684,-0.5422
1624947112862,0.2523,-7.5213,6.0542,0.2500,1.4197,-0.5715
1624947112872,0.2307,-7.3012,5.8651,0.4051,1.4539,-0.6313
1624947112882,0.2786,-7.0882,5.6354,0.5078,1.4674,-0.6985
1624947112891,0.3408,-6.8944,5.4272,0.5566,1.4710,-0.7621
1624947112901,0.3695,-6.7867,5.3698,0.5444,1.4784,-0.8232
1624947112910,0.4341,-6.8154,5.1760,0.5053,1.4674,-0.8781
1624947112918,0.4294,-7.0452,4.9535,0.4393,1.4368,-0.9246
1624947112928,0.4078,-7.2725,4.7860,0.3367,1.3953,-0.9588
1624947112940,0.3480,-7.4496,4.6232,0.2023,1.3293,-0.9856
1624947112949,0.3241,-7.5644,4.5969,0.0875,1.2707,-0.9966
1624947112959,0.2188,-7.5261,4.5850,-0.0151,1.2059,-0.9991
1624947112968,0.0537,-7.4543,4.3911,-0.0652,1.1131,-1.0125
1624947112976,-0.1090,-7.4591,4.1375,-0.0530,0.9970,-1.0296
1624947112987,-0.2191,-7.4352,4.0035,-0.0408,0.8822,-1.0467
1624947112995,-0.2861,-7.4089,4.0179,-0.0383,0.7795,-1.0675
1624947113004,-0.2741,-7.7271,4.1184,-0.0078,0.7038,-1.0834
1624947113017,-0.1976,-8.3181,4.2691,0.0447,0.6354,-1.0687
1624947113026,-0.0636,-8.9259,4.3816,0.1083,0.5743,-1.0284
1624947113036,0.0034,-9.2418,4.4318,0.2255,0.4998,-0.9747
1624947113045,0.0154,-9.2346,4.4151,0.3428,0.4093,-0.9087
1624947113055,-0.0181,-9.0073,4.3983,0.4455,0.3153,-0.8500
1624947113064,-0.0803,-8.7034,4.4318,0.4821,0.2298,-0.8097
1624947113074,-0.0899,-8.5670,4.5515,0.4198,0.1564,-0.7682
1624947113084,-0.1497,-8.5096,4.6879,0.2952,0.1051,-0.7181
1624947113093,-0.2335,-8.5598,4.7740,0.1669,0.0612,-0.6680
1624947113103,-0.2909,-8.6890,4.8410,0.0948,0.0147,-0.6142
1624947113112,-0.3244,-8.9403,4.8577,0.0851,-0.0219,-0.5592
1624947113122,-0.2741,-9.1556,4.8171,0.0741,-0.0573,-0.4859
1624947113132,-0.1210,-9.0384,4.4725,0.0276,-0.1025,-0.4139
1624947113141,0.2906,-9.1293,5.0276,-0.0102,-0.1147,-0.3540
1624947113149,0.0058,-9.8065,5.1999,-0.1116,-0.1050,-0.2416
1624947113160,-0.0157,-10.2348,5.1880,-0.2265,-0.0964,-0.1243
1624947113169,0.1566,-10.6440,5.3028,-0.0835,-0.0903,-0.0083
1624947113179,0.0991,-10.9167,5.7479,0.2317,-0.0793,0.1322
1624947113189,0.0872,-10.3425,5.8699,0.4271,-0.1111,0.2935
1624947113198,0.4987,-9.1054,5.2765,0.3819,-0.1331,0.3924
1624947113209,0.9199,-8.7871,4.9750,0.2879,-0.0928,0.4474
1624947113218,0.9294,-9.2202,4.9128,0.0765,-0.0415,0.5818
1624947113227,0.5586,-9.4715,5.0468,-0.2485,-0.0219,0.7248
1624947113237,0.0034,-9.5385,5.2526,-0.4965,-0.0317,0.7968
1624947113247,-0.4249,-9.6318,5.4631,-0.6272,-0.0573,0.8579
1624947113256,-0.7240,-9.7108,5.4703,-0.6809,-0.0879,0.9508
1624947113266,-0.9082,-9.4906,5.2861,-0.6749,-0.1306,1.0326
1624947113276,-0.9585,-9.1508,4.9295,-0.6406,-0.1697,1.0925
1624947113285,-1.2026,-8.7560,4.9008,-0.5881,-0.2015,1.1633
1624947113293,-1.3557,-8.5790,4.4557,-0.5368,-0.2931,1.2232
1624947113302,-1.3031,-8.0980,4.2189,-0.5661,-0.3823,1.2281
1624947113312,-1.3509,-7.6888,4.1447,-0.6174,-0.4581,1.2196
1624947113322,-1.1786,-7.5213,3.9604,-0.6871,-0.5680,1.2257
1624947113333,-1.1044,-7.2940,3.8121,-0.7811,-0.6804,1.2159
1624947113343,-1.0207,-7.1792,3.7307,-0.8605,-0.7940,1.1853
1624947113352,-0.9298,-7.2103,3.7810,-0.8874,-0.9003,1.1450
1624947113362,-0.9178,-7.2366,3.9078,-0.8789,-0.9895,1.1047
1624947113372,-0.8747,-7.3754,3.9987,-0.8337,-1.0714,1.0681
1624947113381,-0.7934,-7.4160,4.0250,-0.7433,-1.1398,1.0278
1624947113391,-0.7647,-7.1887,3.9604,-0.6809,-1.2033,0.9679
1624947113401,-0.7192,-6.8585,3.9150,-0.6321,-1.2619,0.8909
1624947113410,-0.6905,-6.5738,3.8863,-0.5966,-1.3084,0.8066
1624947113420,-0.6283,-6.4254,3.9796,-0.5832,-1.3377,0.7101
1624947113429,-0.5350,-6.4493,4.1710,-0.5771,-1.3475,0.6050
1624947113439,-0.4632,-6.4948,4.4079,-0.5417,-1.3426,0.5048
1624947113448,-0.3029,-6.5307,4.5730,-0.4928,-1.3365,0.4022
1624947113458,-0.0851,-6.9255,4.8123,-0.3987,-1.2876,0.3045
1624947113468,0.0154,-7.5548,5.0037,-0.2766,-1.2106,0.2458
1624947113477,0.1494,-8.0358,5.0731,-0.1251,-1.1422,0.2238
1624947113487,0.2092,-8.1794,5.1234,0.0289,-1.0848,0.1994
1624947113497,0.3552,-8.2033,5.1281,0.1804,-1.0188,0.1554
1624947113506,0.5394,-8.0573,5.2980,0.2610,-0.9455,0.1127
1624947113516,0.6351,-7.9473,5.4679,0.2830,-0.8576,0.0809
1624947113526,0.8002,-7.9640,5.6665,0.2561,-0.7672,0.0528
1624947113535,0.9199,-8.1674,6.0063,0.1706,-0.6596,0.0406
1624947113545,0.9773,-8.4186,6.2839,0.0545,-0.5472,0.0406
1624947113554,0.9366,-8.6196,6.4944,-0.0457,-0.4422,0.0394
1624947113564,0.8624,-8.7943,6.7720,-0.1141,-0.3273,0.0345
1624947113573,0.7476,-8.8733,6.8749,-0.1605,-0.2088,0.0357
1624947113583,0.6782,-8.8924,6.8845,-0.2252,-0.0891,0.0467
1624947113593,0.5921,-8.8278,6.8821,-0.2778,0.0343,0.0455
1624947113602,0.5586,-8.6962,6.7935,-0.2839,0.1406,0.0259
1624947113610,0.5346,-8.6196,6.7481,-0.2301,0.2456,0.0137
1624947113619,0.4222,-8.5526,6.8462,-0.1422,0.3531,0.0076
1624947113629,0.3312,-8.3756,6.7935,-0.0310,0.4472,-0.0009
1624947113638,0.3097,-8.1578,6.7983,0.0899,0.5327,-0.0193
1624947113648,0.1709,-7.9855,6.8318,0.2243,0.6109,-0.0461
1624947113660,0.2499,-7.8061,6.6356,0.3404,0.6598,-0.0742
1624947113670,0.3384,-7.6888,6.6069,0.4333,0.7466,-0.1121
1624947113679,0.2690,-7.5907,6.8964,0.5139,0.8638,-0.1646
1624947113689,0.0800,-7.4950,6.9036,0.5420,0.9469,-0.2123
1624947113698,0.0465,-7.4830,6.6452,0.5444,1.0092,-0.2551
1624947113708,0.0896,-7.6003,6.4633,0.5126,1.0935,-0.2868
1624947113718,0.0776,-7.7510,6.5184,0.4846,1.1961,-0.3137
1624947113727,0.0585,-7.6290,6.4633,0.5383,1.2633,-0.3625
1624947113737,-0.0444,-7.4663,6.3006,0.6764,1.3000,-0.4432
1624947113746,0.0058,-7.2940,6.0948,0.8046,1.3232,-0.5141
1624947113756,0.0800,-7.1600,5.7574,0.8474,1.3550,-0.5690
1624947113766,0.1374,-7.0691,5.4249,0.8059,1.3721,-0.6228
1624947113775,0.1949,-7.0882,5.1473,0.7167,1.3745,-0.6900
1624947113784,0.2044,-7.3060,5.0946,0.6373,1.3855,-0.7511
1624947113794,0.1685,-7.5835,4.9678,0.5579,1.3819,-0.7889
1624947113804,0.1709,-7.8874,4.8434,0.5347,1.3513,-0.8073
1624947113814,0.0896,-8.1052,4.7285,0.5957,1.3012,-0.8256
1624947113823,-0.0133,-8.0980,4.5539,0.6898,1.2303,-0.8476
1624947113833,-0.1449,-7.9496,4.3840,0.7655,1.1522,-0.8732
1624947113842,-0.2598,-7.7104,4.2954,0.8059,1.0642,-0.9062
1624947113852,-0.3507,-7.4400,4.1638,0.7607,0.9860,-0.9392
1624947113862,-0.4273,-7.0858,4.1016,0.6422,0.9115,-0.9759
1624947113871,-0.5086,-6.8705,4.0107,0.4797,0.8406,-1.0198
1624947113881,-0.5924,-6.9255,3.8480,0.3001,0.7636,-1.0565
1624947113890,-0.5852,-7.2222,3.7738,0.1278,0.6891,-1.0773
1624947113900,-0.5948,-7.6505,3.8623,-0.0102,0.6232,-1.0883
1624947113910,-0.5397,-8.1243,3.9509,-0.1116,0.5560,-1.0773
1624947113919,-0.4488,-8.5455,3.9915,-0.1422,0.4851,-1.0418
1624947113928,-0.4105,-8.7823,4.0131,-0.0994,0.4081,-1.0076
1624947113937,-0.3866,-8.9068,4.0562,0.0215,0.3251,-0.9783
1624947113946,-0.3316,-8.9522,4.1734,0.1241,0.2481,-0.9331
1624947113956,-0.3053,-8.9259,4.2883,0.1767,0.1821,-0.8720
1624947113965,-0.2765,-9.0767,4.4223,0.1852,0.1345,-0.8109
1624947113975,-0.2383,-9.3040,4.6017,0.1596,0.0941,-0.7315
1624947113985,-0.2000,-9.6270,4.6831,0.1009,0.0599,-0.6338
1624947113996,-0.1497,-9.9620,4.7405,0.0594,0.0221,-0.5263
1624947114006,-0.1138,-10.1223,4.7405,0.0411,-0.0182,-0.4188
1624947114015,-0.1330,-10.1391,4.8290,0.0472,-0.0463,-0.3247
1624947114024,-0.1689,-10.0123,4.9056,0.0802,-0.0769,-0.2270
1624947114033,-0.2191,-9.6509,4.8649,0.0985,-0.1172,-0.1268
1624947114043,-0.2837,-9.3183,4.8553,0.0924,-0.1477,-0.0559
1624947114053,-0.2717,-9.1102,4.7094,0.0557,-0.1636,0.0150
1624947114064,-0.1952,-9.2035,4.9008,-0.0224,-0.1538,0.1200
1624947114073,-0.5445,-9.1173,5.1210,-0.0896,-0.1526,0.2116
1624947114083,-0.5134,-8.7536,5.1018,-0.1397,-0.1868,0.2471
1624947114090,-0.3603,-8.8015,5.1497,-0.1788,-0.1929,0.3082
1624947114102,-0.2885,-9.1269,5.2693,-0.2876,-0.1710,0.4291
1624947114111,-0.1808,-9.3590,5.1592,-0.4305,-0.1746,0.5598
1624947114121,-0.1593,-9.5959,5.1090,-0.5075,-0.1917,0.6612
1624947114130,-0.3100,-9.9405,5.1521,-0.4867,-0.2161,0.7614
1624947114138,-0.4608,-10.1845,5.0851,-0.4427,-0.2724,0.8726
1624947114150,-0.6331,-10.2133,5.1066,-0.4317,-0.3224,0.9874
1624947114159,-0.8628,-10.0745,5.1377,-0.4439,-0.3493,1.0827
1624947114169,-1.0279,-9.7921,5.2861,-0.5001,-0.3652,1.1573
1624947114178,-1.1667,-9.3997,5.2382,-0.5466,-0.3945,1.2171
1624947114188,-1.2504,-9.0001,4.9654,-0.5466,-0.4434,1.2562
1624947114198,-1.3485,-8.5646,4.6974,-0.5453,-0.4898,1.2892
1624947114207,-1.5088,-8.2129,4.0418,-0.5514,-0.5863,1.3222
1624947114217,-1.4083,-7.9281,3.5489,-0.5710,-0.7109,1.3222
1624947114226,-1.3557,-7.6051,3.3335,-0.6700,-0.8197,1.2929
1624947114236,-1.1858,-7.3634,3.2857,-0.8129,-0.9321,1.2709
1624947114246,-1.0590,-7.2246,3.4986,-0.9497,-1.0335,1.2354
1624947114253,-1.0375,-7.3132,3.7068,-0.9962,-1.1300,1.1878
1624947114263,-0.9561,-7.3897,3.9150,-0.9363,-1.2180,1.1328
1624947114273,-0.9250,-7.4184,4.0203,-0.7958,-1.2852,1.0754
1624947114282,-0.8723,-7.3466,3.9987,-0.6186,-1.3304,1.0180
1624947114292,-0.7958,-7.1409,3.9150,-0.4537,-1.3634,0.9483
1624947114302,-0.7001,-6.8920,3.8767,-0.3328,-1.3829,0.8665
1624947114313,-0.6402,-6.6169,3.9628,-0.2497,-1.3902,0.7797
1624947114323,-0.5900,-6.2842,4.0514,-0.2167,-1.3927,0.6820
1624947114332,-0.5445,-5.9899,4.2213,-0.2167,-1.3878,0.5611
1624947114342,-0.4751,-5.6334,4.4007,-0.2228,-1.3768,0.4291
1624947114352,-0.3196,-5.3056,4.5108,-0.2472,-1.3463,0.2935
1624947114361,-0.1617,-5.6645,4.6879,-0.2314,-1.2840,0.1640
1624947114371,0.0417,-6.4828,4.8530,-0.2252,-1.2082,0.0773
1624947114381,0.2020,-7.2868,5.0611,-0.2143,-1.1239,0.0198
1624947114388,0.2953,-8.0358,5.2286,-0.1446,-1.0384,-0.0351
1624947114400,0.4198,-8.4426,5.3315,-0.0371,-0.9761,-0.0730
1624947114409,0.5921,-8.4521,5.3842,0.0655,-0.9125,-0.0974
1624947114419,0.6782,-8.4019,5.7359,0.1816,-0.8356,-0.1292
1624947114429,0.6734,-8.5957,6.0972,0.2793,-0.7501,-0.1390
1624947114438,0.6351,-8.8685,6.4179,0.3172,-0.6596,-0.1145
1624947114448,0.5897,-9.0982,6.8342,0.2940,-0.5582,-0.0828
1624947114457,0.5633,-8.9857,7.0424,0.2121,-0.4520,-0.0693
1624947114467,0.5083,-8.9164,7.1333,0.1046,-0.3408,-0.0632
1624947114476,0.4748,-8.9498,7.1525,0.0056,-0.2235,-0.0522
1624947114486,0.3671,-9.0240,7.1644,-0.1019,-0.1038,-0.0400
1624947114496,0.2858,-8.9474,7.1572,-0.2045,0.0147,-0.0278
1624947114505,0.1398,-8.9116,7.0352,-0.2485,0.1235,-0.0168
1624947114514,0.0896,-9.0336,6.9323,-0.2008,0.2175,-0.0022
1624947114525,0.0010,-8.9331,6.9419,-0.1080,0.3104,0.0101
1624947114534,-0.1090,-8.5718,6.8342,0.0020,0.3996,0.0027
1624947114544,-0.0875,-8.2368,6.8318,0.0887,0.4937,-0.0132
1624947114554,-0.1449,-8.0047,6.8821,0.1547,0.5999,-0.0193
1624947114563,-0.1904,-7.7869,6.6739,0.1791,0.6708,-0.0364
1624947114571,-0.0444,-7.6362,6.2815,0.1938,0.7270,-0.0852
1624947114580,0.1446,-7.5668,6.2671,0.1926,0.8260,-0.1512
1624947114590,0.1350,-7.4759,6.4250,0.1694,0.9579,-0.2123
1624947114599,0.0465,-7.5477,6.4920,0.1547,1.0691,-0.2673
1624947114609,0.0274,-7.7798,6.3987,0.1791,1.1583,-0.2954
1624947114621,0.0082,-7.8348,6.0685,0.2451,1.2438,-0.3149
1624947114630,0.0513,-7.8731,5.8532,0.3783,1.3171,-0.3552
1624947114640,-0.0181,-7.6936,5.5253,0.5395,1.3525,-0.4004
1624947114650,-0.0420,-7.6697,5.1736,0.6568,1.3855,-0.4542
1624947114659,-0.0516,-7.6529,5.0085,0.7130,1.4112,-0.4945
1624947114669,-0.0014,-7.6386,5.0205,0.7301,1.4344,-0.5385
1624947114678,0.0345,-7.5165,4.8865,0.7094,1.4527,-0.5947
1624947114688,0.1733,-7.5596,4.8075,0.6690,1.4527,-0.6460
1624947114698,0.1733,-7.6123,4.6520,0.6446,1.4429,-0.6936
1624947114707,0.1566,-7.6338,4.5084,0.6446,1.4173,-0.7450
1624947114717,0.0441,-7.6003,4.2141,0.6470,1.3635,-0.7853
1624947114726,0.0082,-7.6314,3.9963,0.6556,1.2939,-0.8146
1624947114736,-0.0803,-7.6242,3.8815,0.6605,1.2218,-0.8427
1624947114746,-0.1641,-7.4543,3.9054,0.6556,1.1424,-0.8842
1624947114755,-0.3100,-7.3395,3.9676,0.6434,1.0618,-0.9282
1624947114765,-0.4129,-7.3706,4.0514,0.6092,0.9909,-0.9612
1624947114774,-0.6139,-7.4759,4.0203,0.5542,0.9115,-0.9893
1624947114784,-0.6666,-7.5261,3.9844,0.4601,0.8174,-1.0150
1624947114793,-0.7431,-7.5309,3.9293,0.3526,0.7380,-1.0382
1624947114803,-0.7790,-7.5237,3.9820,0.2390,0.6622,-1.0589
1624947114812,-0.7288,-7.5716,4.0107,0.1461,0.5779,-1.0797
1624947114822,-0.7431,-7.7869,4.1758,0.0912,0.5047,-1.0895
1624947114832,-0.7168,-8.1076,4.1973,0.0838,0.4228,-1.0675
1624947114842,-0.5924,-8.4138,4.1878,0.0741,0.3422,-1.0174
1624947114851,-0.4632,-8.9164,4.2978,0.1070,0.2921,-0.9649
1624947114861,-0.3268,-9.2753,4.4175,0.1449,0.2493,-0.8964
1624947114871,-0.1497,-9.4763,4.5730,0.1559,0.2029,-0.8195
1624947114880,-0.0827,-9.7084,4.7596,0.1999,0.1711,-0.7572
1624947114888,-0.0516,-9.8878,4.8841,0.2292,0.1381,-0.6717
1624947114897,-0.0492,-9.9716,4.9965,0.2195,0.1051,-0.5629
1624947114907,-0.1186,-9.8735,4.9654,0.1999,0.0709,-0.4554
1624947114917,-0.1330,-9.6773,4.8769,0.1486,0.0331,-0.3552
1624947114926,-0.2024,-9.5337,4.8003,0.0912,0.0013,-0.2661
1624947114936,-0.2574,-9.2346,4.5371,0.0069,-0.0353,-0.1854
1624947114947,0.0465,-9.3973,4.8099,-0.1043,-0.0512,-0.1072
1624947114957,-0.4440,-10.1678,5.1042,-0.2326,0.0013,0.0223
1624947114967,-0.8676,-10.1510,5.1640,-0.3315,-0.0060,0.1359
1624947114976,-0.8365,-9.5122,5.0348,-0.2057,-0.0928,0.1799
1624947114986,-0.6809,-9.0695,4.9176,0.0056,-0.1575,0.2068
1624947114996,-0.4871,-8.8159,4.6232,0.0166,-0.1966,0.3069
1624947115005,-0.1641,-8.7584,4.3194,-0.1361,-0.2174,0.4401
1624947115015,-0.0325,-9.1365,4.2619,-0.2643,-0.2076,0.5378
1624947115024,-0.1090,-9.7634,4.5993,-0.3083,-0.2003,0.6453
1624947115034,-0.4081,-10.0816,5.1353,-0.3425,-0.2186,0.7590
1624947115044,-0.7168,-10.0290,5.9465,-0.3596,-0.2345,0.8237
1624947115053,-1.1308,-9.6055,5.9919,-0.3572,-0.2601,0.8457
1624947115062,-1.2815,-9.2131,5.3961,-0.3474,-0.3261,0.8946
1624947115072,-1.3342,-8.9092,4.2978,-0.4109,-0.4177,0.9789
1624947115082,-1.1786,-8.4115,3.3120,-0.6296,-0.4923,1.0326
1624947115091,-1.2265,-8.0884,3.0703,-0.8923,-0.5375,1.0583
1624947115101,-1.3629,-8.1291,2.8621,-1.1257,-0.6621,1.0754
1624947115111,-1.1595,-8.2153,3.0129,-1.3175,-0.8026,1.0485
1624947115118,-1.1619,-8.2966,3.5465,-1.3651,-0.8991,1.0204
1624947115130,-1.0518,-8.2727,3.8743,-1.2772,-1.0164,1.0168
1624947115140,-0.9800,-8.1435,4.0585,-1.0841,-1.1215,1.0070
1624947115149,-1.1188,-8.0597,3.6972,-0.7836,-1.2229,0.9948
1624947115159,-0.9896,-7.7391,3.3742,-0.5233,-1.3206,0.9777
1624947115168,-0.8508,-7.5285,3.5943,-0.3743,-1.3572,0.9459
1624947115177,-0.8221,-7.1337,3.8910,-0.3474,-1.3707,0.8982
1624947115187,-0.8030,-6.8059,3.9628,-0.3548,-1.4012,0.8188
1624947115197,-0.7527,-6.7150,4.0992,-0.3389,-1.4122,0.7333
1624947115205,-0.7407,-6.6049,4.3194,-0.3315,-1.3951,0.6576
1624947115214,-0.7048,-6.4709,4.5562,-0.2961,-1.3682,0.5867
1624947115224,-0.6809,-6.4757,4.7644,-0.2216,-1.3316,0.4987
1624947115233,-0.5732,-6.5403,4.9271,-0.1764,-1.2754,0.3986
1624947115243,-0.4680,-6.5929,5.2191,-0.1727,-1.1960,0.2996
1624947115255,-0.3531,-6.7389,5.4153,-0.1654,-1.1068,0.2080
1624947115264,-0.2502,-7.1145,5.5971,-0.1165,-1.0152,0.1225
1624947115273,-0.0923,-7.5118,5.6857,-0.0689,-0.9174,0.0528
1624947115283,0.0561,-7.7917,5.7287,-0.0273,-0.8185,-0.0046
1624947115293,0.1996,-7.9855,5.8053,0.0240,-0.7244,-0.0559
1624947115303,0.3480,-8.1315,5.9824,0.0679,-0.6291,-0.1060
1624947115312,0.4485,-8.2153,6.1834,0.1107,-0.5289,-0.1427
1624947115322,0.5442,-8.1961,6.3676,0.1180,-0.4263,-0.1707
1624947115332,0.6184,-8.2153,6.4897,0.1058,-0.3224,-0.2050
1624947115341,0.7045,-8.4043,6.5782,0.0679,-0.2149,-0.2160
1624947115351,0.7859,-8.6507,6.6691,0.0044,-0.0964,-0.2050
1624947115360,0.7572,-8.8326,6.7888,-0.0701,0.0159,-0.1952
1624947115370,0.7476,-8.9116,6.7864,-0.1434,0.1198,-0.1940
1624947115379,0.7404,-8.9546,6.6882,-0.2057,0.2188,-0.1878
1624947115389,0.5849,-8.9881,6.5901,-0.2472,0.3141,-0.1756
1624947115398,0.4485,-8.9403,6.5351,-0.2436,0.3959,-0.1646
1624947115409,0.4078,-8.9498,6.3150,-0.2265,0.4716,-0.1536
1624947115418,0.3719,-9.0049,6.1882,-0.2094,0.5560,-0.1427
1624947115428,0.2499,-8.8637,6.1164,-0.1642,0.6402,-0.1390
1624947115437,0.1685,-8.6842,6.0589,-0.1238,0.7123,-0.1427
1624947115446,0.0824,-8.4521,5.9130,-0.0982,0.7734,-0.1475
1624947115456,0.0178,-8.3158,5.8675,-0.0884,0.8443,-0.1597
1624947115466,-0.0660,-8.2846,5.7024,-0.0909,0.8993,-0.1866
1624947115475,-0.0372,-8.3899,5.4583,-0.0628,0.9530,-0.2111
1624947115485,-0.1042,-8.4641,5.3698,0.0130,1.0153,-0.2208
1624947115495,-0.1880,-8.3325,5.1784,0.1254,1.0495,-0.2453
1624947115504,-0.1617,-8.1435,4.9941,0.2146,1.0776,-0.2905
1624947115514,-0.2383,-7.9903,4.7788,0.2549,1.1192,-0.3247
1624947115522,-0.2550,-8.1147,4.6113,0.2414,1.1497,-0.3406
1624947115531,-0.2502,-8.2822,4.6041,0.1974,1.1607,-0.3503
1624947115541,-0.1808,-8.3038,4.4223,0.1620,1.1803,-0.3736
1624947115551,-0.2574,-8.2727,4.5921,0.2023,1.2059,-0.4090
1624947115560,-0.3770,-8.0956,4.6304,0.3013,1.1986,-0.4444
1624947115571,-0.3411,-7.9090,4.2978,0.3966,1.1583,-0.4896
1624947115581,-0.2981,-7.7630,3.9748,0.4467,1.1326,-0.5275
1624947115591,-0.3890,-7.6386,3.5824,0.4821,1.0801,-0.5690
1624947115601,-0.3387,-7.8348,3.2641,0.5261,1.0080,-0.6106
1624947115610,-0.3699,-7.9951,3.2282,0.5774,0.9616,-0.6399
1624947115620,-0.4847,-7.7439,3.4603,0.6642,0.8968,-0.6851
1624947115630,-0.5732,-7.2844,3.6757,0.8120,0.8174,-0.7621
1624947115639,-0.7096,-6.7700,3.8312,0.9671,0.7380,-0.8464
1624947115649,-0.7407,-6.4182,3.8551,1.0331,0.6561,-0.9172
1624947115658,-0.6426,-6.3943,3.8312,0.9757,0.5804,-0.9807
1624947115668,-0.4321,-6.8274,3.8145,0.7814,0.5291,-1.0260
1624947115678,-0.1904,-7.5764,3.9006,0.4833,0.4851,-1.0467
1624947115687,0.0130,-8.6603,3.9509,0.2085,0.4509,-1.0333
1624947115696,0.1949,-9.5911,4.0657,0.0521,0.4020,-0.9795
1624947115706,0.3145,-10.0793,4.1351,0.0460,0.3360,-0.9148
1624947115716,0.3265,-10.2491,4.1016,0.2072,0.2542,-0.8525
1624947115726,0.3887,-10.2013,4.0250,0.4100,0.1638,-0.7706
1624947115735,0.4916,-10.1630,3.9485,0.5627,0.0990,-0.6729
1624947115745,0.6256,-10.1008,4.0729,0.6153,0.0648,-0.5629
1624947115754,0.6615,-9.9309,4.1997,0.6031,0.0465,-0.4542
1624947115764,0.5107,-9.8041,4.2811,0.5627,0.0233,-0.3564
1624947115773,0.2379,-9.6677,4.3624,0.4931,-0.0085,-0.2709
1624947115783,0.0106,-9.4643,4.3816,0.3709,-0.0329,-0.1940
1624947115792,-0.1641,-9.2274,4.4869,0.2231,-0.0353,-0.1292
1624947115803,-0.3148,-8.9810,4.5539,0.0728,-0.0341,-0.0693
1624947115812,-0.4464,-8.7895,4.5036,-0.0432,-0.0427,-0.0278
1624947115822,-0.6283,-8.7106,4.3457,-0.1300,-0.0622,0.0076
1624947115831,-0.7455,-8.7536,4.2141,-0.1959,-0.0915,0.0516
1624947115839,-0.7072,-9.0503,4.1830,-0.2387,-0.1050,0.1090
1624947115848,-0.6785,-9.5792,4.1016,-0.2411,-0.1111,0.1835
1624947115858,-0.4225,-10.0362,4.0896,-0.2301,-0.1282,0.2801
1624947115868,-0.1665,-10.3473,4.0514,-0.2118,-0.1404,0.3876
1624947115880,-0.0492,-10.3903,4.1662,-0.1642,-0.1722,0.4951
1624947115889,-0.0038,-10.2276,4.2859,-0.0872,-0.2235,0.6014
1624947115898,-0.0923,-10.0027,4.5228,-0.0163,-0.2736,0.7016
1624947115908,-0.2311,-9.7419,4.9080,-0.0102,-0.3078,0.7871
1624947115917,-0.3531,-9.2585,5.3483,-0.1153,-0.3004,0.8408
1624947115927,-0.5756,-8.9116,5.5229,-0.2717,-0.2650,0.8811
1624947115937,-0.8101,-8.7536,5.1760,-0.4109,-0.2614,0.9166
1624947115947,-0.9776,-8.6483,4.4390,-0.5282,-0.3004,0.9655
1624947115956,-1.1571,-8.4569,3.7140,-0.6480,-0.3701,1.0119
1624947115966,-1.2432,-8.1913,3.3072,-0.7836,-0.4654,1.0363
1624947115976,-1.2672,-7.9855,3.0631,-0.9534,-0.5668,1.0400
1624947115985,-1.2480,-7.8874,3.0871,-1.1049,-0.6670,1.0278
1624947115995,-1.1619,-7.9281,3.2545,-1.1623,-0.7782,1.0094
1624947116004,-1.0949,-7.9496,3.6470,-1.1220,-0.8783,0.9984
1624947116014,-1.1092,-8.0071,3.6589,-0.9424,-0.9993,0.9777
1624947116023,-1.0040,-7.9712,3.7235,-0.6919,-1.1068,0.9324
1624947116033,-1.0303,-7.7271,3.7714,-0.4476,-1.1789,0.8970
1624947116043,-0.9178,-7.4567,3.7092,-0.2497,-1.2485,0.8714
1624947116052,-0.8460,-7.1505,3.6518,-0.1519,-1.3084,0.8249
1624947116062,-0.7168,-6.8896,3.7307,-0.1324,-1.3634,0.7443
1624947116071,-0.6666,-6.6910,3.7547,-0.1629,-1.4086,0.6478
1624947116081,-0.5206,-6.5451,4.1160,-0.2020,-1.4318,0.5537
1624947116091,-0.4871,-6.2986,4.3840,-0.2081,-1.4342,0.4511
1624947116100,-0.4177,-6.0593,4.5850,-0.1752,-1.4367,0.3424
1624947116108,-0.3100,-5.9756,4.6663,-0.1544,-1.4245,0.2275
1624947116119,-0.1473,-6.1885,4.7620,-0.1617,-1.3695,0.1102
1624947116129,0.0417,-6.8848,4.9606,-0.1923,-1.2742,0.0150
1624947116139,0.2475,-7.8037,5.2358,-0.2179,-1.1728,-0.0437
1624947116148,0.4796,-8.4761,5.5134,-0.2191,-1.0775,-0.0755
1624947116156,0.6375,-8.9810,5.7646,-0.1409,-0.9883,-0.1011
1624947116166,0.7380,-9.2705,6.0446,-0.0224,-0.8930,-0.1109
1624947116175,0.7787,-9.3231,6.3652,0.0851,-0.8014,-0.1121
1624947116185,0.8218,-9.3638,6.6165,0.1804,-0.6816,-0.1109
1624947116198,0.8601,-9.1891,6.8534,0.2329,-0.5521,-0.0901
1624947116206,0.7380,-8.9259,7.0711,0.2585,-0.4226,-0.0681
1624947116216,0.7356,-8.7847,7.0639,0.2695,-0.3078,-0.0547
1624947116225,0.7715,-8.7991,7.0926,0.2121,-0.1734,-0.0302
1624947116235,0.7428,-8.9283,7.1644,0.0924,-0.0256,0.0052
1624947116244,0.7069,-9.0456,7.1501,-0.0530,0.1003,0.0308
1624947116254,0.7787,-9.0312,7.0615,-0.1801,0.2175,0.0406
1624947116264,0.6782,-9.0456,6.9682,-0.2338,0.3446,0.0467
1624947116273,0.4533,-9.1437,6.7768,-0.2057,0.4460,0.0626
1624947116283,0.3671,-9.1891,6.5758,-0.1568,0.5254,0.0882
1624947116292,0.2260,-9.0049,6.4274,-0.0896,0.6195,0.1029
1624947116302,0.1159,-8.6436,6.3245,0.0020,0.7050,0.1053
1624947116312,-0.0133,-8.2942,6.2001,0.0826,0.7722,0.0895
1624947116321,-0.0947,-8.0741,5.9752,0.1095,0.8394,0.0675
1624947116330,-0.1473,-8.0836,5.8651,0.0985,0.9261,0.0504
1624947116340,-0.2765,-8.0382,5.7383,0.0594,1.0068,0.0345
1624947116350,-0.2598,-8.0143,5.5900,0.0655,1.0642,-0.0070
1624947116360,-0.3053,-7.9640,5.3961,0.0985,1.1167,-0.0522
1624947116369,-0.3651,-7.8515,5.1760,0.1217,1.1546,-0.0962
1624947116379,-0.2239,-7.8252,4.9870,0.1339,1.1851,-0.1341
1624947116388,-0.0875,-7.6649,4.9798,0.1131,1.2511,-0.1720
1624947116398,-0.1282,-7.4352,4.9247,0.1229,1.3061,-0.2318
1624947116407,-0.1712,-7.3012,4.6591,0.1510,1.3134,-0.3051
1624947116417,-0.1306,-7.3227,4.3792,0.1816,1.3049,-0.3625
1624947116427,-0.2215,-7.2366,4.0705,0.1620,1.2963,-0.4065
1624947116437,-0.2143,-7.2438,3.9054,0.1449,1.2707,-0.4664
1624947116446,-0.1856,-7.4591,3.8312,0.1290,1.2475,-0.5299
1624947116456,-0.1593,-7.7104,3.8528,0.1168,1.2255,-0.5788
1624947116465,-0.1234,-7.9999,3.8575,0.1632,1.1961,-0.6191
1624947116473,-0.0803,-8.0573,3.8001,0.2695,1.1534,-0.6509
1624947116483,-0.1330,-7.8228,3.5656,0.4369,1.0874,-0.7010
1624947116492,-0.2071,-7.5429,3.2402,0.6361,0.9860,-0.7718
1624947116502,-0.2670,-7.2318,3.0344,0.7998,0.8858,-0.8476
1624947116511,-0.3723,-6.9494,2.9770,0.8792,0.7954,-0.9136
1624947116522,-0.3459,-6.7867,3.0990,0.8389,0.7062,-0.9820
1624947116533,-0.3124,-6.8537,3.1445,0.6825,0.6183,-1.0394
1624947116542,-0.2287,-7.2486,3.2139,0.4467,0.5291,-1.0834
1624947116552,-0.1019,-7.7654,3.3479,0.1852,0.4558,-1.1139
1624947116561,-0.0851,-8.3086,3.6063,-0.0261,0.3959,-1.1310
1624947116571,-0.0995,-8.8637,3.7020,-0.1385,0.3153,-1.1237
1624947116581,-0.0038,-9.4260,3.6757,-0.1813,0.2200,-1.0822
1624947116590,0.0991,-9.9668,3.5991,-0.1825,0.1528,-1.0235
1624947116600,0.2331,-10.4573,3.6709,-0.1275,0.1064,-0.9417
1624947116610,0.4317,-10.9502,3.6781,-0.0396,0.0709,-0.8305
1624947116619,0.5442,-11.1680,3.7499,0.0863,0.0355,-0.6998
1624947116629,0.5921,-11.0316,3.6781,0.2207,-0.0109,-0.5715
1624947116639,0.8816,-10.1463,3.5441,0.3074,-0.1050,-0.4505
1624947116648,1.0323,-10.4382,3.5752,0.2085,-0.1282,-0.2770
1624947116657,0.4533,-11.9792,4.0801,-0.0774,-0.0415,-0.0583
1624947116667,-0.3220,-12.4888,4.3385,-0.3352,-0.0036,0.1542
1624947116677,-0.6402,-11.5891,4.2213,-0.1923,-0.0439,0.2287
1624947116686,-0.7072,-10.1606,4.0920,0.3062,-0.0964,0.2385
1624947116696,-0.5708,-8.8685,4.0729,0.6422,-0.1453,0.3350
1624947116706,-0.3890,-8.0430,4.0418,0.5982,-0.1600,0.4401
1624947116715,-0.3555,-7.9712,4.0370,0.3013,-0.1270,0.5061
1624947116726,-0.6091,-8.4019,4.1232,-0.0652,-0.0879,0.5549
1624947116734,-0.9154,-9.0862,4.0705,-0.3254,-0.1050,0.6160
1624947116744,-1.1380,-9.6653,3.9676,-0.3584,-0.1905,0.6796
1624947116754,-1.1978,-9.7969,3.9150,-0.2827,-0.2858,0.7345
1624947116763,-1.2074,-9.4236,4.0059,-0.2008,-0.3628,0.7602
1624947116773,-1.3150,-8.9044,3.9772,-0.1165,-0.4324,0.7614
1624947116783,-1.3174,-8.5718,3.7858,-0.0396,-0.5240,0.7651
1624947116790,-1.1308,-8.4378,3.7164,0.0093,-0.6022,0.7773
1624947116800,-1.0757,-8.3014,3.7810,-0.0017,-0.6389,0.7761
1624947116809,-1.0135,-8.0884,3.7164,-0.0506,-0.6975,0.7590
1624947116819,-0.9393,-8.0693,3.4962,-0.1422,-0.7782,0.7675
1624947116830,-0.9035,-8.1674,3.4579,-0.2680,-0.8466,0.8005
1624947116840,-0.8389,-8.3038,3.5106,-0.3719,-0.9077,0.8115
1624947116850,-0.9035,-8.3828,4.2571,-0.4097,-0.9370,0.8029
1624947116859,-0.9824,-8.4186,4.6065,-0.3462,-1.0005,0.7785
1624947116869,-1.0016,-7.9999,4.5491,-0.2778,-1.0628,0.7309
1624947116879,-1.0877,-7.7558,4.4223,-0.1752,-1.0824,0.7126
1624947116888,-1.0327,-7.6338,4.0538,-0.1006,-1.1239,0.7296
1624947116898,-0.8699,-7.0499,3.9580,-0.1764,-1.1483,0.6942
1624947116907,-0.8963,-6.6456,3.9293,-0.2802,-1.1581,0.6014
1624947116916,-0.7455,-6.4876,4.0633,-0.3987,-1.1691,0.5073
1624947116926,-0.6690,-6.7150,4.2045,-0.4708,-1.1606,0.4291
1624947116936,-0.5828,-7.0667,4.4486,-0.4403,-1.1581,0.3607
1624947116946,-0.5015,-7.3730,4.6902,-0.2888,-1.1544,0.2910
1624947116955,-0.4225,-7.4448,4.7716,-0.0847,-1.1471,0.2153
1624947116965,-0.2430,-7.4711,4.8673,0.1009,-1.1215,0.1579
1624947116975,-0.0995,-7.6218,4.8960,0.2207,-1.0787,0.1237
1624947116984,0.1661,-7.8324,5.0540,0.2634,-1.0347,0.0943
1624947116994,0.3336,-7.8635,5.3698,0.2463,-0.9773,0.0528
1624947117003,0.4270,-7.8396,5.7216,0.2378,-0.9125,0.0027
1624947117013,0.5083,-7.9162,5.9585,0.2708,-0.8405,-0.0376
1624947117023,0.6399,-8.0741,6.2647,0.2708,-0.7501,-0.0547
1624947117032,0.7045,-8.1985,6.4705,0.1926,-0.6438,-0.0706
1624947117041,0.7907,-8.2464,6.6619,0.0655,-0.5265,-0.0877
1624947117051,0.8194,-8.5766,6.7816,-0.0542,-0.3982,-0.0852
1624947117061,0.8433,-8.8972,6.8558,-0.1458,-0.2785,-0.0693
1624947117070,0.9486,-9.2537,6.6691,-0.1971,-0.1587,-0.0498
1624947117080,1.0443,-9.5170,6.7624,-0.1947,-0.0207,-0.0241
1624947117090,1.1089,-9.4810,6.9754,-0.1190,0.1088,0.0027
1624947117100,0.9917,-9.1221,7.0855,-0.0054,0.2322,0.0089
1624947117107,0.7596,-8.6603,7.0783,0.1180,0.3422,0.0027
1624947117117,0.5945,-8.5407,6.9586,0.1816,0.4656,0.0040
1624947117126,0.5538,-8.4641,6.9682,0.1461,0.6073,0.0247
1624947117136,0.4270,-8.2248,6.7361,0.0521,0.7307,0.0247
1624947117149,0.3241,-8.0693,6.4107,-0.0334,0.8321,-0.0119
1624947117157,0.1566,-8.0549,6.2815,-0.0921,0.9151,-0.0535
1624947117167,0.0609,-8.0262,6.0542,-0.1336,0.9811,-0.0791
1624947117177,0.0226,-7.9520,5.9561,-0.1519,1.0544,-0.1072
1624947117186,-0.0253,-7.8133,5.9465,-0.1104,1.1180,-0.1353
1624947117196,0.0106,-7.6840,5.8723,-0.0383,1.1693,-0.1671
1624947117206,-0.0923,-7.5955,5.6354,0.0423,1.2096,-0.2037
1624947117215,-0.1473,-7.6003,5.2765,0.1022,1.2133,-0.2465
1624947117225,-0.1928,-7.7534,4.7429,0.1217,1.1913,-0.2917
1624947117234,-0.0420,-8.0525,4.7716,0.1046,1.2059,-0.3271
1624947117244,-0.0851,-7.7750,5.0013,0.0924,1.2401,-0.3687
1624947117253,-0.0564,-7.3849,5.2047,0.1742,1.2536,-0.4383
1624947117263,-0.0014,-7.3466,5.1616,0.3660,1.2523,-0.4969
1624947117273,-0.0229,-7.5429,4.8458,0.5689,1.2352,-0.5263
1624947117282,0.0680,-7.9449,4.4988,0.7546,1.1937,-0.5458
1624947117291,0.0920,-8.1530,4.1638,0.8731,1.1546,-0.5690
1624947117299,0.0369,-8.0908,4.0442,0.9720,1.0960,-0.6008
1624947117311,-0.0444,-7.7774,3.9509,1.0563,1.0165,-0.6423
1624947117321,-0.0995,-7.3251,3.9820,1.1235,0.9237,-0.6985
1624947117330,-0.1712,-6.9279,3.9939,1.1064,0.8174,-0.7657
1624947117338,-0.2406,-6.6456,3.8719,0.9806,0.7038,-0.8305
1624947117349,-0.2478,-6.6264,3.8169,0.7167,0.5975,-0.8904
1624947117359,-0.2837,-6.8872,3.7068,0.4015,0.5156,-0.9490
1624947117369,-0.2598,-7.4304,3.7068,0.0985,0.4436,-0.9905
1624947117378,-0.2119,-8.0525,3.8336,-0.1043,0.3910,-1.0040
1624947117388,-0.2119,-8.4378,3.9748,-0.1752,0.3324,-0.9966
1624947117397,-0.1354,-8.7512,3.9317,-0.0957,0.2518,-0.9747
1624947117407,-0.0133,-9.1269,3.9221,0.0716,0.1748,-0.9246
1624947117417,0.1566,-9.3471,3.8815,0.2488,0.1027,-0.8513
1624947117424,0.3265,-9.5337,3.9676,0.3722,0.0490,-0.7706
1624947117434,0.4604,-9.6940,4.2571,0.4333,0.0196,-0.6949
1624947117443,0.4987,-9.5959,4.4869,0.4283,-0.0121,-0.6191
1624947117453,0.4485,-9.4356,4.6113,0.3758,-0.0451,-0.5495
1624947117463,0.3576,-9.4428,4.7070,0.3013,-0.0561,-0.4749
1624947117475,0.3145,-9.6581,4.7931,0.2011,-0.0451,-0.3784
1624947117484,0.4892,-9.7108,4.8003,0.0814,-0.0463,-0.2709
1624947117494,0.4557,-10.5148,4.9726,-0.0469,-0.0048,-0.1304
1624947117503,-0.0827,-10.9814,5.2550,-0.2534,0.0538,0.0284
1624947117512,-0.4680,-10.2420,5.0468,-0.3694,0.0575,0.0943
1624947117522,-0.5828,-9.1700,4.8721,-0.1813,0.0441,0.0858
1624947117532,-0.5637,-8.5144,4.9511,0.1193,0.0367,0.1005
1624947117542,-0.5086,-8.4617,4.9200,0.2512,0.0379,0.1933
1624947117551,-0.2622,-8.6316,4.8051,0.1510,0.0441,0.3118
1624947117561,-0.0899,-9.0480,4.7190,-0.0347,0.0599,0.4071
1624947117570,-0.1019,-9.5480,4.5969,-0.1593,0.0551,0.4939
1624947117580,-0.2430,-9.7754,4.5778,-0.2204,0.0196,0.5904
1624947117588,-0.5182,-9.6533,4.6615,-0.2069,-0.0317,0.6637
1624947117599,-0.7599,-9.3399,4.7046,-0.1874,-0.0891,0.7101
1624947117609,-0.8915,-9.0575,4.7118,-0.1910,-0.1306,0.7541
1624947117619,-0.8963,-8.9068,4.6639,-0.2277,-0.1636,0.8115
1624947117628,-0.8508,-8.6962,4.6783,-0.2753,-0.1991,0.8518
1624947117638,-0.8819,-8.3612,4.7572,-0.3303,-0.2357,0.8677
1624947117647,-0.9346,-8.0765,4.7931,-0.3657,-0.2650,0.8726
1624947117657,-0.9752,-7.9855,4.9128,-0.3877,-0.2882,0.8958
1624947117667,-0.9417,-7.7893,4.9535,-0.4403,-0.3078,0.9178
1624947117676,-0.8891,-7.7965,4.8841,-0.4549,-0.3224,0.9092
1624947117686,-0.8723,-7.8802,4.8553,-0.4280,-0.3420,0.9056
1624947117695,-0.8843,-7.9329,4.7501,-0.4183,-0.3701,0.9044
1624947117705,-0.8412,-8.0621,4.7190,-0.3853,-0.3921,0.8897
1624947117715,-0.7982,-8.1076,4.6998,-0.3792,-0.4067,0.8738
1624947117724,-0.8532,-8.0166,4.7549,-0.4122,-0.4251,0.8555
1624947117734,-0.9489,-7.9496,4.7620,-0.4476,-0.4520,0.8286
1624947117741,-1.0183,-7.8563,4.7788,-0.4879,-0.4813,0.8078
1624947117751,-1.0159,-7.7965,4.8338,-0.5514,-0.4984,0.7944
1624947117761,-0.9729,-7.6290,4.8266,-0.6309,-0.5155,0.7675
1624947117770,-0.9561,-7.6697,4.8338,-0.6773,-0.5204,0.7321
1624947117780,-0.9920,-7.8348,4.8147,-0.6809,-0.5301,0.7126
1624947117790,-0.9561,-7.8826,4.6879,-0.6724,-0.5546,0.6930
1624947117801,-0.9872,-7.9281,4.5898,-0.6296,-0.5778,0.6625
1624947117811,-1.0135,-7.9568,4.4725,-0.5856,-0.6047,0.6283
1624947117820,-1.0566,-7.8276,4.3648,-0.5747,-0.6352,0.5916
1624947117830,-1.0901,-7.6673,4.2715,-0.6028,-0.6694,0.5464
1624947117839,-1.0757,-7.5500,4.1782,-0.6565,-0.7024,0.4951
1624947117849,-1.0375,-7.6386,4.1088,-0.7176,-0.7281,0.4547
1624947117859,-1.0063,-7.8850,4.2452,-0.7469,-0.7378,0.4193
1624947117868,-1.1332,-8.0525,4.1423,-0.7310,-0.7610,0.3973
1624947117878,-0.9920,-8.0836,4.1614,-0.6211,-0.7940,0.3582
1624947117887,-1.0422,-7.9233,4.0657,-0.4953,-0.8172,0.2886
1624947117897,-0.9609,-7.8396,4.0298,-0.4024,-0.8368,0.2361
1624947117907,-0.9393,-7.8396,4.0370,-0.3303,-0.8417,0.2202
1624947117916,-0.9513,-7.8587,4.1327,-0.2472,-0.8441,0.1945
1624947117926,-0.8915,-7.8850,4.0777,-0.1409,-0.8624,0.1542
1624947117936,-0.8508,-7.8300,4.1758,-0.0371,-0.8649,0.1066
1624947117945,-0.8030,-7.7702,4.3457,0.0411,-0.8563,0.0614
1624947117955,-0.7192,-7.8252,4.5443,0.1070,-0.8417,0.0210
1624947117964,-0.6355,-7.8946,4.7979,0.1327,-0.8099,-0.0058
1624947117974,-0.6020,-8.0454,4.9965,0.1571,-0.7733,-0.0339
1624947117984,-0.5685,-8.1746,5.0874,0.1694,-0.7391,-0.0596
1624947117993,-0.5158,-8.3229,5.1951,0.1767,-0.6914,-0.0779
1624947118003,-0.5062,-8.3158,5.3913,0.1999,-0.6438,-0.0889
1624947118012,-0.5158,-8.0430,5.4512,0.2072,-0.6132,-0.1194
1624947118022,-0.3866,-8.0119,5.4440,0.1681,-0.5643,-0.1524
1624947118032,-0.2550,-8.3229,5.5062,0.0838,-0.4813,-0.1573
1624947118041,-0.1665,-8.7153,5.7359,0.0032,-0.3896,-0.1451
1624947118051,-0.1808,-9.0049,5.8484,-0.0322,-0.3029,-0.1439
1624947118058,-0.1090,-9.1987,5.9776,0.0203,-0.2149,-0.1427
1624947118068,-0.1162,-9.3686,6.1714,0.1229,-0.1160,-0.1121
1624947118078,-0.0540,-9.3829,6.2910,0.2207,-0.0060,-0.0755
1624947118087,-0.0660,-9.3136,6.3102,0.3050,0.1051,-0.0486
1624947118101,-0.1425,-9.1269,6.1570,0.3893,0.2017,-0.0278
1624947118109,-0.1808,-8.8541,6.0661,0.4809,0.2835,-0.0156
1624947118118,-0.2550,-8.4354,6.0637,0.5640,0.3654,-0.0388
1624947118128,-0.3172,-7.9425,6.1331,0.5701,0.4546,-0.0840
1624947118137,-0.3866,-7.6362,6.1259,0.4626,0.5560,-0.1097
1624947118147,-0.4129,-7.7822,6.3078,0.3074,0.6818,-0.1182
1624947118156,-0.5015,-7.8587,6.2575,0.1608,0.7954,-0.1243
1624947118166,-0.5421,-8.0741,6.1451,0.0912,0.8980,-0.1549
1624947118176,-0.6402,-8.1817,5.8555,0.0961,0.9799,-0.1915
1624947118185,-0.6355,-8.2057,5.5206,0.1351,1.0275,-0.2208
1624947118194,-0.6020,-8.2081,5.1904,0.1706,1.0715,-0.2551
1624947118205,-0.5062,-8.0358,5.0468,0.1913,1.1204,-0.2929
1624947118214,-0.4632,-7.9090,5.1999,0.2402,1.1803,-0.3284
1624947118224,-0.4823,-7.7343,5.2310,0.3819,1.2316,-0.3638
1624947118233,-0.4895,-7.6338,5.2382,0.5982,1.2670,-0.3992
1624947118242,-0.5397,-7.4591,4.9678,0.8291,1.2597,-0.4249
1624947118253,-0.5565,-7.3203,4.5706,1.0380,1.2377,-0.4701
1624947118262,-0.5996,-7.2246,4.3385,1.1980,1.2010,-0.5250
1624947118272,-0.5469,-7.0499,4.3624,1.2261,1.1632,-0.5825
1624947118281,-0.6666,-6.7173,4.3864,1.1590,1.1167,-0.6680
1624947118291,-0.6857,-6.3895,4.3385,1.0453,1.0446,-0.7755
1624947118300,-0.7312,-6.2101,4.2930,0.9195,0.9677,-0.8732
1624947118310,-0.7216,-6.1239,4.2667,0.7558,0.8956,-0.9698
1624947118320,-0.6522,-6.1742,4.2906,0.5786,0.8296,-1.0675
1624947118329,-0.5732,-6.5451,4.2954,0.3490,0.7856,-1.1408
1624947118339,-0.5039,-7.1863,4.2571,0.1437,0.7441,-1.1787
1624947118349,-0.4249,-7.8085,4.1997,0.0093,0.6867,-1.1933
1624947118358,-0.3914,-8.2822,4.1423,-0.0139,0.6134,-1.1933
1624947118368,-0.3100,-8.7249,4.1973,0.0728,0.5291,-1.1701
1624947118376,-0.2454,-9.2394,4.2691,0.2280,0.4521,-1.1237
1624947118385,-0.0588,-9.4978,4.3194,0.3538,0.3739,-1.0541
1624947118395,0.1039,-9.5528,4.3840,0.4393,0.2994,-0.9820
1624947118404,0.1350,-9.5409,4.5228,0.5041,0.2346,-0.9160
1624947118416,0.1733,-9.4332,4.5395,0.4992,0.1662,-0.8366
1624947118426,0.1901,-9.2609,4.5371,0.4223,0.1125,-0.7621
1624947118435,0.1518,-9.0743,4.5826,0.3050,0.0709,-0.6998
1624947118445,0.0776,-8.9905,4.6041,0.1596,0.0355,-0.6411
1624947118454,0.0058,-8.9498,4.6232,0.0423,0.0013,-0.5800
1624947118464,-0.0612,-8.8828,4.6089,-0.0420,-0.0353,-0.5275
1624947118474,-0.1330,-8.7273,4.5921,-0.0994,-0.0708,-0.4847
1624947118483,-0.1928,-8.5263,4.5778,-0.1287,-0.1062,-0.4493
1624947118493,-0.2502,-8.3445,4.5371,-0.1238,-0.1465,-0.4200
1624947118502,-0.2741,-8.1291,4.5299,-0.1177,-0.1844,-0.4029
1624947118511,0.0704,-7.7439,4.3792,-0.1226,-0.2271,-0.3992
1624947118521,0.6088,-9.0838,4.7764,-0.0701,-0.1734,-0.3393
1624947118531,-0.1042,-11.5508,6.6452,-0.0151,-0.0353,-0.1109
1624947118541,-0.9250,-11.0795,6.6595,-0.0566,-0.0488,0.0540
1624947118548,-0.5708,-9.2298,5.9872,0.1791,-0.1172,-0.0254
1624947118560,-0.3053,-8.4498,5.9130,0.4894,-0.0806,-0.0498
1624947118570,-0.2478,-7.9544,5.6474,0.4137,-0.0256,0.0724
1624947118579,-0.2095,-7.5931,5.4249,0.1742,0.0147,0.0968
1624947118589,-0.1880,-7.7367,5.4392,0.0093,0.0807,0.0430
1624947118598,-0.1569,-7.9496,5.4559,-0.1361,0.1284,0.0687
1624947118608,-0.0205,-8.2679,5.4679,-0.1507,0.1454,0.1188
1624947118618,0.1135,-8.4809,5.4775,-0.0542,0.1564,0.1286
1624947118627,0.1925,-8.3325,5.4823,0.0386,0.1491,0.1396
1624947118637,0.2499,-8.1770,5.4392,0.0997,0.1394,0.1542
1624947118646,0.2882,-8.0549,5.3578,0.1351,0.1369,0.1689
1624947118656,0.3767,-7.9185,5.3985,0.1571,0.1210,0.1750
1624947118666,0.4006,-7.7822,5.3483,0.1290,0.0941,0.1786
1624947118676,0.5370,-7.7606,5.3387,-0.0334,0.0819,0.1786
1624947118685,0.5275,-7.8635,5.2382,-0.2582,0.0954,0.1884
1624947118695,0.4437,-8.1147,5.2526,-0.4146,0.0966,0.2116
1624947118702,0.2164,-8.4880,5.3459,-0.4244,0.0868,0.2471
1624947118712,0.0106,-8.7512,5.3578,-0.3059,0.0551,0.2923
1624947118721,-0.0420,-8.7082,5.3339,-0.1385,0.0172,0.3301
1624947118731,-0.0205,-8.4665,5.4320,0.0154,-0.0121,0.3509
1624947118742,-0.0109,-8.2607,5.4799,0.1119,-0.0256,0.3631
1624947118752,-0.0157,-8.1100,5.4799,0.1376,-0.0353,0.3827
1624947118762,-0.0684,-8.0884,5.5014,0.1254,-0.0366,0.4047
1624947118771,-0.1641,-8.2176,5.4990,0.1229,-0.0292,0.4230
1624947118781,-0.2550,-8.2320,5.4990,0.1449,-0.0402,0.4413
1624947118791,-0.3005,-8.2296,5.4105,0.1840,-0.0585,0.4511
1624947118800,-0.2239,-8.0836,5.3315,0.2182,-0.0781,0.4572
1624947118810,-0.1425,-7.9712,5.3531,0.2353,-0.0830,0.4657
1624947118820,-0.1425,-7.9736,5.4464,0.2255,-0.0879,0.4804
1624947118829,-0.1808,-7.9903,5.4918,0.2060,-0.0879,0.4902
1624947118839,-0.2024,-8.0597,5.5588,0.1767,-0.0781,0.4951
1624947118848,-0.1784,-8.0693,5.5852,0.1217,-0.0659,0.5036
1624947118858,-0.1904,-7.9760,5.5708,0.0826,-0.0524,0.5110
1624947118868,-0.2359,-7.8635,5.5564,0.0569,-0.0415,0.5085
1624947118876,-0.3316,-7.8372,5.5349,0.0667,-0.0256,0.5000
1624947118887,-0.3866,-7.8180,5.5062,0.0948,-0.0073,0.5024
1624947118896,-0.3699,-7.7917,5.4727,0.1193,0.0037,0.5048
1624947118906,-0.4177,-7.7726,5.4655,0.1486,0.0159,0.4975
1624947118915,-0.4440,-7.7439,5.4703,0.1620,0.0257,0.4865
1624947118923,-0.4847,-7.6745,5.5038,0.1584,0.0379,0.4792
1624947118932,-0.5397,-7.7032,5.5684,0.1596,0.0551,0.4780
1624947118944,-0.6474,-7.7654,5.5971,0.1779,0.0612,0.4804
1624947118954,-0.6929,-7.7654,5.5373,0.1913,0.0599,0.4804
1624947118964,-0.7551,-7.7582,5.4751,0.2036,0.0551,0.4767
1624947118973,-0.7934,-7.7415,5.4272,0.2109,0.0526,0.4670
1624947118983,-0.8460,-7.7582,5.3961,0.2011,0.0477,0.4547
1624947118993,-0.8915,-7.6793,5.3698,0.1901,0.0379,0.4425
1624947119003,-0.9059,-7.6003,5.4320,0.1657,0.0331,0.4303
1624947119011,-0.9202,-7.5764,5.4655,0.1376,0.0331,0.4132
1624947119019,-0.9729,-7.4567,5.4990,0.1009,0.0282,0.3912
1624947119029,-1.0518,-7.2988,5.5804,0.0704,0.0245,0.3631
1624947119040,-1.1714,-7.2031,5.6187,0.0362,0.0257,0.3326
1624947119049,-1.2600,-7.1385,5.5876,-0.0139,0.0257,0.3094
1624947119058,-1.3126,-7.1241,5.5852,-0.0738,0.0355,0.2886
1624947119067,-1.3342,-7.1361,5.5804,-0.1336,0.0441,0.2605
1624947119077,-1.3748,-7.1433,5.6067,-0.1788,0.0514,0.2287
1624947119086,-1.3844,-7.1576,5.7287,-0.2020,0.0648,0.1982
1624947119098,-1.4371,-7.1935,5.8197,-0.2020,0.0856,0.1701
1624947119110,-1.4347,-7.1911,5.8508,-0.1898,0.1027,0.1444
1624947119115,-1.4682,-7.1385,5.8555,-0.1654,0.1210,0.1212
1624947119125,-1.4801,-7.1265,5.7981,-0.1446,0.1394,0.0956
1624947119135,-1.5160,-7.1983,5.7527,-0.1312,0.1626,0.0687
1624947119144,-1.5471,-7.2222,5.7383,-0.1336,0.1785,0.0418
1624947119154,-1.5447,-7.2868,5.6904,-0.1409,0.1907,0.0150
1624947119163,-1.5519,-7.3251,5.6187,-0.1507,0.2004,-0.0144
1624947119173,-1.5758,-7.3706,5.6210,-0.1568,0.2041,-0.0425
1624947119183,-1.5806,-7.4065,5.6761,-0.1593,0.2114,-0.0742
1624947119192,-1.6022,-7.4017,5.7335,-0.1642,0.2175,-0.0974
1624947119202,-1.6069,-7.3084,5.7383,-0.1581,0.2237,-0.1207
1624947119211,-1.6117,-7.3921,5.7503,-0.1348,0.2334,-0.1414
1624947119221,-1.5854,-7.4902,5.7048,-0.1104,0.2432,-0.1512
1624947119231,-1.5782,-7.4807,5.6522,-0.0994,0.2420,-0.1597
1624947119240,-1.6093,-7.4496,5.6330,-0.0921,0.2408,-0.1793
1624947119249,-1.6022,-7.4400,5.6115,-0.0921,0.2395,-0.1940
1624947119259,-1.5950,-7.4639,5.5373,-0.0945,0.2322,-0.2013
1624947119269,-1.5782,-7.4998,5.4918,-0.0945,0.2212,-0.2062
1624947119278,-1.5519,-7.5859,5.4918,-0.0909,0.2127,-0.2123
1624947119288,-1.5926,-7.6481,5.4655,-0.0835,0.1992,-0.2098
1624947119297,-1.5998,-7.6218,5.4464,-0.0835,0.1736,-0.2037
1624947119307,-1.6213,-7.6003,5.3866,-0.0933,0.1564,-0.2025
1624947119317,-1.5974,-7.5907,5.3411,-0.1141,0.1369,-0.1964
1624947119326,-1.5974,-7.6745,5.3842,-0.1263,0.1186,-0.1903
1624947119338,-1.6046,-7.7367,5.4464,-0.1300,0.1015,-0.1830
1624947119346,-1.5734,-7.7128,5.4033,-0.1263,0.0795,-0.1756
1624947119358,-1.5495,-7.7343,5.3842,-0.1116,0.0599,-0.1683
1624947119365,-1.5495,-7.7726,5.4177,-0.0921,0.0490,-0.1622
1624947119375,-1.5663,-7.9209,5.4751,-0.0799,0.0404,-0.1524
1624947119384,-1.5687,-7.9162,5.4583,-0.0713,0.0282,-0.1390
1624947119394,-1.5256,-7.8683,5.4536,-0.0603,0.0159,-0.1341
1624947119406,-1.4945,-7.8922,5.4249,-0.0408,0.0074,-0.1280
1624947119416,-1.4466,-7.9449,5.4583,-0.0298,0.0050,-0.1194
1624947119425,-1.4442,-7.9473,5.4895,-0.0139,0.0025,-0.1109
1624947119434,-1.4538,-8.0166,5.5588,-0.0090,0.0062,-0.0987
1624947119444,-1.4418,-8.0286,5.5277,-0.0163,0.0099,-0.0828
1624947119454,-1.4179,-8.0382,5.4703,-0.0102,0.0184,-0.0681
1624947119463,-1.4466,-8.0166,5.4296,-0.0005,0.0257,-0.0571
1624947119473,-1.4514,-7.9616,5.3913,-0.0029,0.0245,-0.0498
1624947119483,-1.4801,-7.8659,5.3746,0.0056,0.0257,-0.0449
1624947119492,-1.5112,-7.8468,5.3818,-0.0066,0.0306,-0.0461
1624947119502,-1.4849,-7.9257,5.4225,-0.0139,0.0392,-0.0400
1624947119511,-1.4682,-8.0047,5.4057,-0.0078,0.0465,-0.0278
1624947119521,-1.4538,-7.9712,5.3483,-0.0115,0.0441,-0.0205
1624947119531,-1.3964,-7.9640,5.2980,0.0118,0.0392,-0.0193
1624947119538,-1.3940,-7.9449,5.2573,0.0325,0.0379,-0.0132
1624947119550,-1.3940,-7.9162,5.2645,0.0337,0.0343,-0.0070
1624947119559,-1.3964,-7.9162,5.2980,0.0374,0.0318,-0.0034
1624947119569,-1.3629,-7.9449,5.3172,0.0435,0.0343,0.0027
1624947119579,-1.3796,-7.9999,5.3004,0.0447,0.0306,0.0125
1624947119588,-1.3629,-7.9927,5.2454,0.0386,0.0233,0.0186
1624947119598,-1.3533,-7.9879,5.2167,0.0435,0.0147,0.0223
1624947119608,-1.3222,-7.9832,5.2573,0.0447,0.0111,0.0284
1624947119617,-1.3389,-7.9832,5.2837,0.0557,0.0050,0.0333
1624947119627,-1.3389,-7.9808,5.3148,0.0569,0.0050,0.0369
1624947119636,-1.3150,-7.8994,5.3602,0.0557,0.0037,0.0394
1624947119646,-1.3007,-7.8539,5.3459,0.0557,0.0037,0.0394
1624947119656,-1.2720,-7.8707,5.3004,0.0472,0.0037,0.0430
1624947119665,-1.2648,-7.8635,5.3315,0.0276,0.0074,0.0455
1624947119675,-1.2504,-7.8683,5.3746,0.0093,0.0159,0.0430
1624947119684,-1.2720,-7.8755,5.3794,-0.0127,0.0257,0.0406
1624947119692,-1.2983,-7.8802,5.4416,-0.0163,0.0318,0.0394
1624947119701,-1.3342,-7.9090,5.4033,-0.0200,0.0416,0.0406
1624947119711,-1.2959,-7.8755,5.3459,-0.0151,0.0453,0.0406
1624947119721,-1.2911,-7.8372,5.3411,-0.0139,0.0526,0.0369
1624947119734,-1.3078,-7.7750,5.3411,-0.0139,0.0612,0.0272
1624947119742,-1.3294,-7.7630,5.3483,-0.0139,0.0709,0.0210
1624947119751,-1.3605,-7.7726,5.4009,-0.0127,0.0819,0.0174
1624947119761,-1.3701,-7.7965,5.4105,-0.0175,0.0929,0.0125
1624947119771,-1.3796,-7.7822,5.3937,-0.0163,0.0966,0.0064
1624947119780,-1.4107,-7.8468,5.4009,-0.0188,0.1003,0.0003
1624947119790,-1.3796,-7.8826,5.4320,-0.0151,0.1064,-0.0046
1624947119800,-1.3725,-7.8468,5.4105,-0.0029,0.1076,-0.0107
1624947119807,-1.4107,-7.8180,5.4081,0.0142,0.1088,-0.0193
1624947119819,-1.3868,-7.7965,5.3961,0.0350,0.1076,-0.0217
1624947119828,-1.3916,-7.7606,5.3459,0.0386,0.1064,-0.0229
1624947119838,-1.3844,-7.7199,5.3291,0.0337,0.1039,-0.0315
1624947119848,-1.4059,-7.7199,5.2813,0.0240,0.0966,-0.0376
1624947119857,-1.4131,-7.7678,5.2573,0.0215,0.0917,-0.0412
1624947119866,-1.3964,-7.7941,5.2573,0.0166,0.0868,-0.0437
1624947119877,-1.4107,-7.7965,5.2502,0.0215,0.0783,-0.0449
1624947119886,-1.4418,-7.8085,5.3148,0.0301,0.0722,-0.0486
1624947119896,-1.4801,-7.8252,5.3411,0.0484,0.0636,-0.0474
1624947119906,-1.4538,-7.8156,5.3746,0.0606,0.0587,-0.0461
1624947119915,-1.4347,-7.7989,5.3626,0.0655,0.0599,-0.0510
1624947119924,-1.4562,-7.8372,5.3483,0.0582,0.0599,-0.0535
1624947119934,-1.4538,-7.9066,5.3148,0.0582,0.0538,-0.0522
1624947119944,-1.4251,-7.8898,5.2837,0.0545,0.0551,-0.0559
1624947119953,-1.4418,-7.9066,5.2980,0.0447,0.0612,-0.0620
1624947119963,-1.4490,-7.9090,5.3387,0.0557,0.0612,-0.0583
1624947119972,-1.4658,-7.8850,5.3483,0.0618,0.0624,-0.0535
1624947119982,-1.4801,-7.8539,5.3291,0.0667,0.0624,-0.0535
1624947119992,-1.4993,-7.8420,5.3148,0.0533,0.0648,-0.0535
1624947120001,-1.4969,-7.8587,5.2932,0.0447,0.0709,-0.0510
1624947120011,-1.5376,-7.8492,5.2789,0.0350,0.0770,-0.0522
1624947120019,-1.5567,-7.8468,5.2669,0.0301,0.0770,-0.0547
1624947120028,-1.5734,-7.8420,5.2406,0.0325,0.0783,-0.0547
1624947120038,-1.5519,-7.8850,5.2310,0.0411,0.0758,-0.0547
1624947120048,-1.5639,-7.8946,5.2047,0.0447,0.0722,-0.0510
1624947120057,-1.5447,-7.8539,5.2095,0.0472,0.0709,-0.0498
1624947120070,-1.5519,-7.8802,5.2334,0.0484,0.0697,-0.0522
1624947120076,-1.5471,-7.8826,5.2310,0.0460,0.0673,-0.0425
1624947120087,-1.5758,-7.8396,5.2334,0.0386,0.0624,-0.0376
1624947120097,-1.5758,-7.7989,5.2095,0.0435,0.0599,-0.0400
1624947120106,-1.5687,-7.7965,5.1975,0.0411,0.0551,-0.0388
1624947120116,-1.5711,-7.8228,5.2023,0.0289,0.0514,-0.0351
1624947120126,-1.5734,-7.8324,5.2143,0.0227,0.0514,-0.0376
1624947120136,-1.5782,-7.8420,5.2382,0.0289,0.0514,-0.0388
1624947120145,-1.5806,-7.8420,5.2621,0.0325,0.0490,-0.0388
1624947120155,-1.5543,-7.8731,5.3148,0.0374,0.0465,-0.0376
1624947120164,-1.5423,-7.8707,5.3555,0.0435,0.0502,-0.0351
1624947120174,-1.5208,-7.9257,5.3650,0.0435,0.0551,-0.0315
1624947120184,-1.5017,-7.9042,5.3602,0.0374,0.0612,-0.0266
1624947120191,-1.4969,-7.8539,5.3483,0.0399,0.0624,-0.0266
1624947120203,-1.5184,-7.8372,5.3148,0.0411,0.0612,-0.0302
1624947120212,-1.4777,-7.8156,5.3148,0.0374,0.0648,-0.0278
1624947120222,-1.4610,-7.7726,5.2956,0.0313,0.0660,-0.0302
1624947120232,-1.4849,-7.6769,5.3243,0.0240,0.0636,-0.0400
1624947120241,-1.4921,-7.6721,5.3698,0.0276,0.0612,-0.0461
1624947120251,-1.4993,-7.7582,5.4368,0.0289,0.0624,-0.0474
1624947120261,-1.4753,-7.8180,5.4871,0.0325,0.0685,-0.0437
1624947120270,-1.4562,-7.7917,5.4918,0.0399,0.0660,-0.0425
1624947120279,-1.4562,-7.7367,5.4942,0.0594,0.0636,-0.0498
1624947120288,-1.4562,-7.6984,5.4703,0.0753,0.0612,-0.0522
1624947120298,-1.4059,-7.7319,5.3913,0.0753,0.0538,-0.0522
1624947120308,-1.3509,-7.7702,5.3746,0.0802,0.0490,-0.0535
1624947120319,-1.3294,-7.7630,5.3794,0.0789,0.0465,-0.0583
1624947120328,-1.2696,-7.7151,5.3746,0.0802,0.0416,-0.0645
1624947120336,-1.2337,-7.7199,5.4512,0.0838,0.0441,-0.0693
1624947120345,-1.2050,-7.8085,5.4751,0.0789,0.0477,-0.0681
1624947120355,-1.1930,-7.9066,5.5038,0.0728,0.0538,-0.0620
1624947120364,-1.1930,-7.9090,5.4799,0.0741,0.0563,-0.0547
1624947120378,-1.1858,-7.8611,5.4775,0.0777,0.0551,-0.0522
1624947120386,-1.2026,-7.8492,5.4392,0.0863,0.0563,-0.0535
1624947120395,-1.2432,-7.8444,5.3961,0.0789,0.0538,-0.0535
1624947120403,-1.2696,-7.8420,5.3674,0.0631,0.0538,-0.0583
1624947120414,-1.2887,-7.8372,5.3698,0.0496,0.0502,-0.0657
1624947120424,-1.2959,-7.8276,5.3602,0.0399,0.0477,-0.0706
1624947120434,-1.2935,-7.8324,5.3674,0.0386,0.0490,-0.0706
1624947120443,-1.3342,-7.8180,5.3555,0.0399,0.0441,-0.0718
1624947120453,-1.3557,-7.7606,5.3363,0.0399,0.0392,-0.0742
1624947120463,-1.3725,-7.7463,5.3602,0.0337,0.0367,-0.0791
1624947120472,-1.3916,-7.7654,5.3578,0.0313,0.0343,-0.0828
1624947120482,-1.4203,-7.7774,5.3555,0.0289,0.0294,-0.0816
1624947120491,-1.4371,-7.8180,5.3363,0.0215,0.0233,-0.0791
1624947120501,-1.4323,-7.8755,5.3770,0.0289,0.0159,-0.0767
1624947120510,-1.4753,-7.9209,5.3985,0.0362,0.0074,-0.0730
1624947120520,-1.4873,-7.9042,5.4033,0.0472,-0.0060,-0.0681
1624947120530,-1.4610,-7.8707,5.3985,0.0606,-0.0146,-0.0645
1624947120539,-1.4706,-7.8444,5.4033,0.0655,-0.0219,-0.0620
1624947120549,-1.4658,-7.8420,5.4344,0.0643,-0.0268,-0.0583
1624947120559,-1.4753,-7.9090,5.4679,0.0594,-0.0305,-0.0547
1624947120568,-1.4418,-7.9449,5.4225,0.0569,-0.0378,-0.0498
1624947120577,-1.4251,-7.9688,5.4368,0.0508,-0.0390,-0.0461
1624947120587,-1.4035,-7.9425,5.4631,0.0606,-0.0439,-0.0412
1624947120597,-1.4083,-7.9353,5.5134,0.0777,-0.0427,-0.0315
1624947120607,-1.3868,-7.9544,5.5541,0.0875,-0.0451,-0.0193
1624947120616,-1.3701,-7.9353,5.5517,0.0912,-0.0415,-0.0070
1624947120626,-1.3533,-7.8707,5.5349,0.0912,-0.0341,-0.0009
1624947120636,-1.3318,-7.8659,5.5804,0.0802,-0.0243,0.0089
1624947120645,-1.3102,-7.8898,5.6019,0.0814,-0.0073,0.0186
1624947120653,-1.3031,-7.8539,5.6067,0.0765,0.0025,0.0235
1624947120662,-1.2624,-7.7941,5.5469,0.0643,0.0123,0.0235
1624947120672,-1.2241,-7.7941,5.5636,0.0594,0.0282,0.0223
1624947120681,-1.2217,-7.7343,5.5876,0.0521,0.0416,0.0198
1624947120694,-1.2289,-7.7463,5.6067,0.0533,0.0538,0.0162
1624947120703,-1.2361,-7.6649,5.6019,0.0631,0.0648,0.0113
1624947120712,-1.2408,-7.6075,5.5612,0.0704,0.0709,0.0076
1624947120722,-1.2432,-7.5261,5.4871,0.0802,0.0734,-0.0022
1624947120731,-1.2193,-7.4974,5.4440,0.0655,0.0758,-0.0168
1624947120741,-1.2217,-7.5165,5.4105,0.0460,0.0795,-0.0278
1624947120751,-1.2169,-7.5118,5.4129,0.0191,0.0795,-0.0388
1624947120760,-1.2193,-7.5022,5.4272,0.0252,0.0770,-0.0535
1624947120770,-1.2313,-7.4830,5.4703,0.0362,0.0734,-0.0693
1624947120779,-1.2504,-7.4543,5.5110,0.0521,0.0697,-0.0828
1624947120789,-1.2528,-7.4807,5.5612,0.0716,0.0648,-0.0938
1624947120799,-1.2576,-7.5764,5.5995,0.0728,0.0612,-0.0950
1624947120808,-1.2648,-7.6075,5.5612,0.0631,0.0551,-0.0938
1624947120818,-1.2074,-7.6290,5.5062,0.0631,0.0490,-0.0926
1624947120827,-1.1834,-7.6793,5.5206,0.0606,0.0477,-0.0913
1624947120837,-1.1547,-7.7008,5.5325,0.0582,0.0465,-0.0852
1624947120847,-1.1571,-7.6984,5.5373,0.0545,0.0465,-0.0755
1624947120856,-1.1595,-7.6577,5.5708,0.0533,0.0490,-0.0693
1624947120866,-1.1475,-7.6434,5.5493,0.0362,0.0502,-0.0657
1624947120876,-1.1667,-7.6793,5.5397,0.0252,0.0551,-0.0608
1624947120885,-1.1738,-7.7654,5.5780,0.0093,0.0624,-0.0571
1624947120895,-1.1906,-7.8372,5.5923,-0.0029,0.0697,-0.0522
1624947120904,-1.2241,-7.8085,5.6019,-0.0054,0.0746,-0.0510
1624947120914,-1.2337,-7.8013,5.6258,0.0008,0.0770,-0.0498
1624947120924,-1.2648,-7.7798,5.6282,-0.0017,0.0831,-0.0449
1624947120933,-1.2863,-7.7678,5.6091,-0.0005,0.0893,-0.0412
1624947120943,-1.3055,-7.7415,5.6067,0.0081,0.0929,-0.0388
1624947120952,-1.2839,-7.7439,5.5517,0.0093,0.0954,-0.0376
1624947120962,-1.2887,-7.7104,5.5158,0.0044,0.0990,-0.0364
1624947120970,-1.2791,-7.6793,5.5134,-0.0041,0.1027,-0.0388
1624947120979,-1.2887,-7.7008,5.5612,-0.0041,0.1076,-0.0412
1624947120989,-1.3150,-7.7104,5.5564,-0.0005,0.1088,-0.0364
1624947120998,-1.3437,-7.7415,5.5373,0.0032,0.1064,-0.0364
1624947121008,-1.3581,-7.7774,5.5469,0.0056,0.1051,-0.0376
1624947121020,-1.3796,-7.7869,5.6019,0.0069,0.1039,-0.0388
1624947121029,-1.4203,-7.7367,5.5923,0.0191,0.1015,-0.0400
1624947121039,-1.4251,-7.7175,5.6091,0.0179,0.0990,-0.0388
1624947121049,-1.4179,-7.7080,5.6330,0.0289,0.0929,-0.0351
1624947121058,-1.4179,-7.7128,5.6067,0.0325,0.0905,-0.0302
1624947121068,-1.4299,-7.7558,5.6139,0.0313,0.0868,-0.0290
1624947121077,-1.4299,-7.7869,5.6498,0.0301,0.0868,-0.0241
1624947121087,-1.4442,-7.7822,5.6306,0.0313,0.0783,-0.0144
1624947121096,-1.4203,-7.7080,5.5660,0.0240,0.0685,-0.0083
1624947121106,-1.4299,-7.6864,5.5564,0.0411,0.0612,-0.0058
1624947121116,-1.4107,-7.6960,5.5756,0.0472,0.0514,0.0040
1624947121126,-1.4179,-7.6912,5.5780,0.0484,0.0465,0.0101
1624947121135,-1.4179,-7.7080,5.5684,0.0447,0.0416,0.0150
1624947121145,-1.4299,-7.7367,5.5900,0.0386,0.0367,0.0198
1624947121154,-1.4347,-7.7534,5.5852,0.0423,0.0331,0.0296
1624947121164,-1.4634,-7.7630,5.6019,0.0533,0.0318,0.0382
1624947121173,-1.4490,-7.7271,5.5947,0.0521,0.0294,0.0406
1624947121183,-1.4371,-7.6793,5.5636,0.0582,0.0282,0.0430
1624947121193,-1.4227,-7.6673,5.5325,0.0618,0.0257,0.0443
1624947121202,-1.4275,-7.6769,5.5182,0.0521,0.0257,0.0467
1624947121212,-1.4323,-7.6840,5.5277,0.0399,0.0269,0.0467
1624947121222,-1.4107,-7.7175,5.5397,0.0423,0.0282,0.0443
1624947121231,-1.4466,-7.7702,5.5445,0.0399,0.0233,0.0418
1624947121241,-1.4107,-7.8061,5.5301,0.0399,0.0208,0.0418
1624947121250,-1.4059,-7.7845,5.5493,0.0557,0.0159,0.0357
1624947121260,-1.4179,-7.7726,5.5325,0.0569,0.0123,0.0296
1624947121270,-1.4155,-7.7271,5.5206,0.0557,0.0099,0.0247
1624947121279,-1.4179,-7.7439,5.5277,0.0618,0.0111,0.0235
1624947121287,-1.4179,-7.7726,5.5325,0.0484,0.0135,0.0272
1624947121296,-1.3988,-7.7367,5.5253,0.0301,0.0135,0.0284
1624947121306,-1.4227,-7.6745,5.4942,0.0252,0.0147,0.0284
1624947121316,-1.4371,-7.6481,5.4966,0.0264,0.0147,0.0308
1624947121328,-1.4442,-7.6697,5.5158,0.0276,0.0172,0.0320
