1230798322695,-5.2584,-6.0043,5.5684,-0.0258,-0.0123,-0.0498
1230798322703,-4.9282,-6.0904,5.4512,0.0059,-0.0514,-0.0706
1230798322707,-4.9449,-5.8655,5.3531,0.0108,-0.0514,-0.0608
1230798322722,-4.8875,-5.8775,5.3602,0.0181,-0.0624,-0.0254
1230798322723,-4.8995,-5.7435,5.4320,0.0279,-0.0685,0.0173
1230798322742,-4.7296,-5.7913,5.4344,0.0304,-0.0697,0.0479
1230798322743,-4.7200,-5.8918,5.4895,0.0181,-0.0587,0.0540
1230798322772,-4.5956,-5.9588,5.5469,0.0023,-0.0514,0.0479
1230798322774,-4.7798,-5.9564,5.5947,-0.0209,-0.0502,0.0283
1230798322774,-4.7798,-6.0378,5.6426,-0.0441,-0.0526,-0.0059
1230798322784,-4.6434,-6.1120,5.6234,-0.0564,-0.0502,-0.0498
1230798322788,-4.9378,-6.1670,5.6115,-0.0661,-0.0319,-0.0950
1230798322797,-5.0335,-6.1694,5.6282,-0.0612,-0.0270,-0.1268
1230798322808,-4.7942,-5.9899,5.6426,-0.0270,-0.0417,-0.1232
1230798322816,-4.7152,-5.8631,5.6306,-0.0002,-0.0490,-0.0902
1230798322825,-4.6889,-5.9588,5.6617,0.0023,-0.0331,-0.0560
1230798322836,-4.7248,-5.9803,5.6426,0.0059,-0.0087,-0.0279
1230798322845,-4.7080,-5.9516,5.5876,0.0145,0.0097,-0.0059
1230798322854,-4.6578,-5.9421,5.5732,0.0145,0.0390,0.0063
1230798322867,-4.7679,-5.7985,5.5995,0.0072,0.0732,-0.0047
1230798322873,-4.8109,-5.7100,5.5636,-0.0075,0.1037,-0.0254
1230798322884,-3.6720,-5.8200,5.2215,-0.0209,0.1526,-0.0645
1230798322892,-4.6578,-4.6188,5.8436,-0.0918,0.3432,-0.4542
1230798322906,-4.7344,-5.6525,6.0661,-0.1920,0.4959,-0.5874
1230798322918,-4.5070,-5.6980,6.1379,-0.2323,0.4287,-0.4029
1230798322923,-4.3036,-5.3558,5.9465,-0.2885,0.3090,-0.3308
1230798322934,-3.9734,-5.6573,5.7909,-0.3936,0.2955,-0.3101
1230798322940,-3.9711,-6.0115,5.8412,-0.4925,0.3468,-0.2282
1230798322950,-4.2893,-6.1191,5.7383,-0.5732,0.3981,-0.1537
1230798322960,-4.5764,-6.0809,5.7933,-0.6574,0.4434,-0.1989
1230798322970,-4.6147,-6.3919,5.5373,-0.7369,0.5203,-0.2795
1230798322979,-4.4185,-6.5499,5.5062,-0.8676,0.6620,-0.3235
1230798322990,-4.2678,-6.2627,5.7335,-1.0276,0.8221,-0.3052
1230798322998,-4.4209,-6.3536,5.8962,-1.1889,0.9333,-0.2441
1230798323008,-4.8564,-8.2870,5.1975,-1.3966,1.0298,-0.2355
1230798323018,-5.9475,-9.1030,6.5638,-1.4149,1.0738,-0.4335
1230798323027,-6.4117,-8.0525,6.6189,-1.0643,0.7109,-0.4127
1230798323038,-5.7729,-7.4926,6.6332,-0.8346,0.4385,-0.0926
1230798323046,-4.8444,-6.7580,6.5662,-0.7283,0.3371,0.0674
1230798323058,-4.2702,-6.4158,6.3748,-0.6917,0.4189,0.0796
1230798323065,-4.1960,-6.7293,6.0996,-0.8138,0.6291,0.1163
1230798323076,-4.6219,-7.3658,5.7527,-0.9971,0.9039,0.1688
1230798323092,-5.3350,-8.1267,5.3435,-1.0179,1.1251,0.1847
1230798323096,-5.8734,-8.5048,5.0659,-0.8859,1.2338,0.1859
1230798323105,-6.0504,-8.5024,4.9080,-0.6171,1.2350,0.1774
1230798323115,-5.8997,-8.0214,4.7740,-0.3044,1.1458,0.1102
1230798323123,-5.5455,-7.4759,4.7094,-0.0820,1.0555,0.0442
1230798323133,-5.1938,-7.0404,4.9295,-0.0099,1.0249,0.0039
1230798323142,-5.1220,-6.9112,5.2837,0.0230,1.0542,-0.0352
1230798323153,-5.2393,-6.9997,5.4583,0.0108,1.0945,-0.0523
1230798323162,-5.4618,-7.1433,5.2885,-0.0368,1.1141,-0.0486
1230798323171,-5.7585,-7.3323,4.9176,-0.0478,1.1153,-0.0437
1230798323182,-6.0504,-7.5835,4.6256,0.0133,1.0970,-0.0425
1230798323192,-6.3423,-7.9233,4.4629,0.1428,1.0506,-0.0279
1230798323202,-6.5122,-8.1602,3.8217,0.3932,0.9589,-0.0388
1230798323211,-6.4452,-8.3995,3.7355,0.7207,0.8917,-0.0670
1230798323221,-6.4787,-8.4832,3.9772,1.1544,0.8123,-0.0926
1230798323230,-6.5721,-8.2703,4.2739,1.6382,0.6816,-0.1122
1230798323240,-6.4740,-7.9305,4.4103,2.0511,0.5118,-0.0963
1230798323250,-6.3136,-7.5931,4.4414,2.3846,0.3664,-0.0816
1230798323258,-6.2849,-7.5213,4.2835,2.6998,0.2809,-0.1024
1230798323267,-6.3184,-7.5070,3.9461,2.9381,0.2222,-0.1134
1230798323277,-6.6151,-7.3658,3.5130,3.1299,0.1294,-0.0877
1230798323287,-6.6486,-7.1169,3.1110,3.3584,0.0035,-0.0779
1230798323297,-6.5912,-6.9160,3.3335,3.5941,-0.1198,-0.0926
1230798323306,-6.3447,-6.4350,3.5919,3.7579,-0.2567,-0.1012
1230798323317,-6.0337,-6.1048,4.1088,3.7994,-0.3556,-0.0743
1230798323325,-5.6963,-6.0258,4.6639,3.7530,-0.3898,-0.0535
1230798323334,-5.4929,-6.1048,5.2669,3.6626,-0.3495,-0.0694
1230798323344,-5.5431,-6.2484,5.4536,3.6455,-0.2652,-0.0926
1230798323354,-5.7968,-6.2364,5.2478,3.6626,-0.1992,-0.0657
1230798323363,-6.1174,-6.0569,5.1138,3.6736,-0.1736,-0.0022
1230798323373,-6.3950,-5.6836,5.2789,3.6894,-0.1895,0.0528
1230798323384,-6.5290,-5.1955,5.5086,3.6846,-0.2310,0.0967
1230798323394,-6.4070,-4.6882,5.5397,3.5929,-0.2640,0.1261
1230798323404,-6.1629,-4.2480,5.9656,3.4207,-0.2298,0.1285
1230798323413,-6.0720,-3.7861,6.3317,3.2032,-0.1333,0.0992
1230798323423,-6.2466,-3.4272,6.7170,2.9772,-0.0258,0.0638
1230798323432,-6.5625,-3.1449,6.7648,2.7793,0.0866,0.0479
1230798323442,-7.0147,-2.5251,6.7074,2.5642,0.1746,0.0344
1230798323452,-7.3808,-1.4986,6.7433,2.2979,0.2283,0.0369
1230798323461,-7.6704,-0.1945,6.5782,1.8923,0.2173,0.0528
1230798323470,-7.6871,1.0139,6.5710,1.2692,0.2051,0.0589
1230798323480,-7.7302,1.6599,6.7457,0.5582,0.2516,0.0161
1230798323490,-7.6775,1.4996,7.1931,-0.1101,0.3554,-0.1060
1230798323499,-7.2540,0.4874,7.8129,-0.6281,0.5020,-0.3162
1230798323510,-6.7324,-0.6252,8.4063,-0.8480,0.6608,-0.5679
1230798323519,-6.4357,-1.2282,8.5762,-0.7784,0.8062,-0.7523
1230798323529,-6.3926,-1.3742,8.6288,-0.4998,0.8905,-0.8476
1230798323538,-6.3495,-1.1229,8.6312,-0.1541,0.8905,-0.9380
1230798323548,-6.0145,-0.4792,8.1718,0.0927,0.8734,-1.0712
1230798323557,-5.6987,-0.0414,7.3678,0.2161,0.8869,-1.2484
1230798323567,-5.6436,0.0926,6.8701,0.2014,0.9345,-1.4243
1230798323576,-5.6413,0.1453,6.3245,0.1159,0.9687,-1.6075
1230798323586,-5.6484,0.2338,5.9489,0.0316,0.9870,-1.7798
1230798323595,-5.5886,-0.0725,6.2408,-0.0051,0.9748,-1.9362
1230798323604,-5.4761,-0.5774,6.0063,0.0426,0.9247,-2.0901
1230798323613,-5.3517,-0.7137,5.4583,0.0462,0.8771,-2.2050
1230798323623,-5.2297,-0.9219,4.8410,0.0304,0.8331,-2.2929
1230798323636,-5.1244,-1.7116,4.2691,0.0499,0.7964,-2.3833
1230798323644,-5.1866,-2.4629,3.7116,0.0230,0.7574,-2.4664
1230798323653,-5.6173,-2.9487,3.7044,-0.0393,0.7133,-2.5300
1230798323663,-6.2371,-3.3483,3.7953,0.0243,0.5863,-2.6191
1230798323673,-6.5433,-3.2573,3.3383,0.1965,0.3688,-2.7425
1230798323682,-6.5433,-3.0109,2.6946,0.3835,0.1404,-2.8549
1230798323692,-6.3711,-3.6521,2.2998,0.5557,-0.0636,-2.9563
1230798323702,-5.7824,-5.2194,2.0869,0.5728,-0.2616,-3.0235
1230798323711,-5.0119,-6.6623,2.5008,0.3199,-0.4937,-3.0382
1230798323721,-4.0500,-7.1505,3.1062,-0.0051,-0.7539,-2.9966
1230798323730,-3.0737,-7.1289,3.5106,-0.0857,-0.9934,-2.9551
1230798323740,-2.2961,-6.4589,3.5848,-0.0991,-1.1693,-2.9649
1230798323749,-1.7170,-5.2146,3.3622,-0.2995,-1.2915,-2.9783
1230798323759,-1.3366,-4.7169,3.2211,-0.5450,-1.3367,-2.9429
1230798323767,-0.8628,-4.4609,3.2163,-0.8676,-1.3122,-2.8928
1230798323777,-0.2765,-4.7265,3.5656,-1.1327,-1.2719,-2.8598
1230798323787,0.3504,-6.0737,4.3864,-1.0887,-1.2243,-2.8720
1230798323796,0.8960,-7.7845,5.1138,-0.7723,-1.1473,-2.8635
1230798323806,1.2070,-9.2059,5.5421,-0.2860,-0.9799,-2.7584
1230798323817,1.0419,-9.5098,5.5038,0.3138,-0.7796,-2.6167
1230798323826,0.4581,-8.9331,5.7072,0.8819,-0.6427,-2.4908
1230798323836,-0.0085,-7.5524,5.9895,1.1275,-0.6525,-2.3516
1230798323845,-0.0014,-6.1526,6.6236,0.9442,-0.7722,-2.1842
1230798323854,0.7021,-5.2888,6.8773,0.5471,-0.9384,-2.0413
1230798323863,1.8914,-5.3917,6.3796,0.0988,-0.9958,-1.9362
1230798323872,2.6834,-6.4278,5.5206,-0.3288,-0.8700,-1.8494
1230798323882,2.5207,-6.8513,5.5660,-0.7332,-0.5731,-1.7676
1230798323892,1.6999,-6.7508,6.2719,-0.8297,-0.2958,-1.6576
1230798323901,1.0395,-6.8418,6.6882,-0.6171,-0.1626,-1.5538
1230798323913,0.9175,-7.1815,7.0065,-0.4192,-0.1589,-1.4500
1230798323922,1.1783,-7.4543,7.2266,-0.3899,-0.2188,-1.3168
1230798323932,1.6042,-7.4424,7.1237,-0.4363,-0.2383,-1.1775
1230798323942,1.7933,-7.2103,7.2625,-0.4766,-0.1919,-1.0627
1230798323951,1.7933,-6.8681,7.4109,-0.4974,-0.1492,-0.9698
1230798323961,1.7430,-7.2773,6.9586,-0.4461,-0.1174,-0.8794
1230798323971,1.5947,-8.0047,6.1212,-0.3545,-0.0661,-0.8366
1230798323980,1.2022,-8.1219,6.1140,-0.3325,0.0023,-0.7475
1230798323990,1.0467,-7.3036,6.2456,-0.1785,-0.0184,-0.6582
1230798324000,1.2070,-6.5762,6.7983,0.1037,-0.0978,-0.6265
1230798324009,1.7047,-6.3130,7.4157,0.3541,-0.2163,-0.6582
1230798324019,2.3029,-6.4637,8.3776,0.4543,-0.2836,-0.6937
1230798324028,2.8820,-6.2148,8.8920,0.4763,-0.3116,-0.6839
1230798324037,3.3486,-5.9684,9.4089,0.4763,-0.3031,-0.6106
1230798324047,3.8271,-5.0783,9.4400,0.4470,-0.3006,-0.5104
1230798324057,4.2746,-5.8464,8.8370,0.4726,-0.2689,-0.3504
1230798324067,4.6455,-7.9018,8.2890,0.4018,-0.1931,-0.1329
1230798324075,5.1217,-9.8950,8.0282,0.1208,-0.0661,0.1175
1230798324086,5.7749,-11.1512,8.2890,-0.1150,0.0988,0.4547
1230798324096,6.5239,-10.6679,9.2845,-0.2616,0.2735,0.8493
1230798324105,7.2824,-8.8709,10.1004,-0.2665,0.3358,1.1511
1230798324113,7.5911,-7.0236,9.9951,-0.4033,0.3285,1.3832
1230798324122,7.6389,-6.1957,8.1120,-1.1205,0.3920,1.6740
1230798324132,7.2752,-5.7100,7.5592,-2.2042,0.5338,2.0197
1230798324141,6.5454,-6.9901,7.4205,-2.8810,0.6193,2.2971
1230798324151,5.7677,-9.7060,7.3439,-3.2512,0.6278,2.5744
1230798324161,5.5883,-11.6346,6.9347,-3.2561,0.6071,2.7491
1230798324170,5.5548,-13.0966,5.9273,-2.4839,0.4604,2.7809
1230798324181,5.6170,-13.0990,5.1138,-1.3783,0.3652,2.7906
1230798324191,5.5021,-12.5750,5.0109,-0.2249,0.3065,2.8969
1230798324201,5.1049,-11.3139,4.8482,0.6828,0.3713,3.0790
1230798324210,4.2818,-9.5265,4.9654,0.9845,0.5154,3.1816
1230798324220,2.8533,-8.1746,5.2693,0.7060,0.6889,3.2354
1230798324230,1.1328,-7.2868,5.7000,0.1269,0.8477,3.2745
1230798324239,-0.5708,-6.8322,6.0518,-0.4290,0.9492,3.2549
1230798324248,-2.0688,-7.0308,6.4203,-0.7283,0.9846,3.1535
1230798324258,-3.0666,-7.6936,6.2934,-0.7259,0.9589,3.0264
1230798324268,-3.6289,-8.3325,5.9082,-0.5304,0.8734,2.9373
1230798324277,-3.8753,-8.7584,5.3052,-0.2152,0.7622,2.9067
1230798324285,-4.0979,-8.6316,5.0492,0.0597,0.6926,2.9361
1230798324299,-4.3419,-7.5859,4.8219,0.1965,0.6340,2.9470
1230798324304,-4.5788,-6.5139,4.5228,0.2503,0.5680,2.9812
1230798324316,-5.1340,-6.0306,4.4605,0.1892,0.5582,3.0069
1230798324326,-5.9284,-6.4589,4.7955,0.1367,0.5570,2.9214
1230798324335,-6.7515,-7.7008,4.6208,0.1855,0.5325,2.7687
1230798324344,-7.2851,-8.9116,4.4342,0.3395,0.4861,2.5915
1230798324353,-7.5531,-8.9714,4.8362,0.6486,0.3542,2.4156
1230798324364,-7.2923,-7.4041,4.9295,1.1079,0.0695,2.2629
1230798324372,-6.4883,-5.1812,4.2284,1.6992,-0.1870,2.1712
1230798324382,-5.8422,-3.1903,3.1923,2.1806,-0.2836,2.0772
1230798324391,-5.7393,-1.7379,2.5511,2.3516,-0.2151,1.9110
1230798324401,-6.1581,-0.4458,2.4769,2.1061,-0.0954,1.7412
1230798324411,-6.7515,-0.0150,1.9983,1.8080,-0.0013,1.6263
1230798324420,-7.4048,-0.5367,1.8595,1.6504,0.0023,1.5152
1230798324430,-7.9934,-0.5199,2.4099,1.4818,-0.1431,1.3258
1230798324441,-7.9742,0.1788,2.4577,1.4024,-0.4021,1.0900
1230798324450,-7.5675,0.6573,2.7162,1.3779,-0.6733,0.8640
1230798324461,-6.9525,0.8751,3.2234,1.2167,-0.8932,0.6343
1230798324470,-6.2921,0.9995,3.0655,0.8819,-1.0007,0.4119
1230798324479,-5.9930,1.0809,3.1206,0.4678,-0.9897,0.2104
1230798324489,-6.2107,1.6623,3.1684,0.0768,-0.9494,0.0308
1230798324498,-6.7635,2.0524,3.4173,-0.2213,-0.9066,-0.1024
1230798324509,-7.2325,1.5642,3.8480,-0.4718,-0.9531,-0.2392
1230798324518,-7.1942,1.4661,3.9126,-0.8871,-1.1009,-0.4103
1230798324528,-6.6414,1.7987,3.4029,-1.2610,-1.2487,-0.5935
1230798324537,-6.1509,2.3634,3.2163,-1.4051,-1.3232,-0.7829
1230798324546,-5.8518,1.4230,4.1566,-1.3062,-1.3354,-0.9661
1230798324556,-5.5886,-0.7137,5.7024,-1.1278,-1.3330,-1.0871
1230798324566,-5.2608,-2.7740,6.5662,-0.8602,-1.2903,-1.1971
1230798324576,-5.1340,-3.7909,6.8534,-0.5511,-1.1754,-1.2801
1230798324585,-5.2775,-2.9104,8.1814,-0.6098,-1.0190,-1.2838
1230798324595,-5.4833,-2.5993,8.6839,-0.3752,-0.8578,-1.2166
1230798324605,-5.7872,-4.1666,9.2223,0.2185,-0.6953,-1.1360
1230798324614,-6.0121,-5.5209,10.4187,0.4678,-0.5548,-1.1005
1230798324623,-6.0026,-5.7889,10.8972,0.4800,-0.4473,-1.0126
1230798324631,-6.0313,-5.6956,11.1700,0.6254,-0.2713,-0.8550
1230798324641,-6.3495,-5.3726,11.0695,0.8037,-0.0575,-0.7010
1230798324651,-6.9238,-4.5734,10.6388,0.6718,0.1721,-0.5715
1230798324660,-7.5052,-3.7718,10.0885,0.3101,0.3945,-0.4286
1230798324670,-7.9479,-4.1163,9.9880,-0.0075,0.5973,-0.2746
1230798324684,-8.1394,-4.6476,9.7343,-0.2812,0.7781,-0.1537
1230798324691,-8.1705,-4.7217,9.0356,-0.5035,0.9394,-0.0303
1230798324708,-8.2135,-5.2314,8.4972,-0.4510,1.0957,0.1273
1230798324714,-8.4097,-5.8464,8.9590,-0.2714,1.2375,0.2727
1230798324719,-8.5964,-6.7269,9.5812,0.0963,1.3206,0.3912
1230798324728,-8.5557,-6.6025,8.9447,0.5435,1.3267,0.4755
1230798324739,-8.3116,-5.1907,7.4922,0.8880,1.3425,0.5158
1230798324748,-8.3069,-4.0470,6.2599,1.3340,1.3535,0.5451
1230798324757,-8.6155,-3.3267,5.3411,1.6956,1.3108,0.5561
1230798324769,-8.9314,-2.6998,4.7022,1.8031,1.2106,0.5488
1230798324775,-9.0510,-2.1183,4.1447,1.7298,1.0334,0.5500
1230798324785,-8.9409,-1.8288,3.5465,1.5991,0.8233,0.5439
1230798324795,-8.7471,-1.8791,3.1732,1.4720,0.6303,0.5146
1230798324805,-8.8213,-1.0272,3.8599,1.2692,0.4617,0.4303
1230798324814,-8.9003,0.5114,4.4055,1.1397,0.2613,0.3289
1230798324824,-8.6849,0.5688,4.1232,1.3266,0.1282,0.2421
1230798324833,-8.6036,-0.0198,5.7359,1.3889,-0.0075,0.1517
1230798324843,-8.2040,-0.7090,6.1140,1.4842,-0.1724,-0.0120
1230798324856,-7.7158,-1.8456,5.2406,1.8006,-0.2884,-0.1683
1230798324862,-7.5435,-2.5730,5.1616,1.9363,-0.3727,-0.2355
1230798324874,-7.5962,-2.0083,4.8051,1.8984,-0.4570,-0.2661
1230798324881,-7.9144,-1.0822,4.5945,1.9057,-0.5340,-0.2795
1230798324891,-8.4193,-0.5989,5.4751,1.8568,-0.6305,-0.3125
1230798324901,-8.6155,-0.0031,6.1499,1.5099,-0.7930,-0.3968
1230798324910,-8.1968,0.5329,6.2839,0.9796,-0.9152,-0.4884
1230798324921,-7.5699,0.2099,5.9632,0.6156,-0.9286,-0.5813
1230798324930,-7.2444,-0.4290,6.2169,0.4580,-0.8675,-0.7096
1230798324942,-7.2085,-0.5822,6.3245,0.4763,-0.8370,-0.8501
1230798324949,-7.3090,-1.0727,6.1906,0.7255,-0.8956,-0.9527
1230798324958,-6.9669,-2.3026,5.8053,0.9906,-1.0777,-1.0394
1230798324968,-5.9715,-3.1855,5.6330,0.9564,-1.3208,-1.2031
1230798324977,-4.6769,-2.9199,5.5684,0.6449,-1.5260,-1.4145
1230798324989,-3.6169,-1.9796,5.1664,0.3065,-1.6177,-1.5501
1230798324997,-3.1958,-1.0607,4.7620,0.0121,-1.6494,-1.6185
1230798325008,-3.0929,-0.0462,4.4821,-0.3740,-1.6959,-1.7126
1230798325017,-3.0211,0.6454,4.8625,-0.8040,-1.7545,-1.8519
1230798325027,-2.5306,0.4085,5.2765,-0.9641,-1.8620,-2.0095
1230798325035,-1.3772,-0.8980,5.8197,-0.8322,-1.9255,-2.1610
1230798325046,-0.2598,-2.7692,6.4346,-0.4265,-1.9402,-2.3100
1230798325056,0.7500,-4.6930,7.0663,0.1330,-1.9317,-2.4237
1230798325065,1.6951,-5.7889,6.9969,0.5972,-1.9341,-2.4860
1230798325075,2.3364,-5.4898,6.4633,0.7756,-1.9549,-2.4774
1230798325086,2.3412,-4.5997,6.7576,0.7854,-1.9414,-2.3882
1230798325094,2.0014,-4.0015,7.5449,0.6229,-1.9524,-2.2697
1230798325104,1.9416,-3.4153,8.0905,0.1758,-2.0502,-2.2050
1230798325114,2.6690,-2.5706,9.0308,-0.4082,-2.1491,-2.2379
1230798325122,3.9085,-2.3768,10.0071,-0.6819,-2.1540,-2.3003
1230798325133,5.2724,-3.4894,10.8015,-0.5683,-2.0147,-2.2917
1230798325143,6.2894,-4.8509,11.0240,-0.3215,-1.7252,-2.1976
1230798325152,6.5239,-6.2340,11.0982,0.0866,-1.3367,-2.0767
1230798325162,6.1051,-7.4807,11.1461,0.6376,-0.9909,-1.9093
1230798325171,5.5332,-7.3682,10.7967,0.9626,-0.7930,-1.6698
1230798325180,5.2940,-6.2292,10.5862,0.9564,-0.7319,-1.3608
1230798325189,5.6002,-5.2840,11.0767,0.7390,-0.7136,-1.0065
1230798325200,6.2296,-4.7648,11.5026,0.2491,-0.6525,-0.6387
1230798325209,6.9139,-4.8294,11.7754,-0.4424,-0.4790,-0.2893
1230798325220,6.9594,-5.4204,11.7921,-1.0899,-0.1736,0.0161
1230798325229,6.2248,-5.9253,11.9214,-1.5139,0.1783,0.2727
1230798325239,5.1288,-6.5283,12.2516,-1.6128,0.4482,0.5048
1230798325248,4.1789,-7.2797,11.7515,-1.3746,0.5582,0.7003
1230798325258,3.7099,-7.7654,11.3519,-1.0533,0.5753,0.8396
1230798325267,3.7554,-7.4735,11.1509,-0.8407,0.5509,0.9324
1230798325276,3.9372,-6.6264,10.7824,-0.7454,0.5374,1.0326
1230798325285,4.0473,-5.5473,11.1413,-0.7674,0.5765,1.1487
1230798325295,3.8654,-4.6164,10.9523,-0.8859,0.6315,1.2354
1230798325306,3.4706,-3.9943,10.3756,-0.9751,0.6963,1.2745
1230798325315,3.1284,-3.7957,9.7271,-1.1999,0.7525,1.3722
1230798325323,2.6690,-4.4944,9.4926,-1.4870,0.8135,1.4419
1230798325335,2.1019,-4.9443,9.1457,-1.6654,0.8477,1.4431
1230798325342,1.4391,-5.7458,9.5883,-1.6629,0.8820,1.4553
1230798325354,0.9558,-7.0882,9.7487,-1.4894,0.8697,1.4626
1230798325362,0.7332,-8.0214,9.8444,-1.2818,0.8649,1.4480
1230798325373,0.5777,-8.1076,9.8037,-1.0484,0.8600,1.4101
1230798325384,0.5059,-7.1672,9.5596,-0.7723,0.8184,1.4064
1230798325392,0.2858,-6.1096,8.8586,-0.4925,0.7476,1.4382
1230798325400,0.1733,-5.6406,8.3919,-0.3679,0.7146,1.5078
1230798325412,0.1039,-5.7770,8.7796,-0.5133,0.7256,1.5701
1230798325421,0.1949,-6.1096,8.9040,-0.7943,0.7647,1.5934
1230798325429,0.1709,-6.4158,8.7174,-1.0459,0.8209,1.6385
1230798325439,-0.3053,-6.4637,8.1838,-1.2414,0.8551,1.7106
1230798325448,-1.2193,-6.6982,7.5712,-1.3172,0.8453,1.7754
1230798325458,-2.1358,-7.6481,7.0783,-1.2634,0.8258,1.7876
1230798325467,-2.6885,-8.2033,7.1549,-1.2353,0.7977,1.7546
1230798325477,-2.7459,-7.9975,7.4851,-1.1449,0.7109,1.7106
1230798325486,-2.2674,-7.6649,7.0448,-0.8688,0.5777,1.7510
1230798325496,-1.6404,-6.9375,6.5136,-0.7185,0.5032,1.8536
1230798325506,-1.4634,-5.9827,6.3915,-0.8212,0.4812,1.9403
1230798325515,-1.6787,-5.3845,6.2408,-0.9788,0.5411,1.9929
1230798325525,-2.2482,-5.1309,6.2025,-1.2048,0.6462,2.0344
1230798325535,-3.0091,-5.0687,5.4679,-1.4039,0.7402,2.0515
1230798325546,-3.7437,-5.7698,3.6446,-1.4626,0.8343,2.0625
1230798325556,-4.5501,-7.0356,2.5535,-1.4638,0.9370,2.0344
1230798325565,-5.5982,-7.2773,3.4005,-1.5921,0.8991,1.9550
1230798325575,-6.1653,-6.0641,4.3696,-1.6324,0.6266,1.8548
1230798325585,-5.5790,-4.5088,3.9198,-1.3233,0.3334,1.8145
1230798325594,-4.6291,-3.2717,3.0392,-0.9678,0.1892,1.7950
1230798325602,-4.2510,-2.0896,2.3142,-0.8651,0.1892,1.6740
1230798325614,-4.5788,-1.1636,1.6155,-0.9543,0.2686,1.5188
1230798325623,-5.4331,-0.4649,1.4528,-1.1351,0.3493,1.3906
1230798325633,-6.5457,0.2601,1.7136,-1.3184,0.2686,1.2488
1230798325643,-7.0985,0.5592,1.1656,-1.3294,0.0292,1.0607
1230798325652,-7.0674,-0.2878,0.0386,-1.1254,-0.2127,0.8408
1230798325661,-6.9047,-1.2330,-0.1863,-0.9629,-0.4155,0.6172
1230798325671,-6.7802,-1.5249,-0.0284,-0.7772,-0.6122,0.3716
1230798325681,-6.7372,-1.5369,1.1345,-0.3654,-0.8370,0.1713
1230798325691,-6.6271,-0.7042,3.0057,0.0927,-1.1473,0.0173
1230798325698,-6.4117,1.0426,4.5323,0.4421,-1.4723,-0.1378
1230798325708,-5.8087,2.1505,4.7692,0.6889,-1.6531,-0.2649
1230798325717,-5.0526,2.0954,4.8171,0.6742,-1.5639,-0.4261
1230798325727,-4.7344,1.3608,5.0635,0.3431,-1.4002,-0.6741
1230798325737,-4.7463,0.5257,6.1068,-0.1859,-1.3000,-0.9087
1230798325748,-5.1651,-0.7329,7.8057,-0.5108,-1.2988,-1.1042
1230798325757,-5.4283,-2.1686,8.9854,-0.5768,-1.2964,-1.2471
1230798325767,-5.5695,-3.6641,9.7535,-0.5047,-1.1632,-1.2667
1230798325775,-5.8183,-4.9179,10.9164,-0.3056,-0.9408,-1.2044
1230798325786,-6.1629,-5.0328,12.2109,-0.0307,-0.6354,-1.0956
1230798325794,-6.7108,-4.6332,12.7971,0.3224,-0.3141,-0.9051
1230798325805,-7.4454,-4.4513,13.5269,0.5227,0.0170,-0.6949
1230798325815,-7.9934,-4.2001,13.8739,0.4128,0.3322,-0.5227
1230798325824,-8.3810,-4.4226,13.6825,0.1672,0.6449,-0.3895
1230798325833,-8.6131,-4.8581,12.8737,-0.0930,1.0005,-0.3052
1230798325844,-9.0079,-5.3152,11.8496,-0.2812,1.3572,-0.1940
1230798325852,-9.8095,-5.6023,10.9020,-0.3227,1.6174,-0.0889
1230798325863,-10.5465,-6.7006,10.5263,-0.2164,1.7775,0.0552
1230798325872,-10.4891,-7.3706,9.7271,-0.1578,1.7482,0.1029
1230798325883,-9.7952,-7.0475,8.9734,-0.2372,1.5832,0.0186
1230798325892,-8.8668,-6.3201,7.4875,-0.2653,1.4391,-0.0156
1230798325902,-8.2207,-5.7243,6.1570,-0.2396,1.4476,0.0454
1230798325912,-8.3427,-5.2099,5.3985,-0.1810,1.4928,0.1077
1230798325921,-8.8285,-5.0137,5.3674,0.0682,1.4977,0.1444
1230798325931,-9.2712,-5.3821,6.0039,0.5911,1.3279,0.1530
1230798325940,-9.0845,-6.0330,6.0111,1.4133,1.0017,0.0589
1230798325950,-8.2781,-6.3130,5.4751,2.3101,0.6975,-0.0755
1230798325958,-7.5794,-5.5999,4.8003,3.0774,0.4654,-0.1916
1230798325967,-7.2253,-4.3197,4.0681,3.6283,0.3285,-0.2258
1230798325977,-7.2540,-3.0587,3.6326,3.8092,0.2051,-0.1977
1230798325986,-7.2827,-1.8838,3.4556,3.5172,0.0353,-0.2514
1230798325996,-7.1248,-0.4123,3.4436,2.8733,-0.1589,-0.4408
1230798326006,-6.9693,0.7243,3.2761,1.9998,-0.3776,-0.6143
1230798326017,-6.7300,0.9588,3.5369,1.0285,-0.5279,-0.7670
1230798326027,-6.2275,0.1237,4.2332,0.1379,-0.6195,-1.0150
1230798326037,-5.6867,-1.2521,5.2191,-0.4901,-0.7063,-1.3705
1230798326046,-5.2751,-2.7285,5.9943,-0.7075,-0.7881,-1.6747
1230798326056,-4.9043,-4.1881,6.2193,-0.4925,-0.8199,-1.8421
1230798326065,-4.5525,-5.2003,5.7311,-0.0466,-0.8529,-1.9472
1230798326075,-4.0381,-5.1692,4.7836,0.3199,-0.8907,-1.9570
1230798326085,-3.7557,-4.5973,4.3337,0.4665,-0.9531,-1.8433
1230798326094,-3.5882,-4.0828,4.3887,0.4067,-1.0190,-1.7322
1230798326104,-3.2173,-3.8603,5.0324,0.0780,-1.0923,-1.7346
1230798326113,-2.2698,-4.1833,6.1666,-0.3227,-1.2060,-1.8592
1230798326123,-1.0183,-4.9969,6.8797,-0.4546,-1.3196,-2.0510
1230798326133,0.0513,-5.9421,6.9778,-0.2726,-1.2731,-2.2062
1230798326142,0.5849,-6.6001,6.7552,0.1086,-1.0508,-2.2514
1230798326152,0.3934,-6.9925,6.2504,0.6437,-0.7625,-2.2355
1230798326161,-0.3029,-6.8466,5.1999,1.0945,-0.5401,-2.2074
1230798326171,-1.0375,-5.5257,4.4223,1.0811,-0.4460,-2.1341
1230798326181,-1.2959,-4.9132,4.8865,0.7830,-0.5548,-2.0083
1230798326190,-0.4775,-5.5449,5.9202,0.3077,-0.8260,-1.9606
1230798326200,1.2309,-5.9995,6.5208,-0.3862,-1.0630,-2.0413
1230798326210,2.6738,-6.5929,6.8797,-0.9140,-1.0740,-2.1011
1230798326217,3.2481,-7.0882,7.1261,-1.0802,-0.7918,-2.0852
1230798326227,2.6236,-7.0619,7.2769,-0.9445,-0.3556,-2.0278
1230798326236,1.3075,-6.6695,6.8653,-0.5768,-0.0160,-1.9655
1230798326246,0.1661,-5.9181,6.2504,-0.2592,0.1563,-1.8702
1230798326255,-0.3675,-5.9732,6.2216,-0.0539,0.0720,-1.7700
1230798326270,0.0943,-6.6719,6.6404,-0.0038,-0.1870,-1.7578
1230798326275,1.3697,-7.1074,7.0544,-0.1443,-0.4778,-1.7737
1230798326285,2.7695,-7.1863,7.4396,-0.3508,-0.6244,-1.7102
1230798326295,3.8176,-6.9064,7.6765,-0.5011,-0.5401,-1.6039
1230798326305,4.0999,-6.6336,7.9110,-0.5866,-0.3178,-1.5000
1230798326314,3.8008,-7.0356,8.3082,-0.6159,-0.1101,-1.3950
1230798326324,3.3175,-7.8133,8.3896,-0.5475,0.0084,-1.2923
1230798326332,2.8198,-8.2870,8.5762,-0.3777,0.0402,-1.2154
1230798326342,2.4034,-8.2081,8.8705,-0.1052,-0.0050,-1.1592
1230798326352,2.3125,-7.4280,8.7509,0.1929,-0.0746,-1.0724
1230798326363,2.4848,-6.1981,8.2244,0.3932,-0.1479,-0.9429
1230798326373,2.6523,-5.1620,8.1742,0.4800,-0.1931,-0.8195
1230798326382,2.7408,-5.2194,9.0284,0.5325,-0.1895,-0.7193
1230798326392,2.9490,-5.2242,9.4902,0.4458,-0.1724,-0.6082
1230798326401,3.1883,-4.7504,9.5692,0.2393,-0.1320,-0.4249
1230798326409,3.4706,-5.2505,9.5357,0.1428,-0.0478,-0.2209
1230798326421,3.7673,-6.9518,9.1959,0.0414,0.0781,-0.0437
1230798326432,3.8918,-8.8350,9.3969,-0.1663,0.1917,0.0882
1230798326441,3.6501,-9.5935,9.3993,-0.2421,0.2222,0.1407
1230798326450,3.1165,-9.7706,9.5549,-0.0258,0.2283,0.2250
1230798326459,2.7360,-9.4308,9.5190,0.2759,0.2173,0.4156
1230798326469,2.5709,-8.6101,9.5357,0.5569,0.1697,0.5622
1230798326476,2.6116,-7.6003,9.4998,0.6974,0.0988,0.6600
1230798326486,2.9490,-7.2964,9.2462,0.6302,0.0658,0.7663
1230798326496,3.3941,-7.0691,9.1074,0.3028,0.1086,0.8933
1230798326505,3.6549,-7.6314,9.1481,-0.0490,0.2063,1.0253
1230798326515,3.7649,-7.9688,9.0691,-0.3593,0.2906,1.1523
1230798326524,3.8152,-7.8037,8.7509,-0.7063,0.3554,1.2782
1230798326534,3.8200,-7.8133,8.7509,-0.9775,0.3896,1.4309
1230798326543,3.8535,-8.4210,8.3680,-1.2036,0.4153,1.5995
1230798326553,3.8248,-9.3112,8.5235,-1.4113,0.4800,1.7290
1230798326563,3.4419,-9.6103,8.4278,-1.5603,0.5460,1.8365
1230798326572,2.8916,-9.5313,8.0522,-1.6043,0.5887,1.9660
1230798326582,2.4297,-9.1293,7.6932,-1.6299,0.5863,2.1138
1230798326591,2.2623,-9.3207,7.2984,-1.6495,0.5594,2.2763
1230798326601,2.2838,-9.8926,6.7983,-1.6776,0.5533,2.4156
1230798326611,2.0971,-10.2994,6.7002,-1.6727,0.5619,2.4926
1230798326620,1.7382,-10.2850,6.7361,-1.5163,0.5631,2.5720
1230798326630,1.3290,-10.0721,6.4561,-1.2023,0.5619,2.6673
1230798326640,0.6997,-9.5193,6.0183,-0.8822,0.5619,2.7271
1230798326649,-0.0325,-8.8589,5.3459,-0.6806,0.5362,2.7735
1230798326659,-0.7719,-8.3899,4.6639,-0.5756,0.5154,2.8041
1230798326668,-1.4849,-7.9209,4.3457,-0.5597,0.4849,2.7882
1230798326678,-1.9587,-7.3156,4.5228,-0.6452,0.3798,2.7332
1230798326688,-2.1358,-6.6982,4.7094,-0.7283,0.2393,2.6514
1230798326697,-2.0664,-6.2723,4.5921,-0.6965,0.1416,2.5536
1230798326707,-1.9587,-5.7937,3.9796,-0.5585,0.1159,2.4278
1230798326718,-2.1286,-5.2721,3.0607,-0.2958,0.1355,2.2885
1230798326728,-2.5665,-5.2099,2.5750,0.1318,0.1734,2.1443
1230798326736,-3.2508,-5.4707,2.3955,0.6510,0.1697,1.9623
1230798326745,-3.7581,-5.0807,2.3549,1.0212,0.1062,1.7913
1230798326756,-4.0859,-4.0685,2.4218,1.1397,-0.0307,1.7045
1230798326766,-4.0931,-2.7596,2.3429,1.0591,-0.1870,1.6471
1230798326774,-3.9591,-1.9341,2.7473,0.7610,-0.3055,1.5897
1230798326785,-3.7557,-1.6565,3.1947,0.2894,-0.3788,1.4761
1230798326796,-3.6480,-2.4916,3.3862,-0.1358,-0.3678,1.3221
1230798326804,-3.7533,-3.3387,3.4053,-0.4498,-0.3153,1.1938
1230798326813,-4.1457,-3.6617,3.1828,-0.5597,-0.2958,1.0888
1230798326822,-4.5118,-3.8819,2.6922,-0.3141,-0.2982,0.9935
1230798326832,-4.7726,-3.6856,2.3860,-0.0515,-0.3226,0.9043
1230798326841,-4.8564,-3.5612,2.7592,0.0511,-0.4106,0.8224
1230798326851,-4.8062,-2.8793,3.4292,-0.1284,-0.5255,0.7418
1230798326862,-4.7439,-2.1040,3.8480,-0.4937,-0.5829,0.6575
1230798326872,-4.7774,-2.0848,4.2141,-0.7992,-0.5413,0.5671
1230798326882,-5.2057,-2.1064,4.8889,-1.1364,-0.5071,0.4694
1230798326891,-5.6963,-2.3098,5.0468,-1.3831,-0.5145,0.3936
1230798326901,-6.0408,-3.0587,4.6615,-1.3624,-0.4827,0.3191
1230798326911,-6.5170,-3.6402,4.9511,-1.1681,-0.4375,0.1859
1230798326920,-7.0195,-3.3435,5.3435,-0.9262,-0.4766,0.0662
1230798326930,-7.3401,-2.9199,5.3435,-0.5658,-0.5145,0.0076
1230798326940,-7.7852,-2.4103,6.0470,-0.1883,-0.5132,-0.0608
1230798326949,-8.4361,-1.1899,7.6884,-0.0356,-0.5682,-0.1830
1230798326959,-8.7399,0.1142,8.7365,-0.0454,-0.6647,-0.2868
1230798326968,-8.8381,0.8320,9.3539,-0.1431,-0.6782,-0.3773
1230798326978,-8.9936,0.8703,9.8803,-0.3618,-0.6036,-0.5324
1230798326988,-9.1491,-0.0174,10.2990,-0.6147,-0.4974,-0.6974
1230798326997,-9.3645,-1.1804,10.6484,-0.7613,-0.4118,-0.8159
1230798327005,-9.6086,-2.3792,10.6795,-0.6941,-0.3813,-0.8904
1230798327014,-9.7354,-3.5038,10.3062,-0.3581,-0.3837,-0.9332
1230798327024,-9.7497,-3.9129,10.2440,0.1086,-0.3849,-0.9356
1230798327034,-9.6732,-3.6976,10.0502,0.5911,-0.4008,-0.8623
1230798327047,-9.6660,-3.8627,10.0573,0.9772,-0.4204,-0.7401
1230798327055,-9.5057,-3.8938,10.4928,1.0102,-0.4265,-0.6534
1230798327064,-9.2353,-4.3150,10.8685,0.7939,-0.4143,-0.5422
1230798327074,-8.7591,-5.6047,11.0264,0.6119,-0.3422,-0.4164
1230798327084,-8.3403,-7.0212,11.2968,0.6107,-0.2347,-0.3919
1230798327093,-7.8618,-7.7343,10.9212,0.7402,-0.1455,-0.4298
1230798327103,-7.4359,-8.0884,9.5237,1.0126,-0.0038,-0.4066
1230798327113,-7.3736,-7.7295,8.5786,1.2558,0.1807,-0.3846
1230798327122,-7.5196,-6.6384,8.2484,1.4219,0.3200,-0.3712
1230798327132,-7.5746,-5.6597,8.2771,1.6174,0.3554,-0.3479
1230798327141,-7.3019,-4.8533,8.4709,1.8336,0.3163,-0.3430
1230798327151,-6.8903,-4.3078,8.5762,2.0572,0.2357,-0.3773
1230798327161,-6.3304,-3.9153,7.7172,2.1965,0.2076,-0.4310
1230798327170,-6.0217,-3.6497,6.6524,2.1476,0.2528,-0.5031
1230798327180,-6.0169,-3.3961,6.0111,1.8813,0.3151,-0.5789
1230798327189,-6.0935,-3.0228,5.5852,1.3999,0.2955,-0.6558
1230798327199,-5.9188,-2.6759,5.2550,0.7267,0.2357,-0.7365
1230798327209,-5.5623,-2.5251,5.0803,0.0377,0.1770,-0.8452
1230798327218,-5.2105,-2.0705,5.2645,-0.6257,0.1489,-0.9747
1230798327228,-5.0287,-2.0274,6.1188,-1.0337,0.1330,-1.1017
1230798327237,-4.6099,-2.4366,6.6978,-1.0899,0.0671,-1.2630
1230798327247,-3.9902,-3.0156,6.5638,-0.9788,0.0451,-1.4096
1230798327256,-3.6720,-4.3796,6.2719,-0.6733,0.0781,-1.5074
1230798327265,-3.5667,-6.0306,4.9941,-0.3190,0.1049,-1.6246
1230798327278,-3.2508,-6.4206,3.2234,-0.3325,0.1770,-1.6601
1230798327284,-3.3130,-6.5881,3.1684,-0.5194,0.2051,-1.5416
1230798327297,-3.4111,-6.5020,3.8528,-0.6733,0.0267,-1.4939
1230798327303,-2.8105,-6.4230,4.6113,-0.7344,-0.2726,-1.5196
1230798327312,-1.9467,-7.2174,5.7263,-0.5841,-0.5377,-1.5306
1230798327323,-0.8077,-7.9473,6.1092,-0.2860,-0.6733,-1.5685
1230798327332,0.0082,-8.1578,5.6570,0.2100,-0.6110,-1.6185
1230798327342,0.1207,-8.3038,4.9917,0.9430,-0.4106,-1.6686
1230798327352,-0.4249,-7.4424,3.7235,1.6076,-0.1785,-1.7212
1230798327362,-1.4251,-5.8416,3.2569,2.0034,-0.0135,-1.7077
1230798327372,-2.2937,-5.2242,4.1997,2.1940,-0.1174,-1.6442
1230798327382,-2.1621,-4.8485,5.5493,1.9595,-0.4717,-1.6149
1230798327391,-0.7671,-4.3963,6.2671,1.3535,-0.8419,-1.5953
1230798327401,1.0036,-4.2982,6.6260,0.6889,-1.0166,-1.5782
1230798327411,2.3245,-4.6930,6.8223,0.0707,-0.9799,-1.5978
1230798327420,2.9801,-5.4061,6.6572,-0.4766,-0.7600,-1.6369
1230798327428,2.7815,-6.4015,5.8795,-0.8126,-0.4387,-1.6369
1230798327439,2.0565,-7.3156,5.5541,-0.8664,-0.1528,-1.6381
1230798327449,1.2285,-7.8563,5.8053,-0.6574,-0.0331,-1.6430
1230798327458,0.7691,-7.2988,5.9848,-0.3300,-0.0820,-1.6063
1230798327468,0.8337,-6.5187,6.2097,0.0291,-0.2151,-1.5269
1230798327477,1.2692,-5.5712,6.8414,0.1758,-0.3520,-1.4597
1230798327487,2.0612,-4.7504,7.0448,-0.0429,-0.4460,-1.3693
1230798327497,3.0519,-4.9132,7.0352,-0.4253,-0.4363,-1.2960
1230798327507,3.8678,-6.1311,6.9826,-0.7870,-0.3324,-1.2765
1230798327516,4.2315,-7.8061,6.8342,-1.0252,-0.1528,-1.2239
1230798327526,4.0066,-8.8613,7.0544,-1.0215,0.0451,-1.1323
1230798327535,3.3079,-8.9020,7.6334,-0.7894,0.2222,-1.0175
1230798327543,2.5350,-7.6936,7.9229,-0.5108,0.3297,-0.9148
1230798327553,2.0134,-5.4683,7.3343,-0.4131,0.3835,-0.8244
1230798327562,1.6258,-3.9919,7.3295,-0.5218,0.3786,-0.7719
1230798327572,1.5516,-3.9919,7.9253,-0.7332,0.2662,-0.8330
1230798327582,2.1187,-4.4274,7.1644,-1.0325,0.1550,-0.9075
1230798327593,2.6810,-5.3056,6.7983,-1.1718,0.1514,-0.9099
1230798327603,2.8030,-6.9112,7.8105,-1.0191,0.1709,-0.8916
1230798327612,2.9633,-8.4162,8.6121,-0.7662,0.1831,-0.8647
1230798327622,3.2026,-9.3471,9.2318,-0.4827,0.2357,-0.7975
1230798327632,3.3414,-9.8472,9.8252,-0.1223,0.2821,-0.7365
1230798327641,3.3965,-8.6986,9.7056,0.1648,0.3187,-0.6851
1230798327651,3.2026,-7.2988,9.6601,0.4213,0.3615,-0.6118
1230798327660,3.0710,-6.6886,9.5333,0.5924,0.3444,-0.5581
1230798327670,3.1524,-7.1026,9.1720,0.4934,0.3065,-0.4506
1230798327680,3.2433,-7.8348,8.7915,0.2478,0.3126,-0.2490
1230798327689,3.3462,-8.9881,9.0356,0.0536,0.3432,-0.0022
1230798327698,3.2122,-9.7873,9.7487,-0.0820,0.3566,0.2238
1230798327709,3.2050,-9.9907,10.2871,-0.2506,0.3737,0.4584
1230798327718,3.3079,-9.9812,10.4570,-0.4412,0.3676,0.7186
1230798327728,3.3486,-9.6270,10.2392,-0.6110,0.3749,0.9324
1230798327737,3.3223,-9.4882,9.6314,-0.7112,0.3981,1.1352
1230798327747,3.2098,-9.6844,8.5499,-0.7259,0.4299,1.2965
1230798327757,2.9944,-9.6294,8.0139,-0.7185,0.4153,1.4028
1230798327766,2.9035,-9.5074,7.5521,-0.6819,0.3737,1.5225
1230798327774,3.1500,-9.5409,7.1908,-0.6831,0.3261,1.7106
1230798327786,3.4156,-9.5983,7.1812,-0.7259,0.3187,1.8841
1230798327794,3.6453,-9.6916,6.7768,-0.7222,0.3615,2.0283
1230798327803,3.6429,-9.6581,6.1929,-0.7515,0.4177,2.1810
1230798327812,3.2792,-9.3447,5.8244,-0.8981,0.4226,2.3081
1230798327822,2.6930,-8.9283,5.4847,-1.1168,0.3688,2.3679
1230798327831,1.9344,-8.4498,5.0348,-1.3441,0.3065,2.3985
1230798327841,1.2118,-8.3612,4.8123,-1.4565,0.2222,2.4412
1230798327854,0.7404,-8.6268,4.7309,-1.4161,0.0927,2.4522
1230798327861,0.7763,-8.9810,4.3768,-1.2622,-0.0502,2.4461
1230798327872,0.9917,-9.1365,3.8073,-1.0594,-0.1870,2.4669
1230798327882,1.1400,-9.0456,3.3120,-0.8798,-0.2933,2.5121
1230798327891,0.9534,-8.4665,3.2163,-0.7992,-0.3617,2.5463
1230798327901,0.4413,-7.4759,3.3120,-0.8248,-0.4069,2.5634
1230798327910,-0.2430,-6.3560,3.3790,-0.9433,-0.4595,2.5488
1230798327920,-0.9154,-5.1644,3.1756,-1.1596,-0.5206,2.4669
1230798327930,-1.4897,-4.9227,3.0871,-1.3343,-0.5927,2.3423
1230798327939,-1.8725,-5.1500,2.9435,-1.4992,-0.6721,2.1810
1230798327949,-2.1525,-5.4372,2.8023,-1.6189,-0.7356,2.0393
1230798327958,-2.4899,-5.9229,2.8262,-1.5395,-0.7796,1.9452
1230798327968,-2.8464,-6.2005,2.7521,-1.3844,-0.8064,1.8707
1230798327978,-3.2365,-5.8248,2.6898,-1.2915,-0.7955,1.8096
1230798327987,-3.5858,-5.3463,2.9315,-1.1461,-0.7845,1.7461
1230798327997,-3.8394,-4.8414,3.0775,-0.9726,-0.8138,1.6215
1230798328006,-3.9758,-4.1570,2.9172,-0.8810,-0.8504,1.4590
1230798328016,-4.1529,-3.8172,2.6587,-0.7796,-0.8492,1.3111
1230798328026,-4.4066,-3.7670,2.6109,-0.6709,-0.8101,1.1768
1230798328035,-4.8157,-3.6138,2.4458,-0.5683,-0.8028,1.0301
1230798328045,-5.2297,-3.6043,2.3285,-0.4033,-0.8101,0.8799
1230798328055,-5.6293,-3.5397,2.4099,-0.2079,-0.8443,0.7125
1230798328062,-5.9116,-3.3267,2.6731,-0.0197,-0.9286,0.5341
1230798328071,-6.0672,-2.8314,2.8837,0.1684,-1.0141,0.3533
1230798328081,-6.0121,-2.4103,3.2617,0.3871,-1.0667,0.1652
1230798328091,-5.8805,-2.2236,3.8934,0.6449,-1.1229,-0.0315
1230798328101,-5.6413,-2.1901,4.2667,0.8465,-1.1632,-0.2025
1230798328111,-5.3996,-2.1949,4.6687,0.9430,-1.1449,-0.3174
1230798328122,-5.3350,-1.9700,5.0276,0.9589,-1.0496,-0.4090
1230798328131,-5.5120,-1.5967,5.5900,0.9210,-0.9372,-0.5153
1230798328141,-5.8518,-1.0128,6.4011,0.7549,-0.8407,-0.6522
1230798328151,-5.9810,-0.4864,7.1788,0.4568,-0.7673,-0.8073
1230798328160,-5.6652,-0.2831,7.7076,0.0731,-0.7087,-0.9722
1230798328170,-5.0789,-0.7903,8.0426,-0.3386,-0.6232,-1.1384
1230798328180,-4.5118,-2.1064,7.8488,-0.7259,-0.4607,-1.2801
1230798328189,-4.2127,-3.5636,7.7004,-1.0985,-0.1919,-1.3827
1230798328198,-4.2941,-5.1788,8.2101,-1.3294,0.0585,-1.4658
1230798328208,-4.3611,-6.5833,8.5571,-1.4552,0.2076,-1.5306
1230798328218,-4.3156,-7.6601,8.5140,-1.5334,0.3151,-1.5123
1230798328228,-4.3587,-8.7800,8.5283,-1.5615,0.4275,-1.4096
1230798328237,-4.5118,-9.5265,8.4039,-1.6018,0.5533,-1.2838
1230798328247,-4.7535,-10.2659,8.3728,-1.6214,0.6767,-1.1286
1230798328256,-5.0430,-11.0508,8.3680,-1.5566,0.7574,-0.9674
1230798328265,-5.2895,-11.6226,8.2795,-1.4406,0.7903,-0.8085
1230798328276,-5.4570,-11.8978,7.8990,-1.2585,0.8111,-0.6363
1230798328283,-5.6819,-12.0079,7.4635,-0.9898,0.8759,-0.4494
1230798328293,-6.0959,-11.9002,7.3319,-0.6892,0.9467,-0.2844
1230798328303,-6.5984,-11.5102,7.2242,-0.4045,0.9846,-0.1341
1230798328313,-7.1033,-11.1991,7.0304,-0.1455,0.9931,0.0332
1230798328322,-7.4813,-10.6344,6.8964,0.0145,0.9821,0.1798
1230798328331,-7.6775,-9.8783,6.8677,0.1244,0.9638,0.3057
1230798328341,-7.6967,-9.2585,6.8845,0.2796,0.9247,0.3924
1230798328350,-7.5148,-8.8159,6.8438,0.4665,0.8832,0.4291
1230798328360,-7.2492,-8.7823,6.7242,0.6693,0.8722,0.4462
1230798328373,-7.0099,-8.7967,6.6452,0.8428,0.8954,0.4559
1230798328381,-6.8233,-8.5239,6.2958,1.0163,0.9296,0.4865
1230798328391,-6.7635,-8.0071,5.6234,1.2045,0.9760,0.5231
1230798328400,-6.8065,-7.4304,5.0851,1.3584,0.9993,0.5158
1230798328410,-6.8664,-7.0571,4.9989,1.4610,0.9577,0.4633
1230798328419,-6.8664,-6.6934,5.0492,1.4977,0.8502,0.3863
1230798328428,-6.6175,-6.0952,5.1784,1.4708,0.7561,0.2886
1230798328439,-6.2155,-5.6765,5.1473,1.5197,0.6901,0.1652
1230798328448,-5.7035,-5.6406,4.7549,1.6101,0.6828,0.0125
1230798328458,-5.3517,-5.6597,4.3481,1.5404,0.7121,-0.0999
1230798328467,-5.2632,-5.3128,3.9892,1.3046,0.7366,-0.1512
1230798328477,-5.4259,-4.9419,3.8360,0.9992,0.7109,-0.2050
1230798328485,-5.4618,-4.2384,3.4436,0.6424,0.6547,-0.3052
1230798328495,-5.3876,-3.7096,3.4364,0.2955,0.5887,-0.4103
1230798328504,-5.2464,-3.8819,3.6183,0.0731,0.4702,-0.5618
1230798328516,-4.8684,-4.6069,3.5226,-0.0209,0.3701,-0.7572
1230798328525,-4.4520,-5.5209,3.2522,0.0084,0.3468,-0.9234
1230798328535,-4.1338,-6.3728,2.9698,0.1354,0.3615,-1.0187
1230798328545,-3.9447,-7.1313,2.7616,0.2613,0.3578,-1.0749
1230798328554,-3.7892,-7.4137,2.7712,0.1953,0.2955,-1.0724
1230798328563,-3.4733,-7.0595,2.7473,-0.1077,0.1770,-1.0126
1230798328573,-2.9086,-6.5307,2.5941,-0.5157,0.0402,-0.9808
1230798328581,-2.3439,-6.4493,2.6922,-0.8761,-0.0795,-1.0236
1230798328591,-1.7146,-6.5522,2.5582,-1.1718,-0.1406,-1.1103
1230798328600,-1.2337,-7.1959,2.3405,-1.2573,-0.1296,-1.1897
1230798328610,-1.1930,-8.2655,2.3094,-1.0313,-0.0856,-1.2887
1230798328619,-1.4586,-8.9331,2.0845,-0.5536,-0.0148,-1.3889
1230798328629,-1.7816,-9.1126,1.6083,0.0817,0.0866,-1.4133
1230798328641,-2.1477,-8.7417,1.3594,0.7573,0.1709,-1.3974
1230798328650,-2.2650,-8.0669,1.2853,1.3046,0.1343,-1.3852
1230798328660,-1.9778,-7.3778,1.6585,1.5563,-0.0600,-1.3656
1230798328670,-1.2983,-6.9542,2.4769,1.4317,-0.3556,-1.3461
1230798328679,-0.3005,-6.7173,3.5489,1.0676,-0.6366,-1.3510
1230798328689,0.8553,-6.7365,4.1925,0.6754,-0.7894,-1.3974
1230798328698,1.7406,-7.1983,4.2189,0.4323,-0.7417,-1.4878
1230798328708,2.0469,-7.9616,3.7283,0.3065,-0.5193,-1.5746
1230798328718,1.6377,-8.5502,3.2115,0.1941,-0.2347,-1.5770
1230798328727,0.8218,-8.7130,3.1732,0.1489,-0.0710,-1.5171
1230798328736,0.3025,-8.2248,3.3383,0.1819,-0.1125,-1.4854
1230798328746,0.3767,-7.7941,3.8695,0.3040,-0.3336,-1.4829
1230798328755,1.0898,-7.6673,4.4797,0.4140,-0.6000,-1.4780
1230798328765,2.0110,-7.8156,5.0348,0.4702,-0.7563,-1.4377
1230798328774,2.7480,-8.2583,5.6019,0.5692,-0.7625,-1.3791
1230798328783,3.0088,-8.8589,6.1403,0.7377,-0.6513,-1.3473
1230798328792,2.9275,-9.3375,6.5088,0.9613,-0.5145,-1.3327
1230798328803,2.6906,-9.6246,6.3676,1.2118,-0.4143,-1.2972
1230798328812,2.4297,-9.4619,6.1068,1.4390,-0.3507,-1.2325
1230798328823,2.2263,-8.7465,6.0302,1.6247,-0.3336,-1.1530
1230798328832,2.2024,-7.4137,5.9106,1.7054,-0.3544,-1.0675
1230798328840,2.3173,-6.2364,6.0135,1.6748,-0.3874,-0.9930
1230798328851,2.5877,-5.3821,6.5208,1.4964,-0.4289,-0.9686
1230798328860,3.0016,-5.5161,7.4516,1.2093,-0.4827,-0.9380
1230798328869,3.5711,-6.6240,8.4996,0.8489,-0.5193,-0.8635
1230798328879,4.2124,-7.7367,9.0930,0.4665,-0.4742,-0.7438
1230798328889,4.5665,-8.3828,9.2246,0.2185,-0.3459,-0.5947
1230798328900,4.5163,-8.2272,8.8873,0.1208,-0.1785,-0.4005
1230798328910,4.1909,-9.2131,9.2366,0.2026,-0.0514,-0.1696
1230798328919,3.9157,-10.2372,9.4902,0.1489,0.0097,0.0393
1230798328929,3.6716,-10.4717,8.8226,-0.1199,0.0524,0.3105
1230798328939,3.2816,-10.5746,9.4663,-0.0845,0.1184,0.5439
1230798328948,3.0088,-10.2420,10.3971,0.2063,0.1563,0.6929
1230798328958,2.9107,-9.8687,11.2059,0.4812,0.1819,0.8286
1230798328967,3.0303,-9.4140,11.3112,0.6473,0.2173,0.9495
1230798328977,3.0256,-8.3253,10.4785,0.6938,0.2858,1.0473
1230798328987,2.7432,-7.3347,9.7080,0.6791,0.3566,1.1157
1230798328996,2.3843,-6.7245,9.5022,0.5239,0.3847,1.1853
1230798329006,2.2096,-6.9375,9.4376,0.2491,0.3945,1.2586
1230798329015,2.3915,-7.8755,9.7128,-0.0551,0.4275,1.3050
1230798329025,2.8150,-8.5957,10.1052,-0.3092,0.4751,1.3124
1230798329035,3.2409,-9.0743,10.2847,-0.3740,0.5362,1.3209
1230798329044,3.4682,-9.1437,9.7678,-0.3019,0.6523,1.3796
1230798329054,3.4252,-8.7847,8.8107,-0.2237,0.8038,1.4761
1230798329064,3.1261,-8.4880,7.9852,-0.2103,0.9345,1.5909
1230798329073,2.6547,-8.1171,7.1716,-0.3056,1.0212,1.6874
1230798329083,2.0924,-7.8539,6.3891,-0.4913,1.0616,1.7436
1230798329092,1.4942,-7.5596,5.9441,-0.7503,1.0603,1.7681
1230798329101,1.0276,-7.5572,5.6354,-0.9922,1.0163,1.7901
1230798329111,0.8816,-7.7941,5.3555,-1.1791,0.9418,1.8328
1230798329120,0.7811,-7.8539,5.5206,-1.2805,0.8233,1.8597
1230798329130,0.7643,-8.0741,5.6426,-1.2085,0.6999,1.8914
1230798329139,0.8505,-8.1363,5.1138,-1.0777,0.6132,1.9550
1230798329150,0.7380,-8.0908,4.2260,-0.9348,0.5558,2.0124
1230798329160,0.3312,-8.1459,3.3933,-0.7747,0.5252,2.0320
1230798329169,-0.3675,-7.9832,2.8526,-0.7039,0.4873,2.0515
1230798329177,-1.0542,-7.7415,2.3070,-0.6721,0.4091,2.0466
1230798329237,-1.4323,-7.6553,1.7255,-0.6452,0.2845,2.0405
1230798329238,-1.6524,-7.7989,1.3929,-0.7124,0.0927,2.0368
1230798329239,-1.6285,-7.8563,1.0460,-0.9384,-0.1406,2.0393
1230798329239,-1.4897,-7.5931,0.3640,-1.2915,-0.3569,2.0747
1230798329240,-1.5112,-6.9375,-0.0499,-1.7203,-0.5022,2.1468
1230798329241,-1.9084,-6.2914,0.6320,-2.1382,-0.6183,2.2079
1230798329246,-2.2386,-6.0928,1.6944,-2.3874,-0.7478,2.1602
1230798329253,-1.8151,-6.6169,1.1967,-2.3556,-0.8504,1.9978
1230798329265,-1.6357,-7.2988,0.3186,-1.9684,-0.8431,1.7766
1230798329274,-2.4133,-8.0813,0.0410,-1.1901,-0.7942,1.6447
1230798329282,-3.8538,-8.2033,0.4023,-0.2017,-0.7148,1.6447
1230798329296,-5.2177,-7.2557,0.6942,0.8697,-0.7478,1.6996
1230798329302,-6.1437,-5.3678,0.4430,1.8361,-0.9726,1.7375
1230798329311,-6.6343,-3.0611,0.2420,2.4970,-1.3159,1.7204
1230798329322,-6.8640,-0.3716,0.5913,2.7279,-1.6836,1.6166
1230798329332,-7.1655,2.1600,1.7973,2.6192,-1.9707,1.4174
1230798329341,-7.1703,3.7608,2.9866,2.3907,-2.1345,1.1059
1230798329351,-6.9597,4.2107,4.0944,2.0535,-2.1186,0.7333
1230798329361,-6.9094,4.2226,5.0252,1.6259,-1.9964,0.3643
1230798329369,-6.9286,4.1054,5.6976,1.2362,-1.8364,0.0625
1230798329379,-7.0004,3.9953,6.6643,0.9418,-1.7191,-0.1647
1230798329388,-6.7156,4.1532,7.5401,0.5985,-1.6922,-0.3761
1230798329398,-5.8757,4.3327,8.1981,0.0829,-1.6323,-0.5789
1230798329408,-4.7463,3.6914,8.4302,-0.5805,-1.4320,-0.7731
1230798329418,-3.7509,2.3323,8.0617,-1.3868,-1.0630,-0.9332
1230798329428,-3.4446,0.1118,8.0546,-2.1846,-0.6513,-1.0492
1230798329436,-3.6385,-2.8529,8.5642,-2.7820,-0.3361,-1.1653
1230798329446,-3.7772,-5.5018,8.7580,-3.1815,-0.1650,-1.2826
1230798329458,-3.6193,-7.5118,8.2651,-3.3281,-0.0514,-1.3351
1230798329467,-3.4949,-9.5289,8.0139,-3.0667,0.0610,-1.2838
1230798329477,-3.4733,-11.3259,8.0593,-2.5194,0.1184,-1.1763
1230798329486,-3.4925,-12.4218,8.0689,-1.9061,0.1184,-1.0150
1230798329495,-3.6097,-13.0511,8.0426,-1.2023,0.0720,-0.8012
1230798329505,-3.7916,-13.0081,7.8488,-0.4131,0.0488,-0.5764
1230798329515,-4.0811,-12.0462,7.8990,0.3053,0.0658,-0.3504
1230798329525,-4.5334,-10.8043,8.3800,0.8379,0.0817,-0.1329
1230798329532,-4.8851,-9.5433,8.7652,1.0713,0.0952,0.0271
1230798329544,-5.2919,-8.4809,9.6386,1.0078,0.1318,0.0943
1230798329554,-5.6006,-7.7128,10.2703,0.7878,0.1831,0.0919
1230798329563,-5.6604,-7.6673,10.4881,0.5447,0.2906,0.1151
1230798329573,-5.9068,-8.0190,11.3854,0.2319,0.4360,0.1786
1230798329582,-6.0959,-8.3756,11.7921,-0.0283,0.5484,0.2348
1230798329592,-6.2227,-9.0408,11.6151,-0.0637,0.6926,0.3167
1230798329601,-6.4859,-9.2992,10.9714,0.0218,0.8563,0.3802
1230798329611,-6.8879,-9.0815,10.4330,0.1648,1.0163,0.4437
1230798329621,-7.3306,-8.6938,10.1913,0.3651,1.1165,0.5256
1230798329629,-7.6273,-8.1961,9.9951,0.5740,1.1361,0.5830
1230798329638,-7.6225,-7.3443,9.2534,0.7952,1.1092,0.5928
1230798329648,-7.3067,-6.0210,7.8009,0.9381,1.1043,0.6086
1230798329657,-7.2038,-4.9658,7.1549,1.0371,1.1214,0.6319
1230798329667,-7.2899,-4.4992,7.0233,1.1140,1.0823,0.5720
1230798329677,-7.1535,-4.4178,6.9299,1.1568,1.0225,0.4339
1230798329688,-6.7395,-4.4178,6.9132,1.2155,0.9492,0.2666
1230798329697,-6.2036,-4.5112,6.7552,1.4317,0.8869,0.1041
1230798329707,-5.7944,-4.3772,6.2767,1.7054,0.8600,-0.0401
1230798329717,-5.5647,-4.1355,5.7216,1.9436,0.8722,-0.1855
1230798329727,-5.5144,-3.6737,5.2980,1.9851,0.8710,-0.3651
1230798329736,-5.4953,-3.0348,4.9391,1.7163,0.8282,-0.5300
1230798329746,-5.3685,-2.5969,4.8625,1.2289,0.7329,-0.6741
1230798329755,-5.1579,-2.2452,4.8721,0.6547,0.6303,-0.8305
1230798329763,-4.8181,-1.8001,4.7022,0.1061,0.5619,-0.9930
1230798329773,-4.5453,-1.8695,4.4318,-0.2616,0.5362,-1.1335
1230798329783,-4.3754,-2.4438,4.3457,-0.4571,0.5264,-1.2862
1230798329791,-4.3707,-3.0922,4.2356,-0.5194,0.5008,-1.4536
1230798329801,-4.2462,-3.6258,3.8934,-0.4351,0.4421,-1.5929
1230798329813,-4.0739,-4.2073,3.6254,-0.2176,0.3762,-1.6980
1230798329823,-3.8179,-4.7863,3.5608,0.0243,0.2968,-1.7969
1230798329832,-3.4087,-5.0974,3.6494,0.1611,0.2039,-1.8861
1230798329841,-2.7794,-5.3917,3.6996,0.2051,0.0829,-1.9582
1230798329851,-1.9994,-5.4109,3.6709,0.0707,-0.0148,-1.9973
1230798329860,-1.3246,-5.1955,3.6350,-0.2139,-0.0624,-1.9973
1230798329870,-0.8939,-4.9993,3.5991,-0.5060,-0.0649,-2.0095
1230798329880,-0.6115,-5.0256,3.6637,-0.6672,-0.0319,-2.0804
1230798329888,-0.3220,-5.6190,3.8910,-0.6648,-0.0123,-2.1610
1230798329898,0.0728,-6.7652,4.0298,-0.5279,-0.0563,-2.2050
1230798329907,0.7739,-8.0980,3.6637,-0.3300,-0.1259,-2.1940
1230798329917,1.6305,-9.4643,3.3455,-0.1626,-0.1626,-2.0877
1230798329926,2.3962,-10.6105,3.2211,-0.1309,-0.2005,-1.8824
1230798329938,3.0232,-11.0866,3.2952,-0.2775,-0.2298,-1.6259
1230798329948,3.4826,-11.0627,3.6302,-0.4986,-0.2518,-1.3290
1230798329957,3.8008,-10.8689,4.1901,-0.7124,-0.2664,-1.0407
1230798329967,3.8846,-10.4501,4.5275,-0.9042,-0.2542,-0.8012
1230798329976,3.6764,-10.0266,4.7166,-0.9971,-0.1724,-0.5752
1230798329986,3.1237,-9.9357,4.8936,-0.9152,-0.0441,-0.3553
1230798329995,2.3627,-10.0362,4.9798,-0.7271,0.0817,-0.1818
1230798330005,1.4535,-10.2444,5.0348,-0.4461,0.1282,-0.0401
1230798330015,0.6256,-10.3066,4.9271,-0.1333,0.0744,0.0943
1230798330024,0.0154,-9.9764,4.9104,0.1574,-0.0282,0.2323
1230798330034,-0.3699,-9.3662,5.1784,0.4079,-0.1504,0.3692
1230798330043,-0.4632,-8.4186,5.4488,0.5533,-0.2897,0.4718
1230798330053,-0.4081,-7.6171,5.9034,0.5545,-0.3996,0.5170
1230798330063,-0.3531,-7.2773,6.4633,0.4653,-0.4680,0.4926
1230798330072,-0.2598,-7.2127,6.7816,0.2845,-0.4632,0.4352
1230798330082,-0.2861,-7.3514,6.9754,0.1000,-0.3874,0.3924
1230798330092,-0.5326,-7.5500,7.0161,0.0157,-0.2909,0.3496
1230798330101,-0.8389,-7.5357,6.8127,-0.0148,-0.1895,0.2922
1230798330111,-1.1834,-7.3873,6.7672,-0.0331,-0.1137,0.2531
1230798330121,-1.4993,-7.2533,6.7983,-0.0539,-0.0954,0.2177
1230798330130,-1.6476,-7.1768,6.5758,-0.1064,-0.0991,0.1688
1230798330140,-1.7050,-7.2653,6.3963,-0.1529,-0.0807,0.1175
1230798330149,-1.7553,-7.5453,6.4681,-0.1834,-0.0624,0.0650
1230798330157,-1.8056,-7.7056,6.5614,-0.2017,-0.0624,0.0161
1230798330167,-1.7744,-7.9185,6.6093,-0.1688,-0.0587,-0.0205
1230798330176,-1.7912,-8.0836,6.6236,-0.0698,-0.0368,-0.0535
1230798330186,-1.7266,-8.0358,6.4490,0.0230,-0.0026,-0.0694
1230798330195,-1.6740,-7.9664,6.3485,0.1037,0.0231,-0.0645
1230798330205,-1.5734,-7.8037,6.2216,0.1623,0.0267,-0.0670
1230798330217,-1.4442,-7.6314,6.1212,0.1709,0.0267,-0.0743
1230798330226,-1.3437,-7.6027,5.9800,0.1501,0.0365,-0.0816
1230798330236,-1.3318,-7.6817,6.0135,0.1183,0.0658,-0.0926
1230798330246,-1.3677,-7.6505,6.1236,0.0890,0.0891,-0.1109
1230798330255,-1.3533,-7.6266,6.2025,0.1122,0.1013,-0.1219
1230798330264,-1.2528,-7.6075,6.2288,0.1525,0.0952,-0.1329
1230798330274,-1.1356,-7.5524,6.1140,0.1538,0.0842,-0.1402
1230798330283,-1.0590,-7.5668,5.9345,0.1159,0.0964,-0.1183
1230798330292,-1.1212,-7.6123,5.8053,0.0768,0.1355,-0.0914
1230798330301,-1.3318,-7.5859,5.7622,0.0487,0.1770,-0.0840
1230798330311,-1.6644,-7.5142,5.7886,0.0511,0.2100,-0.0877
1230798330322,-2.0018,-7.4591,5.7240,0.0878,0.2161,-0.0865
1230798330332,-2.2530,-7.3514,5.6402,0.1379,0.2112,-0.0902
1230798330341,-2.4109,-7.2749,5.6043,0.2026,0.1978,-0.0999
1230798330351,-2.4851,-7.1409,5.5780,0.2564,0.1660,-0.1073
1230798330360,-2.4133,-6.9255,5.6426,0.2674,0.1282,-0.1073
1230798330370,-2.3631,-6.7197,5.7048,0.2222,0.0903,-0.1097
1230798330379,-2.2889,-6.5666,5.5804,0.1513,0.0805,-0.1280
1230798330390,-2.2722,-6.6575,5.4799,0.0462,0.1111,-0.1488
1230798330399,-2.3655,-6.8585,5.4942,-0.0796,0.1477,-0.1732
1230798330419,-2.3750,-7.0069,5.4488,-0.1688,0.1477,-0.1989
1230798330420,-2.2339,-7.2198,5.3842,-0.1822,0.1111,-0.2099
1230798330427,-2.0281,-7.4400,5.1904,-0.1492,0.0695,-0.2111
1230798330435,-1.9108,-7.6171,5.2406,-0.1138,0.0549,-0.1977
1230798330445,-1.8917,-7.6434,5.3794,-0.0625,0.0475,-0.1769
1230798330454,-1.9611,-7.5979,5.4607,-0.0099,0.0475,-0.1537
1230798330464,-2.0233,-7.5285,5.4847,0.0218,0.0549,-0.1390
1230798330475,-2.1047,-7.5357,5.4416,0.0206,0.0549,-0.1219
1230798330485,-2.1094,-7.6194,5.2932,-0.0087,0.0451,-0.0987
1230798330495,-2.0903,-7.7869,5.3937,-0.0441,0.0439,-0.0755
1230798330504,-1.9946,-7.8515,5.4942,-0.0820,0.0182,-0.0523
1230798330512,-1.7960,-7.9425,5.6570,-0.1016,-0.0307,-0.0205
1230798330524,-1.6644,-7.9712,5.7240,-0.0893,-0.0649,0.0039
1230798330533,-1.6428,-7.9592,5.7048,-0.0405,-0.0380,0.0283
1230798330542,-1.8103,-7.9090,5.6330,-0.0026,0.0219,0.0454
1230798330553,-2.0233,-7.8300,5.5373,0.0133,0.0634,0.0552
1230798330562,-2.1884,-7.7702,5.5445,0.0230,0.0500,0.0613
1230798330571,-2.1908,-7.7151,5.5325,0.0340,-0.0038,0.0601
1230798330581,-2.0281,-7.6864,5.4559,0.0316,-0.0502,0.0638
1230798330591,-1.8462,-7.6936,5.5517,0.0023,-0.0722,0.0735
1230798330601,-1.7266,-7.6194,5.6426,-0.0270,-0.0807,0.0760
1230798330610,-1.6213,-7.6099,5.5852,-0.0295,-0.0771,0.0723
1230798330620,-1.6524,-7.6793,5.5301,-0.0393,-0.0417,0.0711
1230798330628,-1.7960,-7.7558,5.5612,-0.0344,-0.0075,0.0686
1230798330640,-1.9180,-7.8204,5.6187,-0.0197,-0.0087,0.0625
1230798330649,-1.9850,-7.8492,5.6976,0.0157,-0.0209,0.0515
1230798330659,-1.9013,-7.8659,5.7646,0.0560,-0.0563,0.0405
1230798330668,-1.7410,-7.7008,5.7981,0.0548,-0.1015,0.0393
1230798330678,-1.5806,-7.5811,5.7335,0.0340,-0.1296,0.0479
1230798330688,-1.4514,-7.5142,5.6306,0.0072,-0.1211,0.0491
1230798330695,-1.4610,-7.4974,5.5804,-0.0246,-0.0917,0.0515
1230798330704,-1.5399,-7.5548,5.5995,-0.0551,-0.0697,0.0540
1230798330714,-1.6500,-7.6888,5.6857,-0.0588,-0.0673,0.0577
1230798330724,-1.6740,-7.8109,5.7622,-0.0380,-0.0734,0.0564
1230798330738,-1.6740,-7.7893,5.8149,-0.0002,-0.0856,0.0564
1230798330745,-1.6117,-7.6864,5.8316,0.0401,-0.1027,0.0589
1230798330755,-1.5160,-7.5070,5.8149,0.0634,-0.1125,0.0625
1230798330764,-1.4658,-7.4902,5.9082,0.0731,-0.1076,0.0638
1230798330774,-1.4347,-7.5357,5.8460,0.0780,-0.0832,0.0650
1230798330785,-1.4059,-7.5189,5.7527,0.0646,-0.0441,0.0772
1230798330791,-1.4849,-7.4878,5.8005,0.0475,-0.0172,0.0967
1230798330802,-1.6022,-7.4663,5.8173,0.0365,-0.0148,0.0931
1230798330811,-1.6452,-7.3203,5.7407,0.0169,-0.0123,0.0845
1230798330820,-1.7027,-7.2438,5.7909,0.0108,-0.0026,0.0845
1230798330831,-1.6979,-7.2007,5.9082,0.0072,-0.0050,0.0711
1230798330841,-1.6213,-7.2127,5.9752,0.0096,-0.0099,0.0503
1230798330850,-1.5184,-7.2486,5.8771,0.0072,-0.0075,0.0357
1230798330859,-1.4825,-7.2988,5.7718,0.0218,0.0157,0.0332
1230798330870,-1.6022,-7.3921,5.7144,0.0597,0.0536,0.0332
1230798330879,-1.7577,-7.4280,5.7359,0.0805,0.0866,0.0357
1230798330889,-1.8965,-7.3036,5.7957,0.0927,0.0891,0.0467
1230798330899,-1.9635,-7.1935,5.8412,0.1049,0.0683,0.0467
1230798330909,-1.9443,-7.0356,5.7431,0.0939,0.0439,0.0332
1230798330917,-1.9204,-7.0117,5.7048,0.0389,0.0402,0.0210
1230798330928,-1.9395,-6.9662,5.6546,-0.0331,0.0414,0.0051
1230798330937,-2.0209,-7.0021,5.5708,-0.0845,0.0463,-0.0132
1230798330947,-2.1214,-7.1624,5.4871,-0.0942,0.0573,-0.0327
1230798330955,-2.2195,-7.3538,5.4488,-0.0747,0.0646,-0.0474
1230798330964,-2.3487,-7.4184,5.3889,-0.0331,0.0536,-0.0572
1230798330974,-2.4636,-7.3275,5.2262,0.0206,0.0402,-0.0633
1230798330983,-2.5689,-7.1696,5.0492,0.0634,0.0378,-0.0657
1230798330993,-2.7435,-6.9614,4.9176,0.0695,0.0365,-0.0718
1230798331004,-2.8991,-6.7939,4.8458,0.0450,0.0365,-0.0840
1230798331014,-3.0067,-6.7484,4.7955,0.0059,0.0426,-0.0975
1230798331022,-3.1240,-6.7461,4.6711,-0.0356,0.0536,-0.1170
1230798331033,-3.2221,-6.6815,4.4749,-0.0796,0.0683,-0.1439
1230798331043,-3.3728,-6.5642,4.2547,-0.1113,0.0866,-0.1769
1230798331053,-3.5308,-6.4302,4.1208,-0.1455,0.1013,-0.2135
1230798331062,-3.6552,-6.2675,3.9485,-0.1736,0.0915,-0.2673
1230798331072,-3.6289,-5.9684,3.7283,-0.2152,0.0561,-0.3504
1230798331081,-3.5547,-5.5066,3.6015,-0.2640,0.0157,-0.4542
1230798331091,-3.4853,-5.1261,3.6637,-0.2775,-0.0160,-0.5752
1230798331101,-3.3920,-4.9754,3.7905,-0.2469,-0.0368,-0.7193
1230798331110,-3.2245,-5.0495,4.1112,-0.1736,-0.0539,-0.8769
1230798331120,-2.9709,-5.2170,4.4749,-0.0393,-0.0978,-1.0455
1230798331130,-2.6359,-5.2242,4.5586,0.1416,-0.1455,-1.2154
1230798331139,-2.3080,-5.1189,4.6998,0.3077,-0.1724,-1.3608
1230798331148,-2.0281,-4.9251,4.6472,0.4115,-0.1992,-1.5074
1230798331158,-1.5950,-5.0448,4.7237,0.3468,-0.2163,-1.6418
1230798331168,-0.9609,-5.4946,5.3866,0.0401,-0.2713,-1.7517
1230798331178,0.1685,-5.9134,5.9680,-0.4314,-0.4045,-1.8275
1230798331187,1.6138,-6.5809,6.9108,-0.8749,-0.5474,-1.8763
1230798331196,3.3295,-8.0071,8.1216,-1.1962,-0.6403,-1.8885
1230798331206,5.2270,-9.6318,8.4015,-1.4406,-0.5816,-1.8262
1230798331214,6.4449,-11.1560,8.4685,-1.5603,-0.3165,-1.6112
1230798331223,6.6363,-12.5295,8.5882,-1.4442,0.0451,-1.2826
1230798331233,6.1602,-14.4629,8.7676,-1.1901,0.3603,-0.9356
1230798331243,5.6529,-15.7359,8.4398,-1.0411,0.5594,-0.5801
1230798331252,5.2820,-16.3437,8.0211,-1.0826,0.6486,-0.0352
1230798331262,5.0355,-16.1738,7.9804,-1.2353,0.6413,0.6490
1230798331273,4.9446,-15.0970,7.8847,-1.4858,0.5338,1.2684
1230798331281,5.1217,-14.2500,7.6238,-1.7888,0.3786,1.7852
1230798331291,5.3514,-13.9819,7.2003,-2.0441,0.2357,2.1566
1230798331302,5.2222,-13.8049,6.6380,-2.1565,0.1257,2.3508
1230798331311,4.8250,-13.6852,6.3006,-2.0087,0.0353,2.4363
1230798331322,4.3081,-13.2498,5.8914,-1.6776,-0.0575,2.5060
1230798331329,3.7841,-12.7425,5.2861,-1.3318,-0.1577,2.6245
1230798331339,3.4347,-12.1897,4.1375,-1.0557,-0.2286,2.7650
1230798331348,3.0088,-11.6442,2.7616,-0.8676,-0.2701,2.8701
1230798331359,2.3819,-11.3068,1.7423,-0.7540,-0.3520,2.9299
1230798331369,1.6210,-11.0316,1.4504,-0.7283,-0.4802,2.9177
1230798331379,0.9797,-10.7445,1.8069,-0.8053,-0.6525,2.9006
1230798331388,0.6734,-10.1032,2.2567,-0.9213,-0.8639,2.8615
1230798331396,0.6184,-9.6174,2.3118,-0.9042,-1.0288,2.7650
1230798331408,0.4724,-9.4643,2.3453,-0.6806,-1.0948,2.6111
1230798331417,0.0967,-9.3471,2.2328,-0.3068,-1.0642,2.4559
1230798331427,-0.5445,-8.8254,1.7471,0.0853,-0.9860,2.3862
1230798331437,-1.3581,-7.6123,1.0914,0.4079,-0.9249,2.3459
1230798331447,-2.1884,-5.7937,0.4884,0.5936,-0.9140,2.2726
1230798331456,-2.9469,-4.2408,0.3640,0.6620,-0.9567,2.1517
1230798331466,-3.4829,-3.3530,0.7899,0.6620,-1.0520,1.9562
1230798331474,-3.6385,-2.9630,1.4456,0.5582,-1.1925,1.7265
1230798331483,-3.5403,-2.9630,1.7878,0.4531,-1.3098,1.4944
1230798331492,-3.3178,-3.1161,1.6825,0.4396,-1.3159,1.2916
1230798331502,-3.3130,-3.2478,1.6466,0.4519,-1.2585,1.1413
1230798331512,-3.6002,-3.1185,1.7949,0.4543,-1.1950,1.0008
1230798331522,-3.9495,-2.8577,1.8165,0.4885,-1.1241,0.8542
1230798331533,-4.3156,-2.5873,1.8165,0.5313,-1.0459,0.7064
1230798331542,-4.5956,-2.0753,1.7088,0.5276,-1.0117,0.5634
1230798331552,-4.6865,-1.5249,1.5317,0.4555,-1.0154,0.4352
1230798331561,-4.7272,-1.2019,1.5987,0.3358,-1.0398,0.2996
1230798331572,-4.6841,-0.9746,1.8045,0.1391,-1.0557,0.1481
1230798331581,-4.5549,-0.6874,1.9026,-0.1284,-1.0520,-0.0059
1230798331591,-4.3922,-0.7712,2.1323,-0.3728,-1.0202,-0.1671
1230798331600,-4.3084,-1.0464,2.7425,-0.5903,-0.9641,-0.3272
1230798331610,-4.3515,-1.2856,3.3359,-0.7503,-0.8858,-0.4628
1230798331620,-4.4329,-1.7738,3.5584,-0.7833,-0.7722,-0.5691
1230798331629,-4.5047,-2.3145,3.5465,-0.7503,-0.6122,-0.6473
1230798331639,-4.6937,-2.5466,3.5896,-0.7222,-0.4864,-0.7181
1230798331648,-4.9354,-2.6232,3.8336,-0.6868,-0.4326,-0.7951
1230798331657,-5.1938,-2.7979,4.3217,-0.6587,-0.4241,-0.8806
1230798331668,-5.1986,-2.9534,4.5443,-0.7185,-0.4387,-0.9612
1230798331677,-5.0454,-3.5205,4.7931,-0.7906,-0.3996,-0.9893
1230798331687,-5.0741,-4.5518,5.1544,-0.8554,-0.2994,-0.9784
1230798331696,-5.3852,-5.4994,5.9034,-0.9714,-0.1663,-0.9686
1230798331706,-5.8829,-6.4900,6.7361,-1.0606,-0.0795,-0.9368
1230798331716,-6.1581,-7.3658,6.9108,-1.1547,0.0035,-0.8623
1230798331725,-6.3495,-8.2607,6.8773,-1.2915,0.1404,-0.7548
1230798331733,-6.4883,-9.3782,6.9515,-1.3831,0.2760,-0.6338
1230798331742,-6.5960,-10.3090,6.9921,-1.5664,0.3786,-0.4848
1230798331752,-6.7707,-11.1536,6.8964,-1.7717,0.4629,-0.3052
1230798331761,-7.0434,-11.9887,6.2695,-1.8853,0.5863,-0.1146
1230798331774,-7.3880,-12.6611,5.4488,-1.9231,0.7793,0.1090
1230798331785,-7.9288,-13.2234,4.9391,-1.7888,0.9443,0.3496
1230798331793,-8.3834,-13.5584,4.7477,-1.4161,1.0115,0.5695
1230798331800,-8.5892,-13.8097,4.8195,-0.8248,0.9846,0.7736
1230798331811,-8.3643,-13.7810,4.9582,-0.1419,0.8636,0.9556
1230798331820,-7.7397,-13.3503,4.4366,0.5129,0.7085,1.1377
1230798331830,-7.0291,-12.7592,3.1804,1.0444,0.6364,1.3405
1230798331840,-6.8137,-11.8882,2.3501,1.3278,0.6462,1.5421
1230798331850,-7.0410,-10.5124,2.1299,1.3572,0.6181,1.7180
1230798331859,-7.1918,-9.1724,2.0007,1.3010,0.5142,1.8365
1230798331869,-7.0937,-8.2607,2.1491,1.2362,0.3859,1.8805
1230798331879,-6.7802,-7.9616,2.7257,1.2191,0.2784,1.8365
1230798331888,-6.3304,-8.5191,2.8239,1.3156,0.1905,1.7436
1230798331898,-5.7178,-9.3734,2.5080,1.5013,0.1379,1.6654
1230798331908,-5.2177,-10.3377,1.9816,1.7225,0.0964,1.6557
1230798331917,-4.8564,-11.5197,1.0005,1.9094,0.0084,1.7363
1230798331926,-4.6243,-11.9289,0.3927,1.8031,-0.1247,1.9355
1230798331936,-4.5669,-11.2685,0.5674,1.4292,-0.3593,2.2018
1230798331946,-4.5477,-10.3784,1.1154,1.0591,-0.6073,2.4205
1230798331956,-4.4161,-9.6438,1.5939,0.6461,-0.7466,2.5695
1230798331965,-4.2534,-9.4212,2.0103,0.2002,-0.7784,2.6599
1230798331975,-4.0500,-9.6844,2.4218,-0.1736,-0.7832,2.7479
1230798331984,-3.9639,-10.0745,2.2376,-0.3361,-0.7808,2.8615
1230798331992,-4.1601,-10.0075,2.4171,-0.3141,-0.7649,2.9605
1230798332002,-4.7990,-9.3303,2.8023,-0.1602,-0.8565,3.0631
1230798332012,-5.3206,-8.3971,2.9746,0.0878,-1.0667,3.1938
1230798332021,-5.2560,-6.9806,3.1277,0.2540,-1.3416,3.2854
1230798332031,-4.8109,-5.4898,3.2761,0.3700,-1.5871,3.2696
1230798332041,-4.3611,-4.5758,3.5273,0.4274,-1.7227,3.1963
1230798332051,-3.8921,-3.8148,3.9054,0.3053,-1.7484,3.0985
1230798332061,-3.7102,-2.9032,4.6400,0.1171,-1.7178,2.9531
1230798332071,-3.9782,-1.6828,4.9032,-0.1675,-1.6543,2.7662
1230798332081,-4.4520,-0.6922,5.2310,-0.5524,-1.5957,2.5512
1230798332090,-4.7679,-0.5080,5.5301,-1.0447,-1.5309,2.3191
1230798332100,-4.6937,-1.4148,5.6952,-1.5640,-1.4931,2.0747
1230798332110,-4.4233,-2.5706,5.7192,-2.0991,-1.4894,1.8646
1230798332119,-4.2893,-3.4176,5.8603,-2.5597,-1.4992,1.6899
1230798332129,-4.2869,-3.8531,5.9967,-2.9250,-1.5236,1.5335
1230798332138,-4.1409,-3.8938,5.8843,-3.2890,-1.5358,1.4052
1230798332148,-3.9136,-4.0541,5.7335,-3.6702,-1.5065,1.2794
1230798332157,-3.7581,-4.2719,5.6282,-4.0734,-1.4234,1.1120
1230798332167,-3.8634,-4.5231,5.3267,-4.4839,-1.3269,0.9458
1230798332177,-3.8347,-4.0900,7.4731,-4.8419,-1.2353,0.7931
1230798332186,-3.3824,-2.8362,5.7287,-5.8901,-1.2890,0.8701
1230798332196,-3.2819,-3.5804,5.2095,-6.5474,-1.0239,0.8860
1230798332205,-4.4831,-5.0998,6.1044,-5.7643,-0.5670,0.3362
1230798332215,-5.0837,-6.5881,6.8103,-5.1241,-0.5658,0.0051
1230798332225,-4.4664,-7.2270,7.5114,-5.0166,-0.6721,-0.0511
1230798332234,-3.4422,-7.9664,7.0902,-4.7233,-0.6635,-0.1024
1230798332244,-2.7076,-9.0743,7.0879,-4.1931,-0.5413,-0.2502
1230798332252,-2.9972,-9.6485,5.8771,-3.9146,-0.1418,-0.3174
1230798332261,-4.2773,-10.0458,3.9245,-3.6959,0.3603,-0.2746
1230798332272,-5.7417,-10.4573,2.2567,-3.1889,0.6669,-0.2783
1230798332285,-7.1057,-10.5818,1.7758,-2.5389,0.7842,-0.3528
1230798332291,-7.7996,-9.8495,1.8236,-2.0050,0.6291,-0.3663
1230798332300,-7.4742,-8.6172,2.1204,-1.5505,0.2662,-0.2771
1230798332309,-6.5051,-7.7774,2.4984,-1.0985,-0.0233,-0.2050
1230798332320,-5.4881,-7.4950,2.1826,-0.7613,-0.1052,-0.1940
1230798332329,-5.1100,-7.2892,2.0246,-0.6636,0.0549,-0.1928
1230798332340,-5.4666,-6.9518,1.9600,-0.7259,0.2919,-0.1965
1230798332349,-6.2323,-6.4278,1.5389,-0.8089,0.5228,-0.1842
1230798332359,-7.0961,-6.1670,1.5891,-0.8700,0.6352,-0.1525
1230798332369,-7.5052,-6.3297,1.8117,-0.8774,0.5594,-0.1696
1230798332379,-7.2061,-6.9351,1.8739,-0.7967,0.3823,-0.2087
1230798332388,-6.5768,-7.5213,1.5772,-0.6855,0.2516,-0.2209
1230798332397,-6.1222,-8.0047,1.2900,-0.5267,0.2723,-0.1989
1230798332407,-6.1413,-8.1602,1.0651,-0.3581,0.4116,-0.1476
1230798332417,-6.5314,-7.8587,0.9144,-0.2543,0.5814,-0.0560
1230798332427,-7.0913,-7.4472,1.0053,-0.1565,0.6669,0.0295
1230798332435,-7.4311,-7.1145,1.2111,-0.0625,0.6376,0.0711
1230798332446,-7.3928,-6.7843,1.4193,-0.0356,0.5448,0.1065
1230798332455,-7.0578,-6.4661,1.4982,-0.0612,0.4482,0.1505
1230798332465,-6.6702,-6.3536,1.3834,-0.0637,0.4018,0.1737
1230798332474,-6.4165,-6.4805,1.1489,-0.0356,0.4372,0.1664
1230798332482,-6.4524,-6.6551,1.0484,-0.0075,0.5154,0.1578
1230798332492,-6.6725,-6.7652,0.7373,0.0145,0.5814,0.1615
1230798332502,-6.9884,-6.7748,0.6344,0.0096,0.6083,0.1639
1230798332513,-7.2301,-6.6360,0.7588,-0.0356,0.5692,0.1590
1230798332521,-7.3186,-6.6671,0.8785,-0.0551,0.4935,0.1603
1230798332530,-7.3162,-6.7820,1.0268,-0.0564,0.4079,0.1713
1230798332540,-7.1774,-6.8226,1.2135,-0.0454,0.3297,0.1933
1230798332550,-7.0147,-6.7796,1.2278,-0.0368,0.2833,0.2201
1230798332559,-6.8999,-6.6408,1.0938,-0.0173,0.2650,0.2385
1230798332569,-6.9142,-6.5020,1.0220,-0.0002,0.2625,0.2470
1230798332580,-6.9860,-6.4637,0.8234,0.0181,0.2601,0.2409
1230798332590,-7.0123,-6.7556,0.6703,0.0707,0.2369,0.2104
1230798332600,-7.0458,-7.1457,0.5172,0.1171,0.1880,0.1798
1230798332609,-7.0315,-7.3921,0.6272,0.1416,0.1440,0.1749
1230798332619,-6.9501,-7.2605,0.6966,0.1416,0.1098,0.1945
1230798332629,-6.8879,-6.8107,0.6177,0.1232,0.0939,0.2201
1230798332638,-6.9118,-6.3871,0.6248,0.1073,0.0866,0.2336
1230798332647,-6.9669,-6.1837,0.5315,0.1122,0.0878,0.2250
1230798332657,-6.9740,-6.1024,0.2779,0.1098,0.0732,0.2177
1230798332666,-7.0052,-6.0210,-0.0571,0.0548,0.0475,0.2079
1230798332676,-7.0554,-6.2890,0.3640,0.0340,-0.0099,0.1908
1230798332685,-6.9621,-6.6336,0.4908,0.0389,-0.0710,0.1554
1230798332696,-6.7443,-6.8418,0.5076,0.0805,-0.1113,0.1420
1230798332704,-6.5290,-6.8824,0.5866,0.0841,-0.1345,0.1517
1230798332714,-6.3902,-6.5929,0.6512,0.0536,-0.1186,0.1517
1230798332724,-6.3926,-6.3321,0.7397,0.0353,-0.0771,0.1615
1230798332734,-6.4476,-6.1072,0.3664,-0.0002,-0.0233,0.1615
1230798332743,-6.5721,-5.9732,0.2659,-0.0527,0.0194,0.1542
1230798332753,-6.6534,-6.0785,0.4119,-0.0722,0.0182,0.1395
1230798332762,-6.5744,-6.5499,0.3832,-0.0221,-0.0111,0.1126
1230798332773,-6.4285,-6.9231,0.3425,0.0133,-0.0380,0.0748
1230798332780,-6.3136,-6.9375,0.4238,-0.0087,-0.0209,0.0735
1230798332790,-6.3543,-6.6647,0.4550,-0.0490,0.0353,0.0967
1230798332799,-6.5242,-6.2507,0.4502,-0.0967,0.1013,0.1065
1230798332810,-6.7132,-6.0521,0.3760,-0.1223,0.1550,0.1053
1230798332819,-6.8592,-6.0833,0.4143,-0.1431,0.1685,0.0931
1230798332828,-6.8472,-6.2316,0.4095,-0.1736,0.1489,0.0711
1230798332840,-6.7778,-6.4613,0.3233,-0.1859,0.1257,0.0442
1230798332848,-6.7180,-6.6432,0.2779,-0.1773,0.1245,0.0210
1230798332858,-6.7539,-6.7652,0.2492,-0.1944,0.1501,0.0186
1230798332869,-6.9118,-6.7915,0.4143,-0.2262,0.1734,0.0149
1230798332877,-7.0698,-6.7724,0.3138,-0.2457,0.1807,0.0063
1230798332888,-7.1774,-6.7963,0.4430,-0.2567,0.1746,0.0051
1230798332897,-7.2229,-6.9853,0.3688,-0.2298,0.1404,-0.0071
1230798332907,-7.1966,-7.2079,0.3664,-0.1749,0.1037,-0.0217
1230798332916,-7.1439,-7.3395,0.5243,-0.1407,0.0634,-0.0279
1230798332926,-7.0410,-7.3706,0.5435,-0.0735,0.0329,-0.0169
1230798332936,-6.9142,-7.2629,0.4047,-0.0136,0.0255,-0.0034
1230798332945,-6.8736,-7.0978,0.2803,0.0279,0.0341,-0.0047
1230798332955,-6.9023,-6.7580,0.1295,0.0377,0.0488,-0.0047
1230798332964,-6.9645,-6.4517,0.0984,0.0194,0.0488,0.0003
1230798332974,-7.0171,-6.2460,0.1463,-0.0051,0.0304,-0.0156
1230798332984,-6.9932,-6.3010,0.2420,-0.0270,-0.0026,-0.0388
1230798332993,-6.8353,-6.6216,0.3999,-0.0331,-0.0490,-0.0743
1230798333002,-6.6606,-6.9207,0.4478,0.0035,-0.0856,-0.1122
1230798333013,-6.4763,-7.1122,0.3353,0.0438,-0.0783,-0.1219
1230798333022,-6.3974,-7.0428,0.2611,0.0878,-0.0368,-0.1195
1230798333032,-6.4763,-6.7197,0.3162,0.0817,0.0109,-0.1146
1230798333041,-6.5649,-6.3225,0.3186,0.0621,0.0463,-0.1158
1230798333049,-6.5697,-6.1407,0.0482,0.0340,0.0707,-0.1195
1230798333059,-6.5146,-6.0426,-0.1959,-0.0185,0.0793,-0.1378
1230798333068,-6.5673,-5.9325,-0.1074,-0.1260,0.0939,-0.1525
1230798333078,-6.6510,-6.0569,0.0745,-0.1871,0.0964,-0.1769
1230798333087,-6.7324,-6.5187,0.1965,-0.1565,0.0866,-0.2038
1230798333097,-6.6965,-6.9183,0.1199,-0.1101,0.0829,-0.2111
1230798333109,-6.5984,-7.0667,0.2133,-0.0906,0.0854,-0.2001
1230798333118,-6.5409,-6.8202,0.2396,-0.1174,0.0976,-0.1891
1230798333128,-6.5864,-6.3249,0.0482,-0.1541,0.1501,-0.1671
1230798333137,-6.7922,-6.0043,0.0912,-0.1859,0.1978,-0.1525
1230798333147,-6.9764,-5.9110,-0.1624,-0.2286,0.1990,-0.1537
1230798333157,-7.0506,-6.2172,-0.1265,-0.2787,0.1783,-0.1745
1230798333166,-7.1152,-6.5762,0.1080,-0.3410,0.1123,-0.1989
1230798333176,-7.1104,-7.0093,0.2372,-0.3435,0.0622,-0.1879
1230798333186,-7.0219,-7.4854,0.3808,-0.2714,0.0267,-0.1598
1230798333195,-6.8520,-7.6147,0.4837,-0.2091,0.0133,-0.1439
1230798333204,-6.7252,-7.4065,0.4813,-0.1724,0.0194,-0.1036
1230798333214,-6.6702,-7.0691,0.3521,-0.1077,0.0536,-0.0731
1230798333222,-6.7372,-6.7915,0.1511,-0.0356,0.0854,-0.0633
1230798333234,-6.8209,-6.4733,-0.2198,-0.0380,0.1013,-0.0682
1230798333243,-6.8879,-6.2962,-0.5381,-0.0771,0.1037,-0.0767
1230798333253,-6.9621,-6.2914,-0.2031,-0.1333,0.0610,-0.0999
1230798333262,-6.9525,-6.3584,-0.0547,-0.1981,-0.0013,-0.1341
1230798333272,-6.8807,-6.7580,0.2827,-0.1969,-0.0551,-0.1464
1230798333283,-6.7180,-7.1050,0.5842,-0.1749,-0.1137,-0.1525
1230798333289,-6.4644,-7.4137,0.5172,-0.1101,-0.1272,-0.1415
1230798333301,-6.3782,-7.5477,0.4980,-0.0441,-0.1064,-0.1280
1230798333309,-6.2969,-7.5381,0.1917,0.0340,-0.0624,-0.1219
1230798333318,-6.2969,-7.3323,-0.1122,0.1134,0.0011,-0.1183
1230798333328,-6.3950,-7.0643,-0.2485,0.1416,0.0365,-0.1268
1230798333337,-6.4357,-5.9325,-1.1052,0.0511,0.0414,-0.1635
1230798333347,-6.7754,-5.1165,-0.5452,-0.0869,0.0610,-0.1610
1230798333360,-7.0530,-5.6454,0.0745,-0.1125,-0.0319,-0.1732
1230798333368,-6.9358,-6.8801,-0.2725,-0.0405,-0.1174,-0.2417
1230798333378,-6.6725,-8.0095,-0.2366,-0.0674,-0.1895,-0.2331
1230798333388,-6.3495,-8.2559,-0.4711,-0.1553,-0.2127,-0.1598
1230798333397,-6.3591,-7.7271,-0.5357,-0.1785,-0.1455,-0.0828
1230798333407,-6.5721,-7.1313,-0.3586,-0.1321,-0.0905,-0.0266
1230798333416,-6.7013,-6.5690,-0.4854,-0.0735,-0.0697,0.0015
1230798333426,-6.7395,-6.1718,-0.3873,-0.0661,-0.0795,0.0137
1230798333435,-6.6654,-6.0282,0.0697,-0.1162,-0.1137,0.0039
1230798333443,-6.4979,-6.2914,0.4262,-0.1407,-0.1528,-0.0120
1230798333455,-6.2514,-6.8920,0.6201,-0.1358,-0.1712,-0.0230
1230798333465,-5.9930,-7.6410,0.9000,-0.0625,-0.1712,-0.0413
1230798333472,-5.7920,-8.1554,0.9790,0.0267,-0.1284,-0.0388
1230798333482,-5.5742,-8.2416,0.3999,0.2051,-0.0135,-0.0095
1230798333491,-5.5001,-7.5835,-0.7247,0.3358,0.1721,0.0344
1230798333501,-5.9236,-6.6958,-0.6314,0.3639,0.2931,0.0760
1230798333512,-6.3782,-5.9373,-0.4711,0.3114,0.3187,0.0601
1230798333522,-6.5768,-5.9157,-0.4519,0.3480,0.2674,0.0100
1230798333532,-6.4189,-6.3393,-0.5740,0.3786,0.1697,-0.0657
1230798333541,-6.1437,-6.8848,-0.2270,0.3285,0.0915,-0.1305
1230798333551,-5.7059,-7.3945,0.1989,0.3272,0.0768,-0.1683
1230798333560,-5.3900,-7.7032,0.8402,0.3944,0.1257,-0.2025
1230798333568,-5.1914,-7.6434,1.1656,0.4470,0.2528,-0.2355
1230798333577,-5.0885,-7.5261,1.2159,0.6437,0.4495,-0.2612
1230798333587,-5.1077,-7.3466,1.0053,0.8660,0.6352,-0.2942
1230798333597,-5.2943,-7.4256,1.2159,1.1055,0.7781,-0.3394
1230798333606,-5.3421,-8.0262,1.9218,1.4231,0.8600,-0.3821
1230798333616,-4.9330,-8.6531,2.8932,1.7872,0.8612,-0.4469
1230798333628,-4.2319,-9.3040,3.0153,2.1195,0.8209,-0.4762
1230798333637,-3.5356,-9.8089,3.8910,2.5410,0.8917,-0.5605
1230798333647,-2.8297,-9.5480,4.2332,3.0358,1.0738,-0.6741
1230798333656,-2.7388,-9.0216,3.9102,3.4720,1.2729,-0.7035
1230798333666,-3.0379,-8.1554,3.8982,3.7725,1.3670,-0.7120
1230798333676,-3.7198,-7.0643,3.9820,3.8776,1.1935,-0.6974
1230798333685,-4.0859,-6.7317,4.3792,3.6565,0.7329,-0.4738
1230798333695,-3.2508,-7.0787,3.9915,2.7487,0.4666,-0.2881
1230798333705,-2.0855,-5.6143,4.3122,1.5307,0.9907,-0.7646
1230798333714,-1.7027,-4.8198,4.6568,0.3004,2.0060,-1.3644
1230798333724,-1.8032,-6.7245,4.4270,-0.7662,2.6742,-1.4878
1230798333732,-2.0688,-9.4380,3.8193,-1.5408,2.9528,-1.3864
1230798333743,-2.3248,-12.0486,3.2426,-1.7558,3.0212,-1.2874
1230798333753,-2.5521,-13.7211,2.5247,-1.4198,3.0310,-1.1909
1230798333762,-2.7555,-14.5251,1.3834,-0.7637,3.0016,-1.0394
1230798333770,-2.7938,-14.3409,0.2013,-0.0221,2.9772,-0.8794
1230798333780,-2.9230,-13.4077,-0.9257,0.7512,2.9479,-0.7951
1230798333791,-3.2317,-12.3070,-1.3373,1.5233,2.8978,-0.7829
1230798333800,-3.7102,-11.8858,-1.4809,2.2747,2.7708,-0.8036
1230798333809,-4.2343,-11.4456,-2.1437,2.8611,2.6034,-0.8647
1230798333820,-4.6291,-11.0292,-3.1127,3.1751,2.4946,-0.9063
1230798333828,-4.9497,-10.4980,-3.9574,3.1885,2.4360,-0.9393
1230798333837,-5.3589,-9.6246,-4.6753,2.9552,2.3566,-0.9832
1230798333847,-5.8111,-8.7345,-5.1155,2.5923,2.2063,-0.9967
1230798333856,-6.3567,-8.1147,-4.9863,2.2490,1.9901,-0.9906
1230798333866,-6.5577,-7.5285,-5.2495,1.9595,1.7164,-1.0345
1230798333875,-6.4883,-6.4828,-6.0248,1.6748,1.4476,-1.1482
1230798333887,-6.3615,-5.9325,-5.8119,1.5966,1.2448,-1.2337
1230798333897,-6.2179,-6.1933,-5.0892,1.6687,1.0567,-1.2569
1230798333906,-6.1461,-6.9949,-4.2733,1.7567,0.8783,-1.2471
1230798333916,-6.0385,-7.7391,-3.4597,1.7603,0.7390,-1.2056
1230798333924,-5.8542,-7.8946,-2.9333,1.7628,0.6120,-1.1750
1230798333933,-5.6317,-7.6553,-2.5098,1.8275,0.4983,-1.1421
1230798333945,-5.5144,-7.5620,-1.7776,1.9521,0.4116,-1.1115
1230798333955,-5.4761,-7.3251,-1.3014,1.9656,0.3395,-1.1079
1230798333964,-5.4307,-6.8490,-1.2368,1.7994,0.2711,-1.1237
1230798333974,-5.2895,-6.3082,-1.1482,1.5429,0.1880,-1.1408
1230798333983,-5.0000,-5.9086,-1.0071,1.2387,0.0695,-1.1433
1230798333993,-4.5214,-5.9780,-0.6673,0.9564,-0.0624,-1.1421
1230798334002,-3.9591,-6.5738,-0.2820,0.7487,-0.1882,-1.1787
1230798334012,-3.3872,-7.5118,0.2300,0.6168,-0.2787,-1.2545
1230798334022,-2.8345,-8.3875,0.9838,0.5288,-0.3129,-1.3143
1230798334031,-2.2626,-8.9714,1.5293,0.5398,-0.3092,-1.3302
1230798334041,-1.7840,-9.2825,1.9146,0.7133,-0.2567,-1.3388
1230798334050,-1.6404,-8.3756,1.9337,0.9442,-0.1956,-1.3754
1230798334060,-1.8367,-6.6288,2.6228,0.9662,-0.2139,-1.4304
1230798334070,-1.9013,-5.0448,3.4436,0.5471,-0.3190,-1.4670
1230798334080,-1.6548,-3.9584,3.4747,-0.2836,-0.4094,-1.4267
1230798334087,-1.1212,-4.0781,3.1373,-1.0997,-0.3801,-1.3791
1230798334096,-0.6115,-5.6525,2.7592,-1.5029,-0.2041,-1.4218
1230798334106,-0.4536,-7.3347,2.3357,-1.5188,0.0011,-1.5795
1230798334116,-0.6833,-7.9377,1.5676,-1.3783,0.1367,-1.7847
1230798334125,-1.0375,-7.6817,1.0747,-1.2158,0.1563,-1.9032
1230798334136,-1.3126,-7.1696,1.0388,-1.0508,0.0915,-1.9191
1230798334147,-1.3653,-6.7150,1.0723,-0.9067,0.0035,-1.9215
1230798334156,-1.2265,-6.3201,1.1297,-0.8334,-0.0441,-1.9838
1230798334166,-0.9681,-5.9732,1.0555,-0.9225,-0.0502,-2.0742
1230798334176,-0.7336,-5.5760,0.4406,-1.2121,-0.0282,-2.1488
1230798334183,-0.4991,-5.5760,-0.3945,-1.5713,0.0157,-2.1769
1230798334241,-0.3746,-6.5283,-0.8085,-1.8108,0.0768,-2.1756
1230798334242,-0.3579,-7.8707,-0.6697,-1.9329,0.1220,-2.1793
1230798334243,-0.3244,-9.1030,-0.4567,-1.9794,0.1184,-2.1756
1230798334243,-0.2191,-10.0434,-0.2055,-1.8938,0.0805,-2.1427
1230798334244,-0.0085,-10.4071,0.1343,-1.7106,0.0255,-2.0840
1230798334245,0.2164,-10.1247,0.2276,-1.4369,-0.0331,-2.0242
1230798334255,0.4509,-9.6653,0.0338,-1.0875,-0.0441,-1.9655
1230798334261,0.6112,-9.3303,0.2181,-0.7992,0.0060,-1.9203
1230798334270,0.8313,-9.3710,0.1008,-0.6599,0.0573,-1.9020
1230798334279,1.2429,-10.3425,-0.3730,-0.5634,0.1001,-1.8604
1230798334289,1.7574,-11.8428,-0.4041,-0.6379,0.1550,-1.7713
1230798334299,2.1594,-12.4673,-0.2677,-0.9617,0.1843,-1.6332
1230798334309,2.4800,-12.4194,-0.1648,-1.2243,0.2198,-1.4194
1230798334319,2.6595,-12.3764,-0.0308,-1.2988,0.3065,-1.1775
1230798334329,2.7241,-12.0533,0.0577,-1.3978,0.4495,-0.9857
1230798334338,2.6977,-11.4575,0.1606,-1.6788,0.6083,-0.8061
1230798334346,2.5972,-10.8641,0.4430,-2.0514,0.7537,-0.6204
1230798334356,2.4848,-10.4717,0.7804,-2.3911,0.8563,-0.4750
1230798334365,2.4848,-10.1774,1.0149,-2.6403,0.9296,-0.4017
1230798334375,2.5614,-9.9022,0.6847,-2.7661,1.0237,-0.3504
1230798334384,2.6403,-9.4332,-0.3299,-2.7735,1.1947,-0.2807
1230798334394,2.6092,-9.7443,-1.4091,-2.6317,1.4012,-0.1757
1230798334404,2.5039,-10.9933,-2.2705,-2.4607,1.5796,-0.1024
1230798334415,2.3293,-12.3189,-2.6557,-2.4742,1.6785,-0.0572
1230798334423,2.1546,-13.0488,-2.5026,-2.6379,1.6382,0.0235
1230798334434,1.9919,-12.8741,-2.0599,-2.7600,1.4769,0.1713
1230798334442,1.9990,-12.4721,-2.1508,-2.6293,1.2754,0.3399
1230798334454,2.1354,-12.3309,-2.7060,-2.1992,1.1495,0.4706
1230798334464,2.1115,-12.3716,-3.4095,-1.6947,1.1483,0.5634
1230798334473,1.9225,-12.4984,-4.2158,-1.2341,1.1801,0.6722
1230798334483,1.4822,-12.4242,-5.3692,-0.7784,1.1813,0.8102
1230798334492,0.8696,-11.9863,-6.4962,-0.3483,1.0957,0.9287
1230798334501,0.1542,-11.2350,-6.8479,-0.0466,0.9113,0.9788
1230798334512,-0.3794,-10.0936,-6.0272,-0.0625,0.5997,0.9654
1230798334521,-0.5445,-8.5718,-5.3309,-0.4339,0.1721,0.9177
1230798334531,-0.2167,-7.4711,-4.8547,-0.8993,-0.2066,0.8811
1230798334540,0.4341,-7.2725,-4.8595,-1.1645,-0.4644,0.7931
1230798334550,1.0682,-7.8970,-5.0198,-1.2304,-0.5462,0.6575
1230798334559,1.3984,-8.9474,-5.3644,-1.1803,-0.5145,0.5549
1230798334569,1.3721,-10.1367,-5.8071,-0.9995,-0.4656,0.5353
1230798334579,1.0826,-10.9502,-6.1445,-0.7088,-0.4644,0.5634
1230798334589,0.6949,-11.3116,-5.9674,-0.3532,-0.5633,0.6038
1230798334598,0.3839,-10.8258,-5.4840,-0.0906,-0.7942,0.6490
1230798334606,0.3624,-9.6964,-5.4362,0.0682,-1.0972,0.6905
1230798334615,0.5298,-8.6220,-5.8166,0.2051,-1.3428,0.7015
1230798334625,0.6495,-7.8850,-6.2282,0.2918,-1.4613,0.6661
1230798334635,0.6615,-7.4783,-5.9602,0.2149,-1.5187,0.6062
1230798334644,0.5801,-7.1193,-4.6394,-0.1468,-1.6018,0.5708
1230798334657,0.7476,-6.7867,-2.9620,-0.7185,-1.7521,0.5830
1230798334665,1.4511,-7.3179,-2.0695,-1.1791,-1.8730,0.6160
1230798334675,2.1259,-8.5694,-2.7945,-1.1718,-1.7521,0.6135
1230798334685,2.1330,-9.5839,-3.0099,-0.8370,-1.2817,0.6257
1230798334694,1.4918,-9.5361,-2.6366,-0.4180,-0.7955,0.6551
1230798334704,0.6279,-8.6962,-2.2322,-0.1455,-0.4949,0.7443
1230798334713,0.0034,-7.7941,-1.6053,-0.1602,-0.4998,0.8432
1230798334723,0.0321,-7.2486,-0.7845,-0.3838,-0.6965,0.8799
1230798334733,0.7619,-7.4089,-0.4280,-0.6208,-0.8565,0.8493
1230798334742,1.8052,-8.1315,-1.0573,-0.6831,-0.7686,0.7992
1230798334752,2.3532,-8.7943,-2.0982,-0.5829,-0.3605,0.7944
1230798334762,2.0612,-8.6771,-3.1439,-0.4253,0.1856,0.8322
1230798334771,1.1424,-8.1100,-4.5341,-0.2946,0.6376,0.9019
1230798334780,0.1661,-7.8228,-5.8119,-0.2702,0.8490,0.9581
1230798334790,-0.6259,-7.9042,-6.1660,-0.4204,0.7561,0.9471
1230798334798,-0.9633,-8.1985,-5.8190,-0.6697,0.3762,0.8872
1230798334809,-0.5900,-8.7560,-5.6946,-0.7906,-0.0917,0.8176
1230798334818,0.2427,-9.3782,-5.7855,-0.7527,-0.3947,0.7553
1230798334828,0.9534,-9.6821,-5.3931,-0.6684,-0.4558,0.7235
1230798334837,1.2955,-9.5002,-4.9050,-0.5744,-0.3740,0.7039
1230798334847,1.2166,-9.2513,-4.8332,-0.4290,-0.2359,0.7039
1230798334857,0.8242,-8.9905,-4.9552,-0.2763,-0.0759,0.6880
1230798334865,0.2619,-8.4162,-4.9839,-0.2311,0.0463,0.6331
1230798334875,-0.2741,-7.9592,-4.8093,-0.2396,0.0365,0.5561
1230798334885,-0.5039,-7.7606,-4.7782,-0.2482,-0.0881,0.4425
1230798334894,-0.3794,-7.7678,-5.0773,-0.2995,-0.2298,0.3044
1230798334904,-0.0732,-7.8826,-5.5510,-0.3948,-0.3190,0.1957
1230798334915,0.0393,-8.1004,-5.7616,-0.4754,-0.3288,0.1200
1230798334925,-0.1760,-8.2918,-5.3979,-0.5035,-0.3006,0.0601
1230798334935,-0.4608,-8.2631,-5.3859,-0.4925,-0.2860,0.0027
1230798334944,-0.7025,-8.4617,-5.4505,-0.3997,-0.2884,-0.0450
1230798334954,-0.9298,-8.6220,-5.0797,-0.2787,-0.3141,-0.1036
1230798334963,-1.0925,-8.5120,-4.8571,-0.1712,-0.3544,-0.1574
1230798334973,-1.1308,-8.4019,-4.8834,-0.0331,-0.3837,-0.1867
1230798334983,-1.2026,-8.1961,-4.7758,0.0573,-0.3727,-0.2062
1230798334992,-1.3174,-7.9664,-4.5652,0.0682,-0.3410,-0.2282
1230798335002,-1.4562,-7.8468,-4.3211,0.0915,-0.2994,-0.2551
1230798335011,-1.6237,-7.7774,-4.1656,0.1037,-0.2383,-0.2661
1230798335021,-1.7768,-7.7845,-4.0435,0.1232,-0.1553,-0.2502
1230798335031,-1.8797,-7.8922,-3.8928,0.1623,-0.0661,-0.2233
1230798335040,-1.9754,-7.9616,-3.7468,0.2149,0.0170,-0.2001
1230798335049,-2.0233,-7.9999,-3.5123,0.2772,0.0891,-0.1696
1230798335059,-1.9371,-8.0143,-3.5578,0.3553,0.1563,-0.1390
1230798335069,-1.8438,-7.9520,-3.8761,0.4238,0.2564,-0.1085
1230798335079,-1.8845,-7.8109,-4.2230,0.4751,0.3835,-0.0816
1230798335089,-2.0496,-7.7702,-4.7829,0.5056,0.5069,-0.0633
1230798335098,-2.2171,-7.8970,-5.4194,0.5203,0.6217,-0.0474
1230798335108,-2.4660,-7.9688,-5.8190,0.4714,0.6816,-0.0303
1230798335117,-2.7172,-7.8085,-6.0248,0.3883,0.6413,-0.0144
1230798335125,-2.8392,-7.6745,-6.3478,0.2772,0.5240,0.0088
1230798335135,-2.7435,-7.6434,-6.4771,0.0902,0.3884,0.0308
1230798335144,-2.4875,-7.5189,-6.5058,-0.2066,0.2576,0.0454
1230798335156,-2.1812,-7.3921,-6.5273,-0.5438,0.1514,0.0735
1230798335163,-1.9204,-7.4304,-6.5393,-0.8028,0.0878,0.1053
1230798335173,-1.7960,-7.7343,-6.5417,-0.9238,0.0854,0.1126
1230798335182,-1.7864,-8.0023,-6.4675,-0.9617,0.1135,0.1077
1230798335192,-1.8702,-8.0597,-6.4053,-0.9653,0.1367,0.1138
1230798335204,-1.8989,-8.0143,-6.4340,-0.9201,0.1257,0.1297
1230798335213,-1.8438,-7.9903,-6.4771,-0.8102,0.0854,0.1261
1230798335222,-1.7146,-7.8898,-6.4531,-0.6831,0.0267,0.0955
1230798335233,-1.4945,-7.7941,-6.3622,-0.5780,-0.0355,0.0613
1230798335242,-1.3126,-7.6697,-6.2976,-0.4962,-0.0771,0.0332
1230798335252,-1.1619,-7.4830,-6.1325,-0.4522,-0.0844,-0.0022
1230798335261,-1.0829,-7.1505,-5.9076,-0.4754,-0.0734,-0.0413
1230798335270,-1.0422,-6.8490,-5.9195,-0.5377,-0.0575,-0.0840
1230798335283,-0.9896,-6.6432,-6.1612,-0.6464,-0.0111,-0.1244
1230798335288,-0.9729,-6.5403,-6.3574,-0.8187,0.0536,-0.1622
1230798335300,-1.0638,-6.3991,-6.3359,-1.0508,0.0927,-0.2123
1230798335307,-1.1380,-6.2794,-6.2354,-1.2573,0.0829,-0.2734
1230798335318,-1.1140,-6.1263,-6.4029,-1.3917,0.0512,-0.3479
1230798335327,-1.0040,-6.0450,-6.7187,-1.4442,0.0402,-0.4225
1230798335338,-0.8939,-6.1766,-6.8551,-1.4308,0.0390,-0.4946
1230798335347,-0.7934,-6.4613,-6.6111,-1.3990,0.0097,-0.5630
1230798335357,-0.5756,-6.6647,-6.6613,-1.3660,-0.0514,-0.6216
1230798335366,-0.2765,-6.9471,-7.4222,-1.2292,-0.1101,-0.6619
1230798335377,-0.0349,-7.5046,-8.0061,-1.0252,-0.1076,-0.6546
1230798335386,-0.0038,-7.8037,-7.8864,-0.8810,-0.1345,-0.6375
1230798335394,-0.0349,-7.6673,-7.7883,-0.7527,-0.2457,-0.6314
1230798335403,0.0130,-7.4807,-7.9367,-0.5634,-0.3593,-0.6192
1230798335413,0.0561,-7.3706,-7.7835,-0.3948,-0.4082,-0.5776
1230798335424,0.0537,-6.9399,-7.3792,-0.3300,-0.4289,-0.5324
1230798335432,0.0848,-6.4685,-7.0298,-0.3251,-0.4595,-0.4762
1230798335444,0.1255,-6.1790,-6.7738,-0.3239,-0.4656,-0.4310
1230798335453,0.1279,-5.9110,-6.6924,-0.3911,-0.4216,-0.3883
1230798335463,0.1111,-5.6095,-6.9891,-0.5414,-0.3312,-0.3284
1230798335472,0.0226,-5.4946,-7.2930,-0.7185,-0.2383,-0.2673
1230798335482,-0.1402,-5.4420,-7.4844,-0.9042,-0.1834,-0.2355
1230798335491,-0.2789,-5.4061,-7.6926,-1.0362,-0.1772,-0.2245
1230798335501,-0.3292,-5.5520,-8.0156,-1.0264,-0.1992,-0.2123
1230798335511,-0.3148,-5.8846,-8.5325,-0.8810,-0.2163,-0.1977
1230798335520,-0.3794,-6.2148,-8.9297,-0.7051,-0.2237,-0.1622
1230798335530,-0.4584,-6.4039,-9.1307,-0.5573,-0.2628,-0.0999
1230798335539,-0.4680,-6.6145,-9.1953,-0.4449,-0.3740,-0.0291
1230798335549,-0.3435,-6.8154,-8.8675,-0.3569,-0.5193,0.0161
1230798335559,-0.2335,-6.9183,-8.2741,-0.2738,-0.6501,0.0491
1230798335568,-0.0708,-7.1074,-7.7979,-0.1688,-0.7160,0.1126
1230798335578,-0.0755,-7.4950,-7.8457,-0.0099,-0.6745,0.2226
1230798335587,-0.4105,-8.0310,-7.9151,0.1709,-0.5780,0.3765
1230798335597,-0.9968,-8.5502,-8.1449,0.3163,-0.5193,0.5451
1230798335607,-1.4897,-8.8924,-8.4416,0.3773,-0.5303,0.7149
1230798335616,-1.8582,-9.0336,-8.4392,0.3712,-0.5975,0.8872
1230798335625,-2.0448,-8.8182,-8.3028,0.4311,-0.7221,1.0155
1230798335636,-2.0329,-8.5670,-8.4152,0.5459,-0.8419,1.0998
1230798335645,-2.0807,-8.6077,-8.4942,0.6644,-0.8834,1.2085
1230798335655,-2.2267,-8.6651,-8.5301,0.7353,-0.8663,1.3563
1230798335663,-2.4947,-8.5072,-8.3746,0.7598,-0.8578,1.4883
1230798335672,-2.6981,-8.1243,-8.1664,0.7622,-0.9030,1.5726
1230798335682,-2.6646,-7.7080,-8.1233,0.7243,-0.9836,1.6251
1230798335691,-2.3583,-7.7654,-8.2214,0.7084,-1.0520,1.6593
1230798335701,-2.0424,-8.1124,-8.3171,0.7267,-1.0764,1.6899
1230798335711,-1.9156,-8.3373,-8.1664,0.7683,-1.0447,1.7363
1230798335722,-1.9587,-8.2799,-8.0180,0.8709,-1.0092,1.7888
1230798335732,-1.9874,-7.9377,-8.1042,0.9760,-0.9922,1.8316
1230798335742,-2.0592,-7.5046,-7.9941,1.0481,-0.9787,1.8560
1230798335751,-2.1358,-7.1145,-7.6854,1.0578,-0.9909,1.8609
1230798335761,-2.1166,-6.9040,-7.6639,1.0481,-1.0239,1.8512
1230798335770,-2.1047,-6.9399,-7.8194,1.0542,-1.0141,1.8267
1230798335780,-2.1525,-6.9207,-7.8170,1.0578,-0.9775,1.7864
1230798335789,-2.3224,-6.7126,-7.6304,1.0236,-0.9531,1.7497
1230798335797,-2.5521,-6.2029,-7.4342,0.9796,-0.9469,1.6850
1230798335808,-2.7196,-5.8894,-7.3337,0.9650,-0.9457,1.5983
1230798335818,-2.9039,-5.7387,-7.2069,0.9650,-0.9286,1.4858
1230798335827,-3.0714,-5.6789,-7.0035,0.9076,-0.9189,1.3710
1230798335836,-3.2101,-5.6310,-6.6900,0.8086,-0.9384,1.2659
1230798335847,-3.3394,-5.5161,-6.2713,0.7182,-0.9836,1.1560
1230798335856,-3.4638,-5.4420,-5.9506,0.6596,-1.0202,1.0277
1230798335866,-3.5571,-5.3750,-5.7281,0.6217,-1.0337,0.9080
1230798335875,-3.6935,-5.2960,-5.5056,0.5814,-1.0264,0.8102
1230798335886,-3.8825,-5.2075,-5.2567,0.5386,-1.0276,0.7345
1230798335895,-4.0524,-5.0376,-5.0653,0.4934,-1.0630,0.6722
1230798335905,-4.1362,-4.8390,-4.9552,0.4494,-1.1155,0.6245
1230798335915,-4.1075,-4.7600,-4.7327,0.4274,-1.1864,0.5915
1230798335922,-4.0165,-4.8414,-4.1369,0.3969,-1.2793,0.5683
1230798335932,-3.7820,-4.8605,-3.4406,0.3456,-1.3990,0.5647
1230798335941,-3.3561,-4.8222,-2.8854,0.3199,-1.5102,0.5806
1230798335951,-2.9134,-4.7959,-2.3997,0.3615,-1.5578,0.6135
1230798335961,-2.5784,-4.6212,-1.8661,0.4299,-1.5334,0.6465
1230798335970,-2.4325,-4.2192,-1.4832,0.5020,-1.4564,0.6795
1230798335982,-2.5808,-3.8771,-1.1889,0.5753,-1.3257,0.7113
1230798335991,-3.0307,-3.6043,-1.0238,0.6364,-1.1473,0.7223
1230798336001,-3.8155,-3.4248,-0.8324,0.6767,-0.9335,0.6880
1230798336011,-4.8612,-3.2501,-0.4950,0.6999,-0.7173,0.6196
1230798336020,-6.1246,-3.0204,-0.1026,0.7048,-0.5389,0.5170
1230798336030,-7.5124,-2.9128,0.3568,0.6815,-0.4082,0.3802
1230798336039,-8.9266,-3.0874,0.6464,0.6498,-0.3312,0.2006
1230798336049,-10.0584,-3.4200,0.5818,0.5777,-0.2811,0.0003
1230798336059,-10.8121,-4.0948,0.4334,0.4983,-0.2701,-0.1879
1230798336068,-11.1184,-5.0639,0.2252,0.4592,-0.3263,-0.3589
1230798336078,-10.8935,-5.9851,-0.2677,0.4616,-0.3996,-0.5214
1230798336087,-10.3838,-6.7652,-0.6697,0.5325,-0.4961,-0.6778
1230798336096,-9.6827,-7.2438,-0.8731,0.5716,-0.6293,-0.8000
1230798336107,-8.7041,-7.3490,-1.2392,0.5227,-0.8040,-0.8782
1230798336116,-7.5938,-7.3132,-1.8996,0.3810,-0.9555,-0.9417
1230798336126,-6.5625,-7.5764,-2.7586,0.2173,-1.0227,-0.9918
1230798336136,-5.8135,-8.6053,-3.1774,0.1330,-1.0056,-1.0162
1230798336145,-5.4187,-10.0649,-2.8543,0.1024,-0.9665,-1.0126
1230798336155,-5.2512,-11.2685,-2.3207,0.0597,-0.9824,-0.9759
1230798336165,-5.0359,-12.0462,-2.0216,0.0890,-1.0251,-0.8562
1230798336174,-4.7104,-12.3931,-2.0288,0.3077,-1.0435,-0.6729
1230798336182,-4.3156,-12.2567,-2.2298,0.7439,-1.0032,-0.4860
1230798336191,-4.0381,-11.7806,-2.5265,1.2790,-0.8956,-0.3064
1230798336201,-3.9663,-10.7038,-2.9189,1.7237,-0.7271,-0.1769
1230798336211,-4.2438,-9.2968,-3.0218,1.9778,-0.5621,-0.0670
1230798336220,-4.7894,-7.6242,-2.7275,1.9851,-0.4448,0.0125
1230798336230,-5.2943,-5.9875,-2.3064,1.7909,-0.3996,0.0613
1230798336242,-5.5958,-4.8533,-1.9809,1.4867,-0.4228,0.0723
1230798336251,-5.7465,-4.4011,-1.6172,1.0933,-0.4802,0.0320
1230798336261,-5.8111,-4.6380,-1.1243,0.6852,-0.5010,-0.0303
1230798336270,-5.7752,-5.4276,-0.7510,0.3627,-0.4460,-0.0731
1230798336279,-5.7226,-6.2986,-0.7032,0.2026,-0.3434,-0.1024
1230798336289,-5.7537,-6.8394,-0.6146,0.1941,-0.2176,-0.1244
1230798336298,-5.9260,-6.9614,-0.3945,0.3077,-0.1125,-0.1268
1230798336309,-6.1222,-6.7700,-0.0930,0.4897,-0.0624,-0.1048
1230798336317,-6.1988,-6.2484,0.0625,0.6815,-0.0636,-0.0902
1230798336327,-6.1007,-5.6741,0.0051,0.8709,-0.0575,-0.0938
1230798336337,-5.8805,-5.3439,0.0027,1.0407,-0.0209,-0.1170
1230798336347,-5.6149,-5.2529,0.0362,1.1372,0.0451,-0.1659
1230798336356,-5.3302,-5.3319,-0.1552,1.1397,0.1184,-0.2148
1230798336366,-5.0885,-5.7004,-0.3155,1.0921,0.2198,-0.2380
1230798336375,-5.0095,-6.1479,-0.1432,0.9833,0.3432,-0.2526
1230798336385,-5.0359,-6.6001,0.0817,0.8453,0.4434,-0.2624
1230798336395,-5.1172,-6.8537,0.3640,0.6803,0.5411,-0.2514
1230798336405,-5.0837,-6.9686,0.2994,0.5545,0.6291,-0.2123
1230798336415,-4.9952,-7.1600,-0.0571,0.5081,0.7036,-0.1476
1230798336424,-4.8253,-7.3682,-0.5835,0.5178,0.7903,-0.1036
1230798336434,-4.7966,-7.5716,-1.1243,0.5643,0.8832,-0.0718
1230798336441,-4.9641,-7.7247,-1.4713,0.5887,0.9406,-0.0193
1230798336451,-5.3350,-7.6793,-1.6723,0.5789,0.9492,0.0528
1230798336461,-5.7441,-7.4615,-1.6699,0.5826,0.9052,0.1285
1230798336470,-6.1749,-7.2390,-1.4785,0.6351,0.8111,0.1713
1230798336480,-6.4380,-7.0069,-1.1554,0.7072,0.6657,0.1664
1230798336490,-6.5338,-6.8035,-0.8204,0.7671,0.4947,0.1383
1230798336502,-6.5577,-6.6647,-0.5716,0.8184,0.3346,0.1126
1230798336510,-6.6606,-6.5307,-0.3466,0.8611,0.2406,0.0919
1230798336520,-6.9740,-6.4087,-0.1122,0.9320,0.2210,0.0674
1230798336530,-7.4981,-6.2938,0.2324,1.0200,0.2430,0.0271
1230798336539,-8.1657,-6.2053,0.6655,1.1324,0.2613,-0.0291
1230798336549,-8.8141,-6.1335,1.0388,1.2643,0.2332,-0.0877
1230798336559,-9.3693,-5.9349,1.5724,1.3743,0.1685,-0.1378
1230798336568,-9.8909,-5.5425,2.2759,1.4903,0.0671,-0.1903
1230798336578,-10.3671,-5.1931,2.5822,1.6724,-0.0282,-0.2563
1230798336587,-10.5824,-6.0473,1.6537,2.0059,-0.0734,-0.3724
1230798336597,-10.3575,-8.4641,0.4717,2.3370,-0.0197,-0.5361
1230798336606,-10.0847,-10.9000,-0.3873,2.2698,0.0451,-0.6180
1230798336616,-9.9914,-12.6539,-0.4567,1.8410,-0.0307,-0.4921
1230798336626,-10.0608,-13.6230,0.0314,1.3889,-0.2664,-0.2160
1230798336635,-10.0728,-13.7355,0.9527,1.2215,-0.5768,-0.0107
1230798336645,-9.5798,-13.1277,2.0151,1.3963,-0.8736,0.0100
1230798336655,-8.4073,-12.2519,2.5319,1.8263,-1.0813,-0.0963
1230798336664,-7.0028,-11.3451,2.5463,2.2845,-1.1656,-0.1916
1230798336674,-5.5838,-10.4717,2.5702,2.7096,-1.0887,-0.1940
1230798336683,-4.4831,-9.7897,2.5319,3.1983,-0.8944,-0.0975
1230798336693,-3.7557,-8.8757,2.8526,3.8275,-0.7014,-0.0266
1230798336703,-3.5092,-7.2007,2.3549,4.5520,-0.5621,0.0015
1230798336710,-3.6241,-5.1572,0.9287,5.2594,-0.5951,0.0699
1230798336721,-3.6385,-3.1712,-0.2701,5.7285,-0.7967,0.2373
1230798336731,-3.2652,-1.8958,-0.3275,5.8824,-1.0520,0.4388
1230798336740,-2.6000,-1.4077,0.3090,5.7981,-1.1705,0.6013
1230798336752,-2.0353,-1.6111,1.0962,5.5672,-1.1424,0.7076
1230798336758,-1.6907,-2.5969,1.3403,5.2068,-1.0593,0.7601
1230798336770,-1.2935,-3.1472,1.8308,4.6228,-1.0545,0.7650
1230798336777,-0.9011,-2.8194,2.1610,3.9900,-1.0642,0.6697
1230798336792,-0.5708,-1.7092,2.4410,3.4084,-1.0911,0.4242
1230798336797,-0.2670,-0.1371,3.3168,2.6497,-1.0813,0.0699
1230798336809,-0.0349,1.5116,4.3098,1.6565,-0.9787,-0.3296
1230798336817,-0.0875,2.6601,5.0468,0.5716,-0.7661,-0.6974
1230798336828,-0.5182,2.4376,5.8149,-0.4864,-0.5010,-0.9857
1230798336837,-1.0327,0.7818,6.1523,-1.3844,-0.2530,-1.2129
1230798336846,-1.7003,-1.4125,5.8867,-1.9928,-0.0587,-1.3803
1230798336856,-2.3439,-3.3793,6.3413,-2.2347,0.1001,-1.5000
1230798336866,-3.1742,-4.5495,6.5279,-2.2225,0.1758,-1.5550
1230798336874,-4.1673,-5.2194,6.5997,-2.0807,0.1697,-1.5538
1230798336885,-5.0383,-5.9062,6.6787,-1.8120,0.1673,-1.5550
1230798336895,-5.7489,-6.5307,6.7026,-1.4980,0.1673,-1.5868
1230798336905,-6.1772,-6.6862,6.8342,-1.2011,0.1673,-1.6686
1230798336914,-6.3400,-6.2794,7.0185,-0.9250,0.1306,-1.7786
1230798336924,-6.1533,-5.7387,6.9156,-0.7491,0.0634,-1.8739
1230798336934,-5.6843,-5.3032,6.4059,-0.7833,-0.0001,-1.9399
1230798336943,-5.0981,-5.0902,5.8077,-1.0313,-0.0221,-1.9814
1230798336953,-4.6841,-5.1859,5.2119,-1.4223,0.0157,-1.9899
1230798336961,-4.5525,-5.6214,4.7764,-1.8425,0.0927,-1.9618
1230798336970,-4.5501,-6.5642,4.3385,-2.1932,0.1624,-1.9179
1230798336981,-4.4759,-7.6745,3.9006,-2.4680,0.1929,-1.8898
1230798336990,-4.2773,-8.5144,3.6518,-2.6892,0.1880,-1.8922
1230798336999,-4.0357,-8.7967,3.4675,-2.8529,0.1587,-1.9044
1230798337011,-3.8251,-8.7153,3.2713,-2.9396,0.1111,-1.8959
1230798337019,-3.5547,-8.4809,2.9722,-3.0044,0.0573,-1.8800
1230798337030,-3.2508,-8.1650,2.7018,-3.1021,0.0084,-1.8690
1230798337039,-2.8632,-8.0382,2.5271,-3.2255,-0.0148,-1.8727
1230798337049,-2.4157,-8.2368,2.4003,-3.3281,0.0035,-1.8873
1230798337058,-1.9467,-8.7608,2.1802,-3.3684,0.0512,-1.9069
1230798337068,-1.4945,-9.5385,2.0797,-3.3709,0.1159,-1.9313
1230798337077,-1.1260,-10.1798,1.8667,-3.3489,0.1856,-1.9411
1230798337087,-0.8269,-10.5052,1.6274,-3.3135,0.2503,-1.9215
1230798337097,-0.6402,-10.5530,1.2470,-3.2182,0.3114,-1.8861
1230798337106,-0.5182,-10.3425,0.8689,-3.0936,0.3676,-1.8494
1230798337116,-0.4416,-10.0745,0.4717,-2.9910,0.4140,-1.7969
1230798337125,-0.3459,-9.8830,0.1439,-2.9494,0.4641,-1.7346
1230798337135,-0.3005,-9.8807,-0.0619,-2.9384,0.5093,-1.6772
1230798337145,-0.2909,-10.1367,-0.2342,-2.9128,0.5448,-1.6393
1230798337154,-0.2359,-10.6607,-0.4137,-2.8272,0.5704,-1.6112
1230798337164,-0.1282,-11.3857,-0.7343,-2.7197,0.5777,-1.5660
1230798337174,-0.0540,-11.9576,-0.8731,-2.5914,0.5668,-1.5098
1230798337183,-0.0612,-12.1706,-1.0262,-2.4302,0.5533,-1.4231
1230798337193,-0.1497,-12.0797,-1.2727,-2.1590,0.5668,-1.3314
1230798337202,-0.2933,-11.9026,-1.5287,-1.7619,0.6107,-1.2557
1230798337211,-0.3914,-11.6633,-1.8206,-1.3465,0.6340,-1.1885
1230798337220,-0.3675,-11.4001,-2.1772,-1.0008,0.5948,-1.1115
1230798337229,-0.2478,-11.2063,-2.3901,-0.7479,0.5179,-1.0187
1230798337240,-0.0803,-11.0866,-2.3040,-0.5426,0.4226,-0.9319
1230798337250,0.1374,-11.0125,-2.1173,-0.3642,0.3407,-0.8757
1230798337258,0.3456,-10.8019,-2.1006,-0.1883,0.3016,-0.8391
1230798337270,0.5298,-10.5578,-2.1269,-0.0295,0.3236,-0.8098
1230798337277,0.6112,-10.2539,-2.2561,0.0927,0.3871,-0.7963
1230798337287,0.5801,-9.9979,-2.3494,0.1611,0.4580,-0.8000
1230798337296,0.4557,-9.7730,-2.4906,0.1391,0.5118,-0.8195
1230798337307,0.3480,-9.6438,-2.6868,0.0499,0.5338,-0.8476
1230798337316,0.2738,-9.6462,-2.9070,-0.0942,0.5252,-0.8892
1230798337327,0.2619,-9.6749,-3.1032,-0.2531,0.4959,-0.9527
1230798337336,0.3982,-9.8208,-3.3760,-0.3984,0.4446,-1.0040
1230798337345,0.6136,-10.2898,-3.5913,-0.5328,0.3676,-1.0187
1230798337356,0.8433,-10.7062,-3.7325,-0.6965,0.2906,-1.0003
1230798337365,1.0850,-11.0388,-3.6176,-0.8395,0.2125,-0.9429
1230798337375,1.2573,-11.3738,-3.3257,-0.8712,0.1294,-0.8721
1230798337385,1.4008,-11.4599,-2.9357,-0.7906,0.0622,-0.8146
1230798337395,1.5229,-11.3211,-2.5576,-0.5939,0.0219,-0.7548
1230798337404,1.5875,-11.0220,-2.2011,-0.3227,0.0011,-0.6876
1230798337414,1.6234,-10.5411,-1.9522,-0.0380,-0.0148,-0.6326
1230798337422,1.6617,-9.9596,-1.7369,0.2051,-0.0294,-0.5825
1230798337433,1.6377,-9.3949,-1.5813,0.3908,-0.0417,-0.5336
1230798337443,1.6425,-8.8685,-1.4354,0.5239,-0.0514,-0.5080
1230798337452,1.7047,-8.5167,-1.3038,0.6205,-0.0722,-0.5055
1230798337462,1.8196,-8.3158,-1.2655,0.6424,-0.0820,-0.5129
1230798337472,1.9727,-8.2440,-1.2918,0.6107,-0.0771,-0.5227
1230798337480,2.1378,-8.2918,-1.3421,0.5679,-0.0514,-0.5446
1230798337490,2.2862,-8.3421,-1.4330,0.5227,-0.0099,-0.5715
1230798337499,2.2838,-8.3828,-1.5789,0.4958,0.0524,-0.6021
1230798337508,2.2646,-8.6436,-1.7369,0.4910,0.1159,-0.6241
1230798337518,2.2431,-8.9259,-1.8804,0.4506,0.1648,-0.6424
1230798337530,2.2407,-9.1867,-1.7919,0.3737,0.1770,-0.6473
1230798337538,2.3197,-9.4523,-1.5981,0.3346,0.1404,-0.6595
1230798337549,2.4848,-9.6007,-1.5024,0.3236,0.0878,-0.6778
1230798337558,2.7025,-9.6868,-1.3995,0.3492,0.0597,-0.6888
1230798337567,2.8724,-9.8137,-1.3253,0.4152,0.0622,-0.6986
1230798337577,2.9227,-9.9285,-1.2440,0.5178,0.0988,-0.7206
1230798337587,2.8557,-10.0386,-1.1722,0.6620,0.1440,-0.7450
1230798337596,2.8054,-10.1606,-1.2918,0.8208,0.1660,-0.7572
1230798337606,2.8222,-10.3520,-1.3708,0.9748,0.1563,-0.7487
1230798337615,2.8748,-10.3879,-1.1746,1.0872,0.1086,-0.7291
1230798337625,3.0591,-10.1391,-0.9496,1.1458,0.0219,-0.7169
1230798337633,3.3103,-9.8089,-0.8013,1.2032,-0.0490,-0.7035
1230798337644,3.5448,-9.3925,-0.6218,1.2411,-0.0710,-0.7035
1230798337654,3.7338,-9.0336,-0.4424,1.2362,-0.0612,-0.7071
1230798337662,3.8248,-8.8159,-0.2318,1.1947,-0.0392,-0.7108
1230798337673,3.8152,-8.6819,-0.0978,1.1360,-0.0026,-0.7340
1230798337683,3.8271,-8.7273,-0.0858,1.0798,0.0231,-0.7572
1230798337692,3.8080,-9.0168,-0.1504,1.0236,0.0329,-0.7719
1230798337702,3.8822,-9.3590,-0.2055,0.9393,0.0121,-0.7719
1230798337711,4.0066,-9.4571,-0.2150,0.8159,-0.0319,-0.7560
1230798337721,4.1550,-9.3471,-0.1935,0.7084,-0.0893,-0.7206
1230798337731,4.2938,-9.2107,-0.0978,0.6681,-0.1284,-0.6839
1230798337738,4.3201,-9.0575,-0.0858,0.6547,-0.1259,-0.6632
1230798337748,4.2650,-8.9474,-0.0715,0.6449,-0.0869,-0.6436
1230798337758,4.0999,-8.8446,-0.0356,0.6119,-0.0587,-0.6192
1230798337767,3.9133,-8.7369,-0.0045,0.5471,-0.0551,-0.5801
1230798337777,3.7841,-8.7345,0.0889,0.5093,-0.0832,-0.5556
1230798337787,3.7314,-8.7991,0.1008,0.5081,-0.1235,-0.5532
1230798337798,3.7314,-8.7800,0.1128,0.5142,-0.1602,-0.5630
1230798337808,3.8008,-8.8326,0.1702,0.5398,-0.1834,-0.5569
1230798337815,3.8965,-8.8015,0.2994,0.5911,-0.2005,-0.5349
1230798337829,4.0066,-8.6938,0.3688,0.6486,-0.2090,-0.5129
1230798337835,4.1263,-8.5981,0.4119,0.7292,-0.2017,-0.5007
1230798337845,4.1956,-8.5120,0.3975,0.7988,-0.1785,-0.4884
1230798337854,4.2698,-8.4593,0.4167,0.8245,-0.1540,-0.4677
1230798337863,4.4301,-8.4402,0.6081,0.7952,-0.1418,-0.4384
1230798337874,4.6168,-8.4186,0.6918,0.7487,-0.1455,-0.4115
1230798337882,4.7939,-8.4737,0.6583,0.7072,-0.1394,-0.3846
1230798337892,4.9949,-8.5335,0.6679,0.6596,-0.1137,-0.3565
1230798337904,5.1217,-8.4354,0.7158,0.5887,-0.0722,-0.3296
1230798337913,5.2365,-8.2942,0.6416,0.5044,-0.0294,-0.3052
1230798337922,5.3227,-8.2679,0.5578,0.4335,0.0133,-0.2832
1230798337932,5.3729,-8.2129,0.5842,0.3358,0.0463,-0.2600
1230798337942,5.4256,-8.1411,0.7062,0.2185,0.0646,-0.2355
1230798337952,5.4662,-8.0693,0.7397,0.1342,0.0781,-0.2197
1230798337961,5.5117,-8.0597,0.8689,0.1134,0.0964,-0.2038
1230798337971,5.5189,-7.9760,1.0149,0.1049,0.1111,-0.1916
1230798337979,5.5141,-7.8300,1.1632,0.0988,0.1196,-0.1830
1230798337990,5.5356,-7.7415,1.2877,0.0915,0.1282,-0.1793
1230798337998,5.5117,-7.6912,1.4121,0.0853,0.1440,-0.1830
1230798338009,5.5093,-7.6338,1.4552,0.0731,0.1673,-0.1928
1230798338018,5.4543,-7.7750,1.4719,0.0841,0.1917,-0.2075
1230798338028,5.3753,-7.9640,1.4121,0.1220,0.2198,-0.2270
1230798338037,5.2365,-8.1147,1.3762,0.1342,0.2369,-0.2294
1230798338047,5.1025,-8.2416,1.4671,0.1318,0.2247,-0.2111
1230798338058,5.0666,-8.4162,1.5317,0.1709,0.1905,-0.1916
1230798338067,5.0547,-8.5861,1.6442,0.2283,0.1599,-0.1757
1230798338077,5.0212,-8.6125,1.7160,0.2906,0.1428,-0.1635
1230798338086,5.0331,-8.5455,1.8332,0.3431,0.1392,-0.1427
1230798338096,4.9949,-8.4809,1.9552,0.3895,0.1440,-0.1183
1230798338106,4.8728,-8.3181,2.0151,0.3957,0.1587,-0.1036
1230798338115,4.7245,-8.1100,2.0199,0.3871,0.1770,-0.0975
1230798338125,4.5809,-7.9879,2.0294,0.3810,0.1917,-0.0865
1230798338134,4.4732,-7.8946,2.0318,0.3627,0.1953,-0.0755
1230798338143,4.3919,-7.8826,2.1180,0.3419,0.1917,-0.0706
1230798338153,4.2722,-7.8324,2.2496,0.3211,0.1758,-0.0767
1230798338163,4.2124,-7.7391,2.2400,0.2979,0.1514,-0.0840
1230798338172,4.1956,-7.6529,2.2496,0.2747,0.1318,-0.0840
1230798338182,4.1669,-7.5979,2.3190,0.2527,0.1123,-0.0877
1230798338192,4.1526,-7.6242,2.4195,0.2149,0.0964,-0.0926
1230798338201,4.1956,-7.7630,2.4625,0.1806,0.0903,-0.0926
1230798338211,4.2435,-8.0501,2.5750,0.1782,0.0891,-0.0889
1230798338220,4.3464,-8.3540,2.6803,0.1867,0.0829,-0.0865
1230798338230,4.4277,-8.5311,2.3501,0.2136,0.0658,-0.0706
1230798338240,4.5091,-8.6986,2.1251,0.2552,0.0671,-0.0388
1230798338250,4.5067,-8.7704,2.1371,0.3040,0.0695,-0.0169
1230798338260,4.5378,-8.6842,1.9911,0.3211,0.0524,-0.0059
1230798338267,4.6000,-8.5311,1.9361,0.2894,0.0341,0.0295
1230798338276,4.7364,-8.2703,1.9074,0.2075,0.0060,0.0723
1230798338286,4.8848,-8.0525,1.7495,0.1293,-0.0148,0.1041
1230798338299,4.9853,-7.9520,1.5676,0.0744,-0.0123,0.1297
1230798338310,4.9590,-7.9066,1.4791,-0.0002,0.0206,0.1542
1230798338321,4.8728,-7.9544,1.3786,-0.0979,0.0573,0.1810
1230798338326,4.7101,-7.9449,1.2637,-0.2127,0.0781,0.2067
1230798338336,4.5618,-8.0478,1.2733,-0.3337,0.0695,0.2458
1230798338345,4.4421,-8.0621,1.4360,-0.4901,0.0341,0.2934
1230798338354,4.3895,-7.9209,1.5269,-0.6526,-0.0233,0.3448
1230798338365,4.4277,-7.8204,1.5915,-0.7723,-0.0856,0.3949
1230798338373,4.5211,-7.8515,1.7638,-0.8774,-0.1284,0.4303
1230798338384,4.6551,-7.8707,1.9241,-0.9800,-0.1516,0.4498
1230798338394,4.7197,-7.9999,2.1539,-1.0594,-0.1406,0.4779
1230798338404,4.7364,-8.1100,2.2879,-1.1168,-0.1027,0.4987
1230798338413,4.6742,-8.2368,2.0605,-1.1535,-0.0612,0.5109
1230798338423,4.6144,-8.5574,1.9983,-1.1608,-0.0135,0.5427
1230798338433,4.5809,-8.7369,1.8165,-1.1974,-0.0148,0.5757
1230798338442,4.6694,-8.5096,1.2805,-1.2610,-0.0245,0.6086
1230798338452,4.6790,-8.7177,0.9957,-1.1510,-0.0404,0.6331
1230798338461,4.4301,-8.6220,0.9694,-1.1131,0.0182,0.6245
1230798338470,4.2052,-8.3851,0.7947,-1.0777,0.0316,0.5744
1230798338482,4.0234,-8.4019,0.7564,-0.9604,0.0316,0.5671
1230798338489,3.8607,-8.3804,0.7612,-0.8639,0.0072,0.5622
1230798338499,3.7841,-8.1794,0.9072,-0.8358,-0.0429,0.5427
1230798338509,3.8128,-8.0501,1.2111,-0.8395,-0.1027,0.5415
1230798338519,3.8965,-8.0789,1.3212,-0.8383,-0.1516,0.5292
1230798338527,4.0258,-8.2344,1.1991,-0.8224,-0.1492,0.4877
1230798338536,4.0880,-8.4761,1.0723,-0.8199,-0.1003,0.4633
1230798338547,4.0616,-8.6986,0.9814,-0.8590,-0.0331,0.4682
1230798338556,3.9779,-8.8302,0.9240,-0.9055,0.0157,0.4767
1230798338566,3.9612,-8.9618,0.9287,-0.9079,0.0255,0.4718
1230798338575,3.9923,-8.9642,0.8282,-0.8932,0.0084,0.4596
1230798338586,4.0952,-8.9259,0.6847,-0.8712,-0.0001,0.4559
1230798338596,4.1837,-8.9403,0.5937,-0.8370,0.0145,0.4535
1230798338605,4.2172,-8.8852,0.4693,-0.8212,0.0475,0.4462
1230798338615,4.2148,-8.6460,0.3233,-0.8541,0.0878,0.4498
1230798338623,4.0975,-8.4617,0.3138,-0.8884,0.1282,0.4584
1230798338634,3.9181,-8.3780,0.3162,-0.9189,0.1575,0.4474
1230798338644,3.8080,-8.2990,0.2085,-0.9409,0.1746,0.4217
1230798338653,3.7219,-8.1961,0.1343,-0.9873,0.1807,0.4071
1230798338663,3.6094,-8.2894,-0.3107,-0.9494,0.1868,0.3912
1230798338672,3.4299,-8.4091,-0.5429,-0.8163,0.2234,0.3435
1230798338682,3.0997,-8.4234,-0.6577,-0.6281,0.2430,0.2873
1230798338692,3.0088,-8.3636,-0.6816,-0.4559,0.1966,0.2617
1230798338701,2.9681,-8.3612,-0.7678,-0.3471,0.0878,0.3142
1230798338711,2.9538,-8.2535,-0.7917,-0.2555,0.0060,0.3277
1230798338721,3.0926,-8.1602,-0.8324,-0.1859,-0.0612,0.2873
1230798338730,3.2553,-8.1052,-0.8802,-0.2323,-0.0905,0.2861
1230798338740,3.4012,-8.2033,-1.0262,-0.3080,-0.0893,0.3081
1230798338750,3.5304,-8.5502,-1.2104,-0.3117,-0.0355,0.3081
1230798338759,3.5185,-9.1604,-1.2822,-0.1736,0.0219,0.2666
1230798338769,3.5304,-9.6773,-1.3349,0.0194,0.0561,0.2556
1230798338778,3.5376,-10.0362,-1.3779,0.2393,0.0536,0.2556
1230798338788,3.4276,-10.0266,-1.3253,0.4628,0.0536,0.2702
