1230798376711,0.3911,-6.5235,7.5353,-0.3887,-0.0038,0.0295
1230798376712,0.2619,-6.3154,7.6645,-0.2249,-0.0001,0.1322
1230798376713,0.1135,-6.0665,7.9588,-0.0820,0.0206,0.1236
1230798376739,-0.0325,-5.7506,8.0928,-0.0649,0.0646,0.0186
1230798376740,-0.1904,-5.5999,8.2316,-0.1236,0.1147,-0.0926
1230798376741,-0.3866,-5.7506,8.3202,-0.1590,0.1428,-0.1158
1230798376746,-0.3794,-5.9875,8.3297,-0.1419,0.1330,-0.0792
1230798376766,-0.2359,-6.0545,8.3034,-0.1150,0.1184,-0.0743
1230798376767,-0.0803,-5.8535,8.2747,-0.0906,0.1379,-0.1085
1230798376787,-0.0827,-5.5975,8.2986,-0.0857,0.1734,-0.1329
1230798376795,-0.1210,-5.4420,8.2532,-0.1284,0.2112,-0.1341
1230798376797,-0.1617,-5.2242,8.1838,-0.2347,0.2479,-0.1402
1230798376805,-0.2191,-4.9443,8.1144,-0.3618,0.2772,-0.1586
1230798376810,-0.1736,-4.7385,8.0689,-0.4998,0.2845,-0.1879
1230798376821,-0.1402,-4.7169,7.8607,-0.6819,0.2796,-0.2075
1230798376831,0.1829,-4.9179,8.0187,-0.9384,0.2772,-0.2135
1230798376840,0.4389,-4.8940,7.8607,-1.2866,0.3187,-0.2526
1230798376847,0.6232,-4.9873,7.9349,-1.5847,0.4690,-0.2343
1230798376857,0.3624,-5.8392,7.8512,-1.6446,0.6352,-0.1989
1230798376867,0.1159,-7.4328,8.1909,-1.5065,0.7634,-0.0987
1230798376880,0.0297,-8.9522,8.2173,-1.3318,0.8062,-0.0181
1230798376887,-0.0253,-9.8902,8.2316,-1.1437,0.8612,0.0967
1230798376896,-0.2406,-10.1056,8.6217,-0.8407,0.9492,0.2263
1230798376906,-0.6235,-9.5744,8.8825,-0.4803,1.0298,0.3411
1230798376915,-1.0040,-8.7417,9.0547,-0.1724,1.0957,0.4498
1230798376928,-1.3150,-7.9975,9.3539,0.0536,1.1556,0.5353
1230798376934,-1.4035,-7.3706,9.6553,0.1770,1.2179,0.5830
1230798376944,-1.3964,-6.6312,9.7750,0.1733,1.2876,0.6086
1230798376956,-1.3031,-5.9397,9.6314,0.0573,1.3548,0.6209
1230798376963,-1.0973,-5.6095,9.3443,-0.1187,1.4537,0.6355
1230798376973,-1.0016,-5.7674,9.0763,-0.2567,1.6211,0.6404
1230798376982,-1.1021,-6.2268,8.8944,-0.2824,1.8227,0.6270
1230798376995,-1.4873,-6.4828,8.7413,-0.1602,1.9888,0.5867
1230798377001,-1.9180,-6.6264,8.8873,0.1232,2.0780,0.5243
1230798377012,-2.2817,-6.1742,8.7915,0.4580,2.1025,0.4339
1230798377028,-2.5090,-5.6956,8.8011,0.8501,2.0744,0.3203
1230798377032,-2.6311,-5.5137,8.7054,1.2765,2.0231,0.2226
1230798377042,-2.7364,-5.0950,8.3273,1.5587,1.9852,0.1493
1230798377050,-2.8704,-4.3437,8.0474,1.7200,1.9632,0.0662
1230798377060,-3.0905,-3.5923,7.5114,1.9375,1.8997,-0.0877
1230798377069,-3.2077,-3.3793,7.3582,2.2270,1.8178,-0.2942
1230798377080,-3.4566,-3.7957,7.1955,2.5178,1.7201,-0.4701
1230798377087,-3.6145,-4.4920,7.2984,2.7854,1.6309,-0.6045
1230798377099,-3.7126,-5.1596,7.7626,3.1055,1.5466,-0.7560
1230798377111,-3.8682,-5.6382,7.8129,3.4622,1.4342,-0.8916
1230798377121,-4.0309,-5.5066,7.1596,3.6943,1.2912,-0.9502
1230798377127,-4.2343,-4.8940,6.4944,3.8385,1.1324,-0.9649
1230798377136,-4.5788,-4.3532,5.8747,3.9827,0.9296,-0.9955
1230798377147,-5.0215,-3.9776,5.3100,4.0291,0.6804,-1.0517
1230798377156,-5.2345,-3.9847,4.9152,3.9387,0.3981,-1.0846
1230798377166,-5.1866,-4.0757,4.6448,3.6931,0.1330,-1.0468
1230798377174,-5.0359,-3.9106,5.4177,3.3302,-0.0478,-0.9832
1230798377185,-4.9402,-3.3267,5.9800,2.9222,-0.2225,-0.9234
1230798377195,-4.5836,-2.4916,6.7337,2.5092,-0.3410,-0.8513
1230798377205,-4.2606,-2.0466,7.1190,2.1733,-0.3960,-0.7731
1230798377215,-3.9926,-2.1279,7.2506,1.8532,-0.3911,-0.7157
1230798377224,-3.8394,-3.4176,7.8751,1.6736,-0.3532,-0.6803
1230798377234,-3.7078,-5.5999,7.6430,1.7359,-0.3788,-0.6216
1230798377243,-3.6265,-7.1576,7.4659,1.8874,-0.4583,-0.4640
1230798377253,-3.4733,-7.0452,7.4133,2.2063,-0.6195,-0.2624
1230798377262,-3.3322,-5.3606,7.1955,2.6424,-0.8651,-0.1476
1230798377271,-2.9421,-3.0252,7.2242,2.9259,-1.0703,-0.1146
1230798377281,-2.2028,-0.7592,7.1716,2.8636,-1.1314,-0.0608
1230798377291,-1.6165,0.4516,6.7792,2.5215,-1.0887,0.0125
1230798377299,-1.4610,0.3008,6.4538,1.8862,-1.0435,0.1004
1230798377309,-1.4777,-1.2473,6.3628,1.0884,-0.9958,0.2727
1230798377318,-1.6692,-2.3983,6.5854,0.4433,-0.9726,0.4010
1230798377328,-1.8917,-2.5299,7.2027,0.1990,-1.0251,0.3790
1230798377337,-1.7505,-2.2667,7.7961,0.2723,-1.1009,0.2824
1230798377349,-1.3748,-1.5608,8.1216,0.4091,-1.1656,0.2067
1230798377359,-0.9776,-1.1971,8.4589,0.5667,-1.2182,0.1627
1230798377368,-0.5469,-0.9147,8.6910,0.6656,-1.2573,0.1407
1230798377378,-0.2167,-0.8477,8.8418,0.7121,-1.2609,0.1420
1230798377387,0.0561,-0.5128,8.5786,0.6742,-1.2487,0.1200
1230798377397,0.2331,0.1883,8.6145,0.5264,-1.2047,0.0454
1230798377407,0.3528,0.4803,8.5499,0.3114,-1.1387,-0.0327
1230798377416,0.3360,0.3535,8.5020,-0.0014,-1.0423,-0.0682
1230798377426,0.2475,-0.1730,8.8514,-0.3044,-0.9445,-0.0804
1230798377436,0.2236,-0.8645,9.0213,-0.4510,-0.8688,-0.1048
1230798377445,0.2930,-1.1062,9.3323,-0.4791,-0.7955,-0.1464
1230798377453,0.5251,-1.0727,9.3778,-0.4082,-0.7038,-0.1965
1230798377464,0.2595,-0.8549,10.8446,-0.4119,-0.5682,-0.2038
1230798377474,0.2714,-0.2687,10.5431,-0.6892,-0.5927,-0.1024
1230798377482,0.3073,-0.4051,10.2416,-0.9580,-0.4680,-0.0633
1230798377493,-0.0181,-0.7951,9.8324,-1.1889,-0.3349,-0.1280
1230798377502,-0.5110,-1.5728,9.6027,-1.3025,-0.2347,-0.1488
1230798377512,-0.6642,-2.6280,9.9090,-1.2133,-0.1797,-0.1378
1230798377522,-0.7671,-3.3889,10.2990,-0.9213,-0.1455,-0.1891
1230798377531,-0.7671,-3.5469,10.7704,-0.5524,-0.1504,-0.2160
1230798377541,-0.7240,-2.8888,11.0432,-0.2897,-0.1540,-0.1354
1230798377549,-0.8389,-1.8719,11.1485,-0.1272,-0.1345,-0.0572
1230798377559,-1.0710,-0.6970,10.9068,-0.1052,-0.0991,-0.0987
1230798377568,-1.1691,0.3128,11.1006,-0.2799,-0.0258,-0.1415
1230798377578,-1.0183,0.2195,11.0815,-0.4962,0.0561,-0.1232
1230798377587,-0.8580,-1.2091,11.0432,-0.6697,0.1563,-0.1036
1230798377597,-0.8723,-2.7165,10.9212,-0.8126,0.2418,-0.0755
1230798377607,-0.9824,-3.6761,11.4093,-0.8517,0.3102,-0.0120
1230798377616,-1.2145,-3.8771,11.9142,-0.7124,0.3444,0.0137
1230798377627,-1.4012,-3.4033,12.3616,-0.4876,0.3639,0.0027
1230798377637,-1.3437,-2.2858,12.7349,-0.3178,0.3969,-0.0047
1230798377647,-1.0662,-1.0679,13.1824,-0.1993,0.4910,-0.0657
1230798377656,-0.8699,-0.7520,13.3188,-0.0796,0.6364,-0.1561
1230798377666,-0.9681,-0.6204,13.1154,-0.1040,0.8050,-0.1598
1230798377676,-1.1834,-0.4434,13.2183,-0.1590,1.0090,-0.1012
1230798377685,-1.5208,-1.0464,12.7517,-0.0710,1.1996,-0.0731
1230798377695,-1.6309,-1.7762,12.0649,0.0817,1.3303,-0.0706
1230798377705,-1.8486,-1.9676,11.8591,0.3028,1.4159,-0.0608
1230798377714,-2.0185,-1.1157,11.6318,0.5520,1.4696,-0.0731
1230798377724,-2.2219,-0.7257,11.9644,0.7524,1.4940,-0.0486
1230798377733,-2.0664,-1.0440,12.4191,0.8330,1.5283,-0.0120
1230798377743,-1.6883,-0.8095,12.0936,0.6547,1.5857,-0.0511
1230798377753,-1.5208,-1.0846,12.1582,0.5007,1.7127,-0.1012
1230798377762,-1.7840,-1.2785,11.9764,0.4238,1.8251,-0.1769
1230798377771,-2.0712,-0.7664,11.5959,0.3346,1.8679,-0.2795
1230798377782,-2.3894,-0.5080,10.6723,0.2405,1.8361,-0.3333
1230798377791,-2.6478,-0.1395,9.8205,0.0304,1.8044,-0.3773
1230798377801,-2.8201,-0.1251,9.2653,-0.1846,1.7628,-0.4335
1230798377810,-3.0403,-0.3405,8.5953,-0.3361,1.6834,-0.4787
1230798377820,-3.1551,-0.3979,8.0426,-0.4693,1.5857,-0.5275
1230798377828,-3.3585,-0.6013,7.3487,-0.5414,1.4794,-0.5703
1230798377837,-3.4087,-0.8143,7.0017,-0.6293,1.3780,-0.6253
1230798377847,-3.4016,-0.9698,6.5710,-0.7137,1.2815,-0.6558
1230798377856,-3.5188,-0.7688,6.1738,-0.7063,1.1776,-0.6522
1230798377868,-3.8993,-0.3165,5.5876,-0.6611,1.0481,-0.6412
1230798377877,-4.3276,-0.1203,5.3842,-0.5866,0.9284,-0.6290
1230798377887,-4.7296,0.4276,4.9391,-0.5145,0.7989,-0.7145
1230798377897,-5.0454,0.9134,4.5539,-0.3349,0.6474,-0.8660
1230798377906,-5.2273,0.9923,4.5156,-0.1064,0.4531,-0.9796
1230798377916,-5.0406,0.8942,4.7549,0.0841,0.2125,-1.0565
1230798377926,-4.6985,0.2410,4.7979,0.3676,-0.0380,-1.1457
1230798377935,-4.3443,-0.4003,4.8649,0.5178,-0.2542,-1.2178
1230798377945,-4.0285,-0.2448,4.5108,0.4995,-0.4326,-1.3046
1230798377955,-3.8586,0.2649,4.0968,0.5496,-0.6110,-1.4377
1230798377963,-3.6672,0.6837,4.3074,0.6107,-0.7906,-1.5782
1230798377974,-3.3035,0.8201,4.5060,0.4702,-0.9714,-1.6821
1230798377983,-2.6837,0.6478,4.6759,0.1904,-1.1229,-1.7603
1230798377992,-1.9563,-0.2232,5.0683,-0.0527,-1.2402,-1.8568
1230798378003,-1.2289,-1.4962,5.9489,-0.2139,-1.3465,-1.9386
1230798378012,-0.6283,-3.0037,7.2745,-0.3239,-1.4552,-1.9545
1230798378020,-0.0851,-4.1140,7.7914,-0.4058,-1.5676,-1.9227
1230798378030,0.3600,-4.1020,8.1527,-0.5890,-1.6201,-1.8995
1230798378039,0.7261,-3.9082,8.2412,-0.6953,-1.5737,-1.8556
1230798378051,0.9653,-4.4633,8.2244,-0.6648,-1.4564,-1.7639
1230798378059,1.3171,-5.0519,8.8131,-0.5964,-1.3159,-1.6515
1230798378069,1.6736,-5.4085,9.4687,-0.3728,-1.1840,-1.5831
1230798378080,1.9679,-5.5425,9.5644,0.1098,-1.0288,-1.5538
1230798378088,2.1019,-5.7530,9.3419,0.7280,-0.8798,-1.5000
1230798378097,2.0876,-5.4707,9.4998,1.0334,-0.7551,-1.3546
1230798378106,2.0086,-4.9251,10.0621,0.8648,-0.6635,-1.1360
1230798378116,1.9512,-3.9393,10.1913,0.3590,-0.5902,-0.9600
1230798378125,1.9177,-3.0898,10.3325,-0.3887,-0.4742,-0.8440
1230798378135,1.8028,-3.1999,10.4570,-1.1718,-0.3068,-0.7279
1230798378145,1.6425,-4.4442,10.2225,-1.8254,-0.1259,-0.6008
1230798378156,1.4463,-5.8488,10.0526,-2.2274,0.0378,-0.4970
1230798378164,1.1089,-6.5666,10.1889,-2.2286,0.1563,-0.4310
1230798378175,0.6543,-7.1528,10.5981,-1.7802,0.2247,-0.3614
1230798378185,0.4676,-7.4113,11.0671,-1.2109,0.2381,-0.2734
1230798378193,0.5849,-7.4807,11.2705,-0.7210,0.2369,-0.2013
1230798378203,0.4365,-6.8035,10.6915,-0.3154,0.2576,-0.1354
1230798378214,0.0202,-5.5185,10.4067,-0.0637,0.3151,-0.1060
1230798378223,-0.6187,-4.3963,9.8994,0.0316,0.3175,-0.0670
1230798378233,-0.9729,-3.4440,9.8875,-0.0796,0.2894,-0.0266
1230798378243,-0.9011,-2.9989,9.8564,-0.2579,0.2222,-0.0254
1230798378252,-0.7001,-3.2789,9.7870,-0.3887,0.1734,-0.0364
1230798378261,-0.3411,-3.5229,9.3730,-0.6367,0.1172,-0.0401
1230798378270,0.1398,-3.9584,9.4544,-0.9763,0.0964,-0.0010
1230798378281,0.5514,-4.6930,9.8181,-1.2378,0.1611,0.0528
1230798378291,0.7883,-5.6023,10.3158,-1.3795,0.2870,0.1273
1230798378300,0.7356,-6.8059,10.8518,-1.3196,0.4458,0.2055
1230798378310,0.5921,-7.3538,10.2201,-1.1351,0.5533,0.2922
1230798378320,0.2762,-7.1050,10.1937,-0.8859,0.6413,0.3997
1230798378329,-0.0995,-7.2940,10.5168,-0.5511,0.6767,0.5268
1230798378339,-0.4010,-7.4208,10.3756,-0.4229,0.6620,0.7162
1230798378349,-0.4560,-6.9638,10.0932,-0.5756,0.6535,0.8628
1230798378356,-0.0851,-7.1552,9.6243,-0.7796,0.6327,1.0069
1230798378366,0.4341,-7.5859,9.1864,-1.1095,0.6572,1.1413
1230798378375,0.7524,-8.0549,8.9997,-1.5347,0.7610,1.2720
1230798378385,0.6686,-8.4043,8.8514,-1.9427,0.9174,1.4260
1230798378395,0.2188,-8.7106,8.7078,-2.2029,1.0921,1.5885
1230798378405,-0.4823,-8.9546,8.5235,-2.2726,1.2253,1.7351
1230798378416,-1.2576,-8.9977,8.4446,-2.2017,1.2754,1.8475
1230798378425,-1.9061,-8.6962,8.3919,-2.0698,1.2497,1.9452
1230798378435,-2.4205,-7.9903,8.0450,-1.9574,1.1813,2.0491
1230798378445,-2.7675,-7.5261,7.5473,-1.8511,1.0945,2.1456
1230798378454,-2.8512,-7.3466,6.7935,-1.7900,1.0200,2.2079
1230798378464,-2.8727,-7.2438,5.6546,-1.8046,0.9650,2.2555
1230798378472,-3.0067,-7.4878,4.8051,-1.8059,0.9272,2.3044
1230798378483,-3.2652,-7.8180,4.6759,-1.7301,0.8734,2.3178
1230798378493,-3.5978,-7.6649,4.6783,-1.5737,0.7732,2.3093
1230798378502,-3.9304,-6.9064,4.7477,-1.2903,0.6474,2.3105
1230798378512,-4.2032,-5.9899,4.6759,-0.8456,0.5252,2.3142
1230798378521,-4.2893,-4.9371,4.1973,-0.3838,0.4140,2.2751
1230798378530,-4.3396,-3.8507,3.0320,-0.0918,0.3114,2.1957
1230798378539,-4.4783,-2.8099,1.8930,0.0096,0.2454,2.1407
1230798378550,-5.0502,-1.5967,1.2374,-0.0185,0.1734,2.0906
1230798378558,-5.8590,-0.2807,1.2685,-0.1370,0.0011,1.9672
1230798378569,-6.4931,0.9469,1.4001,-0.2946,-0.2774,1.7913
1230798378578,-6.8185,1.7413,1.5078,-0.4082,-0.5890,1.5530
1230798378589,-6.8664,2.1768,1.9457,-0.5426,-0.8712,1.2635
1230798378598,-6.6295,2.0045,2.6492,-0.6794,-1.1119,0.9397
1230798378607,-6.1940,1.5044,3.7834,-0.7931,-1.2878,0.6111
1230798378616,-5.6676,1.1096,5.0324,-0.8212,-1.4088,0.3301
1230798378625,-5.0574,0.5808,5.3100,-0.6684,-1.4320,0.1004
1230798378635,-4.6961,0.0591,5.2885,-0.4045,-1.2939,-0.1036
1230798378645,-4.7559,-0.8932,5.9848,-0.1492,-1.1522,-0.2820
1230798378654,-4.8062,-1.1827,6.9132,-0.0527,-1.0764,-0.4322
1230798378664,-4.6889,-1.4412,7.8057,-0.0063,-1.0593,-0.5544
1230798378673,-4.3874,-1.9987,8.3106,0.0377,-1.0092,-0.6558
1230798378685,-4.1003,-2.9032,8.5475,0.0059,-0.8590,-0.7145
1230798378695,-4.0955,-4.1259,8.9638,-0.1199,-0.6476,-0.7230
1230798378703,-4.3180,-5.1309,9.3060,-0.2922,-0.4204,-0.6693
1230798378724,-4.7966,-5.8129,9.4209,-0.4058,-0.1821,-0.5630
1230798378725,-5.4402,-6.0306,9.5022,-0.4277,0.0597,-0.4701
1230798378731,-6.1150,-6.2651,9.4926,-0.3532,0.2613,-0.3785
1230798378742,-6.6558,-6.8178,9.4089,-0.3203,0.4202,-0.2746
1230798378754,-7.2229,-7.0141,9.6673,-0.3984,0.5716,-0.1769
1230798378760,-7.7374,-6.9734,9.6984,-0.3740,0.7085,-0.0950
1230798378775,-8.1154,-6.9160,9.7487,-0.1516,0.8746,-0.0071
1230798378780,-8.4672,-6.4254,9.9090,0.1672,1.0310,0.0943
1230798378791,-8.7878,-6.1502,10.1531,0.5667,1.1422,0.1859
1230798378798,-9.0127,-5.8416,10.0430,0.9369,1.1911,0.1994
1230798378809,-9.1635,-5.1764,9.5022,1.1507,1.2191,0.1468
1230798378817,-9.1898,-4.5518,8.4494,1.2948,1.2497,0.0919
1230798378827,-9.2472,-3.7981,7.7028,1.3535,1.2802,0.0173
1230798378836,-9.4195,-3.0946,7.0926,1.3547,1.2656,-0.0743
1230798378846,-9.5870,-2.5658,6.8294,1.2863,1.2118,-0.1500
1230798378857,-9.3812,-2.2093,6.6787,1.2301,1.1288,-0.2514
1230798378865,-9.0103,-2.3289,6.6643,1.2313,1.0017,-0.3821
1230798378875,-8.4480,-2.6615,6.6476,1.2472,0.8624,-0.5349
1230798378885,-7.8714,-2.9654,6.4561,1.3022,0.7781,-0.6754
1230798378894,-7.5340,-2.4605,5.6426,1.3828,0.7561,-0.8110
1230798378905,-7.4718,-1.5201,4.6831,1.4622,0.7683,-0.9588
1230798378913,-7.6704,-0.7784,4.0562,1.5807,0.7073,-1.1323
1230798378923,-7.7589,-0.5630,3.9556,1.6003,0.5105,-1.2789
1230798378932,-7.5746,-0.9746,4.4294,1.4256,0.2259,-1.3742
1230798378942,-6.8257,-1.5752,4.6544,1.1153,-0.0600,-1.4670
1230798378952,-5.7537,-2.2595,4.6161,0.7927,-0.2383,-1.5843
1230798378962,-4.9497,-2.5921,4.5515,0.5716,-0.3080,-1.7248
1230798378972,-4.6267,-2.5586,4.5610,0.5178,-0.3104,-1.8714
1230798378981,-4.5741,-2.5347,4.5945,0.6913,-0.3422,-2.0413
1230798378991,-4.4496,-2.4127,4.2452,0.9283,-0.4167,-2.1964
1230798379000,-4.1649,-2.3624,3.7810,1.0432,-0.5132,-2.2599
1230798379012,-3.7174,-2.4174,4.1399,0.9686,-0.6684,-2.2575
1230798379020,-2.8919,-2.0466,4.3313,0.6632,-0.8712,-2.2538
1230798379030,-2.1142,-1.9556,4.5898,0.2613,-1.0374,-2.2917
1230798379039,-1.5136,-2.5036,5.3626,-0.0502,-1.0972,-2.3687
1230798379048,-0.9226,-3.2406,5.6330,-0.2848,-1.0520,-2.4017
1230798379059,-0.5110,-4.6117,6.0996,-0.2750,-0.9653,-2.3687
1230798379071,-0.2598,-6.6121,5.9728,0.1183,-0.8785,-2.3638
1230798379077,-0.0420,-7.7845,5.1927,0.4971,-0.7955,-2.3736
1230798379087,0.0920,-7.5357,4.7261,0.5557,-0.7246,-2.3113
1230798379098,0.0513,-6.7054,4.7405,0.5337,-0.7112,-2.1976
1230798379107,-0.0492,-6.6623,5.5182,0.5972,-0.7820,-2.1036
1230798379117,0.0585,-6.5499,6.1738,0.3150,-0.8761,-1.9936
1230798379125,0.3671,-6.1287,6.2240,-0.3948,-0.8993,-1.7920
1230798379134,0.5992,-6.2699,6.0063,-1.0166,-0.8260,-1.5574
1230798379144,0.4963,-7.0523,6.2815,-1.3294,-0.6647,-1.4145
1230798379153,0.2307,-8.3349,6.7768,-1.2720,-0.4888,-1.3852
1230798379165,0.1087,-9.6198,7.3798,-0.9067,-0.3569,-1.3962
1230798379175,0.0321,-10.6152,7.6765,-0.2640,-0.2701,-1.4059
1230798379184,0.1661,-10.7923,6.7481,0.4678,-0.2090,-1.3876
1230798379194,0.1255,-10.0434,6.1259,1.1275,-0.1467,-1.3876
1230798379202,-0.1449,-8.4378,5.9225,1.6638,-0.1638,-1.4451
1230798379211,-0.3794,-6.2555,6.1451,1.9143,-0.2555,-1.5025
1230798379221,-0.3507,-4.4298,6.7576,1.7420,-0.4082,-1.4842
1230798379230,0.1135,-3.2645,7.3511,1.1690,-0.5939,-1.4597
1230798379240,1.1209,-2.9008,7.6334,0.3773,-0.7539,-1.4976
1230798379250,2.3364,-3.4009,7.9469,-0.3654,-0.8138,-1.5709
1230798379261,3.4180,-4.5997,7.9708,-0.8456,-0.7539,-1.6002
1230798379271,4.1047,-5.8105,7.6956,-1.0362,-0.5743,-1.5428
1230798379280,4.2363,-6.5738,7.5114,-0.9299,-0.3336,-1.4500
1230798379290,3.9444,-7.1361,7.4827,-0.6391,-0.1137,-1.3559
1230798379300,3.4371,-7.1672,7.7315,-0.5023,-0.0038,-1.2520
1230798379310,2.9203,-6.3895,7.9373,-0.6697,0.0109,-1.0969
1230798379319,2.5278,-5.8344,8.3967,-0.9348,-0.0075,-0.8941
1230798379328,2.4417,-5.4468,8.8920,-1.2475,-0.0001,-0.7267
1230798379338,2.7073,-5.5784,9.1864,-1.5053,0.0390,-0.5947
1230798379348,3.0423,-6.7748,9.4376,-1.5481,0.0744,-0.4701
1230798379357,3.2672,-7.6481,9.3754,-1.4601,0.1233,-0.3602
1230798379366,3.1620,-7.9999,9.3586,-1.1779,0.1843,-0.2539
1230798379377,2.8293,-7.7128,9.2127,-0.7979,0.2283,-0.1855
1230798379386,2.3747,-7.1433,9.0595,-0.5341,0.2247,-0.1439
1230798379396,2.0876,-6.6049,8.9734,-0.4498,0.1624,-0.0938
1230798379406,2.0636,-6.8657,8.9208,-0.4449,0.0622,0.0003
1230798379415,2.1785,-7.3993,8.9590,-0.4962,-0.0258,0.1248
1230798379423,2.3843,-8.2368,9.3467,-0.5133,-0.0807,0.2824
1230798379434,2.7623,-9.2920,9.4759,-0.4314,-0.0942,0.4510
1230798379444,3.2289,-9.9668,9.6099,-0.2946,-0.0319,0.6294
1230798379453,3.5352,-10.1941,10.2009,-0.0551,0.0646,0.8090
1230798379461,3.6716,-10.2587,9.9521,0.2820,0.1489,0.9959
1230798379471,3.6644,-10.2300,9.2270,0.4250,0.2088,1.2024
1230798379482,3.5065,-9.7084,8.6025,0.2576,0.2137,1.3942
1230798379490,3.5328,-8.8733,7.8823,-0.0246,0.1758,1.5799
1230798379500,3.7267,-7.8970,6.9204,-0.3129,0.1367,1.7546
1230798379509,3.9420,-7.0811,6.2001,-0.6636,0.1220,1.8951
1230798379519,4.0090,-7.0882,5.9154,-1.0081,0.1514,2.0112
1230798379530,3.8678,-7.6721,6.0374,-1.3380,0.1880,2.0698
1230798379541,3.5783,-8.3086,6.5471,-1.5481,0.2283,2.0515
1230798379552,3.2098,-8.8996,6.1690,-1.3795,0.2442,1.9758
1230798379560,2.7767,-9.6725,5.6880,-0.9116,0.2686,1.8805
1230798379568,2.2431,-9.5313,5.1186,-0.5536,0.2503,1.8426
1230798379578,1.6736,-8.1267,4.5850,-0.5511,0.2088,1.9794
1230798379588,0.9366,-7.3514,4.8266,-0.6611,0.1318,2.2238
1230798379597,0.1733,-7.3610,5.6952,-0.8725,0.0267,2.3618
1230798379607,-0.3675,-7.8180,6.0924,-1.1425,-0.0759,2.3802
1230798379616,-0.5780,-8.7345,5.9441,-1.1852,-0.1357,2.3679
1230798379626,-0.6211,-9.8400,5.6474,-0.8884,-0.1589,2.3692
1230798379635,-0.6115,-10.5219,5.3961,-0.4192,-0.1663,2.3692
1230798379646,-0.6929,-10.1439,5.2286,-0.0234,-0.1968,2.4058
1230798379655,-0.9800,-9.1197,4.8769,0.2344,-0.2298,2.4803
1230798379664,-1.6309,-8.0693,4.9223,0.2845,-0.1931,2.5365
1230798379674,-2.5138,-6.4757,5.2885,0.0023,-0.1443,2.5414
1230798379684,-3.3011,-5.3654,5.2717,-0.3569,-0.1431,2.5353
1230798379693,-3.7892,-5.5090,5.1927,-0.5377,-0.1931,2.4864
1230798379703,-3.9687,-6.1957,5.0540,-0.5805,-0.3068,2.3704
1230798379713,-3.8203,-6.9207,4.6568,-0.4400,-0.4216,2.2677
1230798379721,-3.4709,-7.2749,4.1375,-0.1174,-0.4827,2.2250
1230798379730,-3.3250,-6.9160,3.8647,0.2173,-0.5010,2.2030
1230798379740,-3.6002,-5.8416,4.0083,0.4299,-0.5010,2.1737
1230798379749,-4.1936,-4.3556,4.1423,0.4335,-0.4998,2.1260
1230798379759,-4.7511,-3.0898,4.2213,0.2649,-0.4925,2.0491
1230798379769,-5.1962,-2.5538,4.3170,0.0340,-0.5352,1.9355
1230798379780,-5.4666,-2.5299,4.2428,-0.1981,-0.6183,1.7876
1230798379790,-5.5240,-2.9032,3.8863,-0.2640,-0.6965,1.6434
1230798379799,-5.3685,-3.5349,3.6685,-0.0845,-0.7588,1.5347
1230798379809,-5.3972,-3.8412,3.6374,0.1464,-0.8150,1.4529
1230798379819,-5.5503,-3.6258,3.6661,0.3712,-0.8504,1.3722
1230798379829,-5.7561,-2.9893,3.6948,0.5239,-0.8370,1.2830
1230798379838,-5.8853,-1.7762,3.7858,0.5301,-0.8089,1.1621
1230798379847,-5.8375,-0.8621,4.0729,0.3578,-0.8749,1.0228
1230798379857,-5.5958,0.0424,4.1662,-0.0368,-1.0190,0.8567
1230798379867,-5.1938,0.3941,4.0442,-0.4718,-1.1436,0.6636
1230798379876,-4.7200,-0.0749,3.5848,-0.7405,-1.1888,0.4596
1230798379886,-4.5477,-0.8262,3.4723,-0.9372,-1.1620,0.2495
1230798379895,-4.7080,-1.8097,3.9126,-0.9348,-1.1449,0.0430
1230798379905,-4.7415,-2.4605,4.5323,-0.7075,-1.1595,-0.1512
1230798379914,-4.5166,-2.1136,4.6735,-0.3948,-1.1473,-0.3003
1230798379924,-4.2151,-1.6374,5.0205,-0.0356,-1.0679,-0.4005
1230798379934,-4.0452,-1.4220,5.9680,0.2845,-0.9958,-0.5251
1230798379944,-3.9615,-1.0128,7.1118,0.3260,-0.9543,-0.6778
1230798379953,-3.8203,-0.9578,7.8679,0.1464,-0.9164,-0.8061
1230798379962,-3.7031,-1.3861,8.2244,-0.1358,-0.8235,-0.9124
1230798379973,-3.8131,-1.8479,8.3608,-0.4498,-0.6537,-1.0077
1230798379980,-4.1697,-2.6998,8.4087,-0.6770,-0.4448,-1.0419
1230798379989,-4.5214,-3.6019,8.3441,-0.7613,-0.2518,-1.0431
1230798379999,-4.9090,-5.0232,8.8681,-0.7430,-0.1064,-1.0297
1230798380009,-5.2991,-6.3728,9.4065,-0.7576,-0.0197,-1.0016
1230798380019,-5.5766,-6.8513,9.7726,-0.8957,0.0512,-0.9588
1230798380029,-5.7441,-6.9710,9.9353,-1.0399,0.0878,-0.9014
1230798380040,-5.9499,-7.3347,10.0286,-1.1926,0.1196,-0.8391
1230798380050,-6.0743,-7.9808,10.2248,-1.3917,0.1648,-0.7670
1230798380059,-6.1940,-8.9403,10.2512,-1.5188,0.2125,-0.6534
1230798380070,-6.4763,-10.2109,10.1985,-1.4577,0.2784,-0.5068
1230798380077,-6.8640,-10.9622,9.8922,-1.1999,0.3456,-0.3663
1230798380087,-7.4813,-11.2948,10.0095,-0.7650,0.4018,-0.1916
1230798380097,-8.0101,-11.0125,10.2918,-0.2384,0.4250,0.0295
1230798380106,-8.2111,-10.0529,10.2272,0.2723,0.4189,0.2458
1230798380116,-8.0771,-8.8063,9.7630,0.7048,0.4140,0.4107
1230798380126,-7.8044,-7.7654,9.4902,0.9540,0.4275,0.5268
1230798380135,-7.5220,-7.0954,9.2581,0.9906,0.4580,0.6086
1230798380145,-7.3617,-6.9997,9.3969,0.8648,0.5020,0.6820
1230798380155,-7.3354,-6.9734,10.2296,0.6534,0.5606,0.7198
1230798380164,-7.2301,-6.4852,9.6721,0.5398,0.5753,0.7235
1230798380172,-7.0267,-6.1622,9.3204,0.6351,0.6498,0.7321
1230798380181,-6.8592,-5.5903,9.1553,0.8404,0.6828,0.6746
1230798380191,-6.5936,-4.9347,8.5762,1.0591,0.7036,0.5793
1230798380201,-6.5338,-5.0615,8.2005,1.2985,0.6901,0.5121
1230798380214,-6.5960,-5.4324,7.6980,1.5074,0.6584,0.4132
1230798380222,-6.4907,-5.2458,7.2673,1.6162,0.6083,0.2495
1230798380232,-6.0073,-4.5518,6.2647,1.8300,0.5619,0.0711
1230798380252,-5.6819,-3.4129,5.5373,2.0609,0.5448,-0.0767
1230798380258,-5.6460,-2.1806,5.2932,2.1342,0.5081,-0.1574
1230798380261,-5.6365,-1.4842,4.9606,2.0560,0.4385,-0.2245
1230798380269,-5.5742,-1.5800,5.3196,1.7286,0.3517,-0.3528
1230798380279,-5.4091,-1.6111,5.8891,1.1678,0.2650,-0.5288
1230798380287,-5.0646,-1.8264,6.1403,0.5948,0.1917,-0.6570
1230798380297,-4.8995,-2.3792,6.1475,0.2026,0.1673,-0.7499
1230798380306,-4.9856,-2.9821,5.9369,0.0072,0.2076,-0.8452
1230798380317,-5.2584,-3.3076,5.6043,-0.0173,0.2662,-0.9625
1230798380326,-5.5742,-3.5851,5.4320,0.1330,0.2625,-1.0993
1230798380335,-5.8064,-4.0230,5.3052,0.4238,0.1587,-1.2459
1230798380345,-5.6556,-4.2814,4.9702,0.7157,-0.0075,-1.3864
1230798380355,-5.1387,-4.2838,4.1184,0.8990,-0.1589,-1.4842
1230798380364,-4.4018,-3.6043,3.4244,0.8844,-0.2493,-1.5391
1230798380375,-3.9902,-2.5012,3.7714,0.6473,-0.3385,-1.5587
1230798380383,-3.7724,-1.9843,4.5132,0.3761,-0.4974,-1.6088
1230798380393,-3.4351,-2.3696,5.3794,0.0670,-0.6256,-1.7199
1230798380403,-2.7986,-3.5086,6.0446,-0.2726,-0.6794,-1.8397
1230798380413,-2.0113,-4.9467,6.1164,-0.4766,-0.6708,-1.9472
1230798380422,-1.4466,-6.2651,6.1092,-0.3801,-0.6195,-2.0535
1230798380431,-1.1523,-6.8705,5.3578,-0.0234,-0.5426,-2.1695
1230798380447,-0.9944,-6.4685,4.2500,0.3871,-0.3996,-2.2428
1230798380451,-1.2265,-5.5161,3.9724,0.6913,-0.2836,-2.2355
1230798380460,-1.3413,-4.3532,4.1327,0.7512,-0.3080,-2.2074
1230798380470,-0.7862,-3.6043,4.2787,0.5557,-0.4570,-2.1879
1230798380479,0.3504,-4.0159,4.5754,0.1892,-0.6611,-2.1622
1230798380489,1.6975,-5.0113,5.0157,-0.3264,-0.8126,-2.1219
1230798380499,2.8485,-6.2101,5.0205,-0.7491,-0.8089,-2.0620
1230798380508,3.3390,-7.4783,4.8793,-0.8053,-0.6085,-2.0058
1230798380518,3.0662,-8.1889,5.2526,-0.4778,-0.3165,-1.9973
1230798380527,2.2216,-8.1195,5.6187,0.0450,-0.0832,-2.0034
1230798380538,1.1592,-7.4160,6.0231,0.5056,0.0206,-1.9741
1230798380547,0.3767,-6.2723,6.1523,0.7390,-0.0172,-1.8959
1230798380561,0.1494,-5.1429,5.8005,0.7536,-0.1406,-1.8116
1230798380566,0.1853,-4.4298,5.3650,0.6644,-0.2518,-1.7908
1230798380576,0.3576,-4.0254,5.6258,0.5105,-0.3251,-1.8287
1230798380585,0.7165,-4.2192,6.3628,0.3822,-0.4192,-1.8556
1230798380595,1.4200,-4.5351,6.8007,0.2564,-0.5181,-1.8226
1230798380605,2.3245,-4.7648,7.1309,0.0634,-0.5670,-1.7248
1230798380614,3.1117,-5.0639,7.6167,-0.1358,-0.5645,-1.6259
1230798380625,3.6309,-5.4707,8.3154,-0.3435,-0.5169,-1.5587
1230798380635,3.9635,-6.3273,8.6384,-0.5084,-0.4265,-1.5013
1230798380645,4.0042,-7.3179,8.4685,-0.6477,-0.2628,-1.4182
1230798380653,3.6549,-8.0597,7.8966,-0.7039,-0.0746,-1.3339
1230798380664,3.0519,-8.1817,7.7674,-0.6953,0.0964,-1.2789
1230798380673,2.4345,-7.4711,7.7148,-0.6782,0.1734,-1.2154
1230798380681,2.2335,-6.5331,7.5377,-0.7051,0.1501,-1.1005
1230798380691,2.3843,-6.2890,7.7722,-0.7918,0.0768,-0.9661
1230798380701,2.7408,-6.4805,8.2651,-1.0166,0.0072,-0.8513
1230798380710,3.2864,-6.8848,8.5571,-1.2732,-0.0099,-0.7316
1230798380720,3.7243,-7.6218,8.4422,-1.3880,0.0536,-0.6192
1230798380729,3.6740,-8.4856,7.9828,-1.3514,0.1941,-0.5593
1230798380740,3.0878,-9.0862,7.4587,-1.2243,0.3456,-0.5275
1230798380749,2.1833,-9.0575,7.4587,-1.0252,0.4446,-0.4762
1230798380758,1.3673,-8.5766,7.7243,-0.7601,0.4006,-0.4249
1230798380768,1.1017,-7.7845,7.7435,-0.5255,0.2479,-0.3797
1230798380777,1.3219,-7.2151,7.7578,-0.4436,0.0781,-0.3040
1230798380787,1.7741,-7.1241,7.8368,-0.4803,-0.0380,-0.2466
1230798380797,2.2527,-7.5668,8.0091,-0.5658,-0.0624,-0.2258
1230798380806,2.5590,-8.2966,8.0426,-0.6171,-0.0160,-0.2013
1230798380816,2.5661,-8.9164,7.8607,-0.5878,0.0732,-0.1708
1230798380826,2.2168,-9.1987,7.8153,-0.4681,0.1599,-0.1268
1230798380835,1.6951,-9.0073,7.9660,-0.3044,0.1917,-0.0987
1230798380845,1.3769,-8.5694,7.9612,-0.1663,0.1477,-0.0816
1230798380854,1.4176,-8.0669,7.6047,-0.1028,0.0793,-0.0523
1230798380864,1.6425,-7.8061,7.3176,-0.1199,0.0329,-0.0205
1230798380875,1.8698,-7.8850,7.3822,-0.1969,-0.0038,0.0186
1230798380884,2.1450,-8.3229,7.6262,-0.3019,-0.0319,0.0882
1230798380894,2.4489,-8.6460,7.5473,-0.4119,-0.0258,0.1957
1230798380904,2.6140,-8.9307,7.4707,-0.4937,0.0206,0.3533
1230798380914,2.6020,-9.3447,7.6286,-0.5267,0.0707,0.5146
1230798380923,2.6595,-9.9524,7.7243,-0.5328,0.1025,0.6404
1230798380933,2.7265,-10.7923,8.1838,-0.4632,0.1208,0.7711
1230798380942,2.8724,-10.9574,8.4733,-0.3435,0.1135,0.9031
1230798380952,3.1428,-10.5961,7.8799,-0.1626,0.1147,1.0937
1230798380962,3.2648,-9.7514,6.9826,-0.0295,0.1452,1.3038
1230798380971,3.0830,-8.9259,6.6236,-0.0722,0.1831,1.4651
1230798380981,2.8748,-8.2392,6.3868,-0.2408,0.1795,1.5506
1230798380990,2.8078,-7.8731,6.1188,-0.4608,0.1685,1.6251
1230798380998,2.8341,-8.2918,6.2982,-0.5841,0.1489,1.6960
1230798381008,2.9729,-8.6819,6.3700,-0.5793,0.1184,1.7241
1230798381017,3.2768,-9.0527,5.9441,-0.4571,0.1098,1.7595
1230798381030,3.5783,-9.3494,5.3291,-0.2982,0.1196,1.8353
1230798381037,3.5783,-9.2226,4.6879,-0.2079,0.1184,1.9367
1230798381047,3.2792,-8.9307,3.9796,-0.1736,0.1049,2.0564
1230798381056,2.6547,-8.4450,3.6900,-0.2384,0.0891,2.1553
1230798381066,1.8268,-7.8492,4.0538,-0.3887,0.0341,2.2054
1230798381076,1.2716,-7.7008,4.5132,-0.4620,-0.0893,2.2042
1230798381085,1.2214,-8.1459,4.6304,-0.3740,-0.2396,2.1346
1230798381095,1.4080,-8.4282,4.6089,-0.1993,-0.3740,2.0540
1230798381104,1.4439,-8.1530,4.5323,0.0377,-0.4632,2.0320
1230798381114,1.2692,-7.4974,4.0514,0.3309,-0.4778,2.0882
1230798381123,0.7548,-7.0835,3.7355,0.5142,-0.4301,2.1847
1230798381134,0.1015,-6.4996,3.8241,0.3761,-0.4008,2.2360
1230798381143,-0.5350,-6.0856,4.2930,0.0658,-0.4705,2.2128
1230798381153,-0.8365,-5.9421,4.5012,-0.1663,-0.6098,2.1163
1230798381162,-0.8077,-6.2818,4.2883,-0.2482,-0.7087,2.0026
1230798381171,-0.7336,-6.9494,4.3624,-0.2152,-0.7527,1.9183
1230798381181,-0.8101,-7.0547,4.7094,-0.1407,-0.7869,1.8512
1230798381193,-0.9059,-6.5427,4.6831,0.0328,-0.8126,1.8243
1230798381200,-0.9657,-5.7530,4.1662,0.2209,-0.7612,1.8438
1230798381210,-1.2720,-5.0495,3.8169,0.2943,-0.6550,1.8585
1230798381220,-1.9802,-4.5495,4.0059,0.1794,-0.5755,1.8133
1230798381230,-2.7244,-4.1594,4.2930,-0.0625,-0.5682,1.7180
1230798381239,-3.2556,-4.0015,4.4725,-0.3141,-0.6244,1.5897
1230798381248,-3.5164,-4.2599,4.4605,-0.4253,-0.7063,1.4028
1230798381258,-3.6145,-4.5997,4.4438,-0.4388,-0.7710,1.1902
1230798381267,-3.8012,-4.5997,4.6568,-0.3923,-0.8358,1.0143
1230798381277,-4.0907,-4.4705,4.8003,-0.2201,-0.8920,0.8786
1230798381286,-4.3683,-4.2432,4.8817,-0.0246,-0.9091,0.7797
1230798381296,-4.6769,-3.6258,4.8817,0.1073,-0.9103,0.6880
1230798381306,-4.9760,-3.0180,4.7907,0.1758,-0.9066,0.6123
1230798381315,-5.2871,-3.0276,4.9606,0.1745,-0.9176,0.5427
1230798381325,-5.4905,-3.2214,5.4966,0.0194,-0.9641,0.4388
1230798381334,-5.4857,-3.3650,6.0135,-0.1956,-1.0337,0.2947
1230798381344,-5.3708,-3.6426,6.4968,-0.3325,-1.0801,0.1578
1230798381354,-5.3086,-4.1187,6.7313,-0.3850,-1.0777,0.0295
1230798381363,-5.2536,-4.4465,6.8797,-0.3618,-1.0227,-0.1085
1230798381373,-5.2129,-4.3963,6.8869,-0.2690,-0.9653,-0.2160
1230798381386,-5.1029,-3.9752,6.5160,-0.1272,-0.9176,-0.2624
1230798381392,-4.9760,-3.9058,6.3222,0.0011,-0.8712,-0.2502
1230798381402,-5.0024,-4.1068,6.6619,-0.0502,-0.8504,-0.2294
1230798381411,-4.8827,-4.4011,7.1501,-0.2970,-0.8736,-0.2392
1230798381421,-4.4855,-4.6691,7.3870,-0.5744,-0.8834,-0.2881
1230798381431,-4.1003,-4.9754,7.6789,-0.7466,-0.8394,-0.3406
1230798381441,-3.8993,-5.2266,7.8942,-0.7625,-0.7832,-0.3993
1230798381450,-3.7294,-5.6597,7.9636,-0.6000,-0.7038,-0.4506
1230798381462,-3.5715,-6.3417,7.9301,-0.2860,-0.6305,-0.4933
1230798381471,-3.3394,-6.6982,7.7243,-0.0221,-0.5694,-0.5055
1230798381481,-3.0498,-6.7245,7.4133,0.1391,-0.5096,-0.4616
1230798381490,-2.8345,-6.5427,7.3008,0.1892,-0.4301,-0.3944
1230798381500,-2.8345,-6.1598,7.5808,0.0609,-0.3678,-0.3357
1230798381509,-2.8727,-5.9397,7.9397,-0.1871,-0.3288,-0.3040
1230798381519,-2.8034,-6.0665,8.2053,-0.4351,-0.2970,-0.3052
1230798381528,-2.7029,-6.5044,8.2962,-0.6220,-0.2542,-0.3406
1230798381539,-2.5545,-7.2031,8.1239,-0.6526,-0.1858,-0.3748
1230798381546,-2.4109,-8.0190,7.7459,-0.5316,-0.0954,-0.3785
1230798381557,-2.3224,-8.5646,7.4252,-0.3997,-0.0123,-0.3492
1230798381566,-2.2793,-8.7082,7.0591,-0.2812,0.0402,-0.2905
1230798381577,-2.2889,-8.4210,6.8916,-0.1907,0.0842,-0.1891
1230798381584,-2.4253,-7.9879,7.0807,-0.1749,0.1062,-0.0596
1230798381597,-2.5736,-7.7941,7.3008,-0.1822,0.1196,0.0332
1230798381604,-2.6550,-7.6888,7.4276,-0.2677,0.1599,0.0723
1230798381614,-2.6789,-7.8133,7.5449,-0.3728,0.2210,0.0943
1230798381623,-2.7148,-8.0980,7.3798,-0.4302,0.2845,0.1187
1230798381633,-2.7340,-8.4186,7.0185,-0.4730,0.3652,0.1639
1230798381642,-3.0211,-8.4641,6.8677,-0.5695,0.4544,0.2385
1230798381652,-3.5858,-8.3134,7.1644,-0.6965,0.5301,0.3387
1230798381663,-4.2079,-8.1674,7.5616,-0.7430,0.5826,0.4303
1230798381673,-4.6578,-7.9449,7.7435,-0.7454,0.6376,0.5024
1230798381683,-5.0789,-7.9425,8.0043,-0.7247,0.6841,0.5757
1230798381693,-5.4020,-8.1363,8.0809,-0.6404,0.7256,0.6306
1230798381702,-5.6700,-8.4809,8.1862,-0.5279,0.7928,0.6942
1230798381712,-5.7585,-8.3899,8.1359,-0.4094,0.8306,0.7455
1230798381721,-5.7705,-8.2129,7.9995,-0.1688,0.8759,0.7870
1230798381730,-5.8398,-8.2416,8.2005,0.1440,0.9015,0.8139
1230798381741,-5.8566,-7.8731,8.4422,0.4103,0.8856,0.7821
1230798381750,-5.7226,-7.2174,8.3848,0.6510,0.8649,0.7540
1230798381760,-5.5503,-6.8729,8.2364,0.9149,0.8673,0.7271
1230798381769,-5.3708,-6.2340,7.8368,1.0749,0.8893,0.6367
1230798381779,-5.3398,-5.4228,7.5138,1.1287,0.9382,0.5439
1230798381789,-5.4857,-4.7648,7.3606,1.1592,0.9699,0.4510
1230798381798,-5.5575,-4.3867,7.0376,1.1605,0.9772,0.3240
1230798381808,-5.5288,-4.5159,6.7768,1.1531,0.9589,0.1578
1230798381817,-5.5958,-4.7839,6.2647,1.1348,0.9418,-0.0486
1230798381827,-5.5599,-4.8725,5.8029,1.0420,0.9455,-0.2025
1230798381837,-5.6628,-4.7911,5.4751,0.8672,0.9101,-0.2881
1230798381846,-5.7082,-4.5853,5.3387,0.6302,0.8294,-0.3761
1230798381855,-5.6700,-4.4992,5.2191,0.3847,0.7354,-0.4946
1230798381865,-5.3637,-4.2240,4.8721,0.1501,0.6791,-0.6277
1230798381874,-5.2081,-4.4083,4.9678,0.1232,0.6327,-0.7633
1230798381884,-5.1651,-4.8677,5.2765,0.3492,0.5521,-0.9221
1230798381893,-4.9641,-5.3798,5.2071,0.7487,0.4666,-1.0602
1230798381902,-4.8205,-6.2053,5.1784,1.3010,0.3933,-1.1592
1230798381913,-4.5573,-7.0284,4.7190,1.8605,0.3261,-1.2276
1230798381923,-4.2271,-7.6099,4.1973,2.1757,0.2748,-1.2141
1230798381933,-4.0524,-7.4160,3.7834,2.1452,0.1880,-1.1604
1230798381942,-3.9902,-6.2412,3.8910,1.8239,0.0805,-1.1347
1230798381952,-4.0285,-4.8103,4.5299,1.4097,-0.0636,-1.1812
1230798381961,-3.6026,-3.6713,5.1640,1.0713,-0.1919,-1.3217
1230798381971,-2.8369,-3.5253,5.5900,0.9149,-0.2762,-1.5318
1230798381981,-2.0903,-4.0182,5.7694,0.8306,-0.2946,-1.7346
1230798381990,-1.4466,-4.6858,5.4966,0.8074,-0.2383,-1.8287
1230798382000,-1.2313,-5.8033,4.9295,0.9552,-0.1479,-1.8140
1230798382010,-1.3916,-7.0906,4.6376,1.1238,-0.0551,-1.7932
1230798382019,-1.6500,-7.4950,4.6615,0.9906,-0.0270,-1.7554
1230798382027,-1.6093,-6.7508,4.7692,0.5178,-0.1308,-1.6735
1230798382076,-1.1547,-5.5042,4.7261,0.0011,-0.2982,-1.6149
1230798382077,-0.4775,-4.6141,4.8051,-0.4388,-0.3898,-1.6137
1230798382079,0.1590,-4.3915,4.9606,-0.7955,-0.3837,-1.6552
1230798382086,0.5897,-4.9371,4.9822,-0.9421,-0.2921,-1.7212
1230798382091,0.6327,-5.9708,5.1186,-0.8016,-0.1699,-1.7847
1230798382092,0.4604,-7.0045,5.0994,-0.3862,-0.0771,-1.8299
1230798382096,0.3049,-7.8970,4.8506,0.1904,-0.0343,-1.8262
1230798382103,0.1781,-8.2990,4.8697,0.6730,-0.0624,-1.7652
1230798382113,0.1805,-7.5572,4.9415,0.8330,-0.1809,-1.6638
1230798382124,0.4509,-6.1574,4.9678,0.7267,-0.3300,-1.5574
1230798382132,0.8146,-5.1620,5.4129,0.4848,-0.4521,-1.4707
1230798382144,1.3697,-4.5758,5.7742,0.0890,-0.5377,-1.4389
1230798382151,2.1570,-4.6117,5.8867,-0.3203,-0.5670,-1.4267
1230798382163,2.7623,-5.7267,6.1714,-0.5182,-0.5316,-1.4109
1230798382171,3.0399,-7.0045,6.3317,-0.4998,-0.4314,-1.3803
1230798382182,2.8652,-7.9090,6.6739,-0.3203,-0.2970,-1.3009
1230798382190,2.4632,-8.2129,7.0639,-0.0014,-0.1870,-1.1909
1230798382204,2.0924,-7.8683,7.0185,0.2955,-0.1357,-1.0443
1230798382209,1.8842,-7.2533,7.0376,0.4458,-0.1186,-0.8892
1230798382220,1.8291,-6.6049,7.1214,0.4042,-0.1504,-0.7536
1230798382229,1.9990,-6.0617,7.3439,0.1684,-0.1919,-0.6338
1230798382239,2.4369,-5.9732,7.5162,-0.1248,-0.2273,-0.5251
1230798382250,2.9298,-6.4757,7.6813,-0.3398,-0.2225,-0.4616
1230798382260,3.2481,-7.3514,7.5257,-0.3984,-0.1675,-0.4286
1230798382269,3.1572,-7.7702,7.2554,-0.3435,-0.0832,-0.3895
1230798382278,2.6427,-7.6051,7.4420,-0.1407,-0.0099,-0.3540
1230798382287,2.1259,-6.8418,7.5664,0.1660,0.0011,-0.3467
1230798382297,1.8626,-6.2914,7.6119,0.4238,-0.0282,-0.3455
1230798382307,1.9033,-6.1814,7.6119,0.4922,-0.0869,-0.3418
1230798382317,2.1450,-6.1861,7.4659,0.3187,-0.1235,-0.3211
1230798382327,2.3077,-6.4063,7.4611,0.0279,-0.1308,-0.3015
1230798382336,2.3723,-6.5857,7.4468,-0.2640,-0.1076,-0.2991
1230798382346,2.1905,-6.4876,7.4611,-0.4888,-0.0759,-0.2942
1230798382355,1.9655,-6.3943,7.4181,-0.5719,-0.0502,-0.2868
1230798382365,1.8459,-6.8035,7.5425,-0.5267,-0.0526,-0.2942
1230798382375,1.8507,-7.3060,7.5473,-0.4510,-0.0820,-0.3260
1230798382384,1.8770,-7.5859,7.5808,-0.3386,-0.1076,-0.3602
1230798382392,1.8291,-7.5357,7.5808,-0.1590,-0.1052,-0.3834
1230798382402,1.7287,-7.4519,7.3965,0.0133,-0.0783,-0.3834
1230798382411,1.5372,-7.3778,7.1764,0.0414,-0.0575,-0.3467
1230798382421,1.3314,-7.4208,7.1166,-0.0283,-0.0649,-0.2979
1230798382431,1.2070,-7.1600,6.9563,-0.1346,-0.0820,-0.2331
1230798382440,1.1687,-7.1241,7.6693,-0.2640,-0.1052,-0.1635
1230798382452,1.4846,-6.6695,7.9110,-0.4180,-0.1577,-0.1146
1230798382461,1.9392,-6.6384,7.9804,-0.4998,-0.1785,-0.0682
1230798382471,2.2527,-7.3299,8.5140,-0.4803,-0.1553,-0.0425
1230798382480,2.4393,-8.1985,8.3010,-0.4583,-0.0832,0.0088
1230798382490,2.2934,-8.9762,8.0617,-0.3838,0.0231,0.1004
1230798382499,1.9081,-9.4428,8.2029,-0.1920,0.0976,0.1957
1230798382509,1.8746,-8.7776,7.7387,-0.0099,0.1392,0.3264
1230798382518,1.8291,-8.2655,8.0306,0.1635,0.1587,0.5219
1230798382528,1.9990,-8.1076,8.6528,0.2735,0.1550,0.6685
1230798382537,2.5685,-8.1722,9.0595,0.1696,0.2015,0.8078
1230798382546,2.9466,-8.2775,9.3371,-0.0612,0.2943,0.9397
1230798382556,3.1380,-8.7130,9.4137,-0.2909,0.4140,1.0607
1230798382566,3.1643,-9.1006,9.1337,-0.3972,0.5093,1.1584
1230798382576,2.9944,-9.0001,8.3130,-0.3276,0.5655,1.2085
1230798382585,2.7839,-8.8470,7.2027,-0.1346,0.5509,1.2855
1230798382596,2.3867,-8.0932,6.1212,0.0682,0.5069,1.3270
1230798382605,1.6712,-7.7271,5.9082,0.2710,0.4776,1.4284
1230798382615,1.3027,-8.1028,6.6595,0.3443,0.3884,1.5445
1230798382623,1.6856,-7.8874,7.3965,0.2014,0.2454,1.5762
1230798382634,2.4728,-7.5788,7.5927,0.0108,0.1721,1.5775
1230798382644,3.0232,-7.1624,7.0185,-0.2531,0.2027,1.5714
1230798382651,3.0303,-7.2486,6.1403,-0.5817,0.2650,1.6068
1230798382661,2.6834,-7.6003,5.5373,-0.9006,0.2968,1.6948
1230798382671,2.0924,-7.7989,5.0898,-1.0203,0.3065,1.7717
1230798382680,1.2692,-7.9808,5.0970,-0.9702,0.2968,1.8035
1230798382690,0.4748,-8.0334,5.4607,-0.8859,0.2210,1.8414
1230798382699,0.1015,-8.3636,5.8388,-0.7760,0.1147,1.8560
1230798382711,0.1326,-8.3708,5.9656,-0.6978,-0.0135,1.8145
1230798382721,0.3360,-8.3636,5.7766,-0.5964,-0.1040,1.7729
1230798382730,0.4844,-8.5120,5.5038,-0.4192,-0.1516,1.7595
1230798382740,0.4963,-8.5359,5.5301,-0.2726,-0.2017,1.8011
1230798382750,0.3432,-8.0549,5.2908,-0.1248,-0.2457,1.8634
1230798382759,-0.0540,-7.6434,5.0874,-0.0014,-0.2237,1.9245
1230798382769,-0.5900,-7.8802,5.2502,0.0878,-0.1992,1.9660
1230798382779,-0.9250,-8.1219,5.3770,0.1061,-0.2139,1.9660
1230798382788,-1.3055,-7.8515,5.3578,0.1171,-0.2518,1.9464
1230798382798,-1.7218,-7.3084,5.5134,0.1269,-0.2664,1.9477
1230798382807,-1.9659,-6.8753,5.6857,0.1024,-0.2799,1.9379
1230798382816,-1.9850,-6.8298,5.7718,0.0768,-0.2933,1.8548
1230798382826,-1.8941,-7.0404,5.6498,0.0365,-0.3043,1.7619
1230798382836,-1.9707,-7.0571,5.2765,0.0169,-0.2860,1.7241
1230798382846,-2.3798,-6.5331,5.0635,-0.0002,-0.2542,1.7265
1230798382855,-2.9852,-6.0019,5.2310,-0.0185,-0.2505,1.7436
1230798382865,-3.3178,-5.7913,5.2837,-0.0393,-0.2664,1.7339
1230798382875,-3.5140,-5.7865,5.2813,-0.0918,-0.2909,1.6581
1230798382884,-3.5810,-5.9660,5.1784,-0.1346,-0.3068,1.5530
1230798382894,-3.6863,-5.9110,5.1760,-0.1455,-0.3141,1.4895
1230798382903,-3.8562,-5.5449,5.5062,-0.1382,-0.3483,1.4590
1230798382911,-4.0237,-5.3152,5.7192,-0.0197,-0.3874,1.4187
1230798382921,-4.0955,-4.9658,5.5517,0.0658,-0.4069,1.3563
1230798382930,-4.1601,-4.7074,5.3483,0.1012,-0.4082,1.2953
1230798382940,-4.2965,-4.7050,5.2262,0.1147,-0.4277,1.2171
1230798382950,-4.4089,-4.5566,5.3315,0.0695,-0.4656,1.1242
1230798382960,-4.5238,-4.1140,5.4320,0.0035,-0.5255,1.0497
1230798382971,-4.5621,-3.9919,5.5397,0.0108,-0.5609,0.9947
1230798382980,-4.6602,-3.7455,5.6737,0.0108,-0.5816,0.9214
1230798382990,-4.7631,-3.4368,5.6689,0.0059,-0.5902,0.8359
1230798382999,-4.8755,-3.0994,5.5923,0.0255,-0.5927,0.7724
1230798383009,-5.0167,-3.1066,5.7168,0.0438,-0.6159,0.7088
1230798383018,-4.9904,-3.3698,5.8244,0.0682,-0.6513,0.6111
1230798383028,-4.9066,-3.5516,5.9919,0.0450,-0.6879,0.5011
1230798383037,-4.8205,-3.6785,6.2336,0.0328,-0.7319,0.3936
1230798383048,-4.7224,-3.7502,6.2887,0.0853,-0.7454,0.2947
1230798383056,-4.6363,-3.6258,6.3915,0.1428,-0.7209,0.2177
1230798383066,-4.6650,-3.0922,6.4777,0.1770,-0.6940,0.1554
1230798383077,-4.7104,-2.5275,6.4777,0.1953,-0.6574,0.1065
1230798383085,-4.7296,-2.0178,6.3987,0.1525,-0.6207,0.0528
1230798383093,-4.6985,-2.0154,6.6356,0.0707,-0.5939,-0.0169
1230798383105,-4.5908,-2.4055,6.9610,-0.0295,-0.5829,-0.1158
1230798383113,-4.4089,-3.1760,6.9993,-0.0576,-0.5572,-0.2307
1230798383122,-4.2749,-3.8531,6.6811,-0.0124,-0.4974,-0.3174
1230798383134,-4.3324,-4.2360,6.7170,0.0646,-0.4265,-0.3602
1230798383144,-4.4592,-4.3365,6.9682,0.1831,-0.4021,-0.3846
1230798383153,-4.4089,-4.1092,7.0041,0.2600,-0.4106,-0.4103
1230798383163,-4.2821,-3.3291,6.5423,0.1929,-0.4204,-0.4432
1230798383171,-4.1027,-2.1470,6.1929,-0.0307,-0.3691,-0.4774
1230798383180,-4.1601,-1.3479,6.3437,-0.2812,-0.3544,-0.5349
1230798383190,-3.9256,-1.8456,6.2240,-0.4009,-0.3336,-0.6033
1230798383200,-3.7437,-3.5684,6.4705,-0.5573,-0.2982,-0.6302
1230798383210,-3.6600,-5.0137,6.9993,-0.7662,-0.2860,-0.6876
1230798383219,-3.5762,-5.9803,7.1812,-0.8358,-0.2652,-0.6925
1230798383231,-3.4925,-6.3991,7.0926,-0.7491,-0.2310,-0.6522
1230798383239,-3.5284,-6.1933,7.0304,-0.5878,-0.1980,-0.6082
1230798383249,-3.6743,-6.0473,6.9897,-0.4217,-0.1675,-0.5654
1230798383259,-3.8083,-5.9134,6.9204,-0.2958,-0.1467,-0.5508
1230798383269,-3.8131,-5.9349,6.9563,-0.2225,-0.1455,-0.5752
1230798383278,-3.7294,-5.8320,6.9443,-0.2042,-0.1528,-0.5996
1230798383287,-3.5691,-6.0450,7.0113,-0.1773,-0.1516,-0.5850
1230798383297,-3.4255,-6.3177,7.1333,-0.1822,-0.1284,-0.5446
1230798383307,-3.3992,-6.5355,7.3941,-0.2946,-0.0893,-0.4884
1230798383317,-3.5069,-6.7796,7.6191,-0.4351,-0.0380,-0.4212
1230798383326,-3.6432,-6.8801,7.7602,-0.5817,0.0145,-0.3687
1230798383336,-3.7461,-7.0164,7.8009,-0.6794,0.0451,-0.3406
1230798383345,-3.7198,-7.1122,7.6023,-0.7222,0.0634,-0.3137
1230798383355,-3.6361,-7.3347,7.3750,-0.6746,0.0805,-0.2917
1230798383365,-3.5667,-7.5788,7.3630,-0.5621,0.0939,-0.2673
1230798383374,-3.5547,-7.7989,7.4875,-0.4204,0.0939,-0.2087
1230798383384,-3.5116,-7.9784,7.5473,-0.2592,0.1049,-0.1390
1230798383393,-3.5403,-7.9329,7.5186,-0.1358,0.1172,-0.0865
1230798383403,-3.5523,-7.5620,7.5066,-0.1150,0.1282,-0.0401
1230798383412,-3.5667,-7.1313,7.4229,-0.1651,0.1330,0.0027
1230798383422,-3.5547,-6.8513,7.3271,-0.2457,0.1330,0.0198
1230798383430,-3.5427,-6.8848,7.2314,-0.3410,0.1367,0.0076
1230798383439,-3.5140,-7.1122,7.0304,-0.4021,0.1343,-0.0034
1230798383449,-3.4159,-7.5955,6.8079,-0.4021,0.1245,0.0137
1230798383459,-3.3776,-7.9544,6.8749,-0.3752,0.1098,0.0503
1230798383469,-3.4398,-8.0741,7.0591,-0.3190,0.0817,0.0980
1230798383479,-3.4327,-8.1841,7.1620,-0.1944,0.0622,0.1530
1230798383489,-3.4327,-8.0789,7.1668,-0.0869,0.0610,0.1969
1230798383499,-3.4709,-7.7199,7.1501,-0.0246,0.0610,0.2238
1230798383509,-3.4566,-7.7367,7.1596,0.0462,0.0683,0.2482
1230798383518,-3.4733,-7.7941,7.2697,0.0902,0.0695,0.2592
1230798383527,-3.4470,-7.5309,7.5569,0.0670,0.0658,0.2739
1230798383538,-3.4781,-7.3993,7.9588,0.0695,0.0768,0.3215
1230798383545,-3.5547,-7.5309,8.5164,0.1073,0.1147,0.3655
1230798383559,-3.5858,-7.6386,8.8968,0.1330,0.1831,0.4095
1230798383565,-3.7270,-7.7989,9.2629,0.2222,0.2943,0.4767
1230798383576,-4.0428,-7.8611,9.4400,0.4103,0.4372,0.5561
1230798383585,-4.5525,-7.7463,9.6601,0.6424,0.6071,0.6429
1230798383593,-5.0861,-7.7439,9.9114,0.9100,0.7806,0.7381
1230798383604,-5.6484,-7.5333,10.1219,1.1800,0.9455,0.8212
1230798383612,-6.0887,-7.2486,10.2153,1.4634,1.0872,0.8933
1230798383623,-6.5218,-7.2414,10.2440,1.7677,1.2131,0.9446
1230798383634,-6.8065,-7.2294,9.8157,1.9680,1.3145,0.9630
1230798383643,-6.8161,-7.0212,8.9949,2.0596,1.3877,0.9458
1230798383652,-6.7874,-6.3847,8.1479,2.0377,1.4525,0.9067
1230798383662,-6.9262,-5.6071,7.6358,2.0364,1.4940,0.8774
1230798383672,-7.0052,-4.6093,6.8821,2.0804,1.5173,0.8335
1230798383682,-7.1679,-3.3913,6.4920,2.0951,1.5075,0.7699
1230798383689,-7.2397,-2.2164,5.9800,2.0951,1.4330,0.6734
1230798383699,-7.0985,-1.2091,5.1975,2.0780,1.3499,0.5512
1230798383709,-6.9525,-0.5462,4.9606,2.0230,1.2546,0.4413
1230798383718,-6.8568,-0.7807,4.8410,1.9436,1.1092,0.3558
1230798383728,-6.6630,-1.1516,4.8386,1.7163,0.9785,0.2373
1230798383738,-6.4620,-1.1492,4.8386,1.3792,0.8661,0.0711
1230798383749,-6.2801,-0.8119,4.9726,1.0468,0.7647,-0.0914
1230798383759,-6.1749,-0.3405,4.6783,0.7732,0.6730,-0.2551
1230798383768,-6.1916,-0.0342,4.0849,0.5203,0.6144,-0.4396
1230798383778,-6.3495,0.0520,3.7714,0.2820,0.5680,-0.6424
1230798383787,-6.4955,-0.2543,4.0083,0.0878,0.4666,-0.8379
1230798383797,-6.3160,-0.7831,4.1327,-0.0466,0.2894,-1.0126
1230798383806,-5.8375,-1.2545,4.0681,-0.1504,0.0952,-1.1592
1230798383816,-5.2991,-1.8288,4.3074,-0.1749,-0.0795,-1.2801
1230798383826,-4.8612,-2.3481,4.5850,-0.2054,-0.2359,-1.3864
1230798383835,-4.5286,-2.5084,4.5706,-0.2946,-0.3226,-1.4732
1230798383843,-4.4424,-2.4462,4.7477,-0.3569,-0.3532,-1.5465
1230798383855,-4.4783,-2.4892,4.8410,-0.3166,-0.4033,-1.6515
1230798383864,-4.4257,-2.5634,4.9271,-0.2433,-0.4766,-1.7908
1230798383872,-4.0739,-3.0204,4.8386,-0.1125,-0.5829,-1.9142
1230798383883,-3.5930,-3.7144,4.8123,0.0585,-0.6806,-2.0058
1230798383893,-3.0379,-4.2647,4.7525,0.1843,-0.7600,-2.0706
1230798383902,-2.4492,-4.4753,4.9032,0.2002,-0.8187,-2.1036
1230798383912,-1.9324,-4.5734,5.1784,0.0817,-0.9030,-2.1072
1230798383922,-1.4873,-4.4489,5.4464,-0.2189,-0.9763,-2.0975
1230798383931,-1.0542,-4.3652,5.6641,-0.5793,-0.9946,-2.0962
1230798383941,-0.6953,-4.8414,6.2001,-0.8395,-0.9494,-2.1170
1230798383949,-0.4249,-5.6071,6.4705,-0.9690,-0.8871,-2.1610
1230798383958,-0.2550,-6.2436,6.2528,-0.9873,-0.7845,-2.1879
1230798383968,-0.3124,-6.6838,6.0183,-0.8273,-0.6464,-2.1866
1230798383978,-0.6091,-7.1169,5.6928,-0.4815,-0.5267,-2.1793
1230798383987,-0.8676,-7.3706,5.2980,-0.1516,-0.4570,-2.1488
1230798383997,-0.9585,-7.1433,5.1425,-0.1052,-0.4607,-2.0535
1230798384008,-0.7527,-6.6527,5.5086,-0.3447,-0.5499,-1.9007
1230798384018,-0.1808,-6.3010,6.0398,-0.6721,-0.7026,-1.7981
1230798384026,0.7021,-6.2555,6.4442,-0.9543,-0.8162,-1.7871
1230798384035,1.6688,-6.7508,6.4490,-1.1339,-0.8028,-1.7871
1230798384045,2.3149,-7.6147,6.3987,-1.1388,-0.6464,-1.7517
1230798384056,2.4632,-8.3995,6.1786,-0.9458,-0.4143,-1.7126
1230798384064,2.1019,-9.0982,5.9082,-0.4888,-0.1797,-1.6906
1230798384075,1.3338,-9.5122,5.9656,0.0597,0.0011,-1.6601
1230798384085,0.5610,-9.3303,6.2743,0.4812,0.0549,-1.6027
1230798384094,0.2068,-8.2990,6.4681,0.6742,-0.0355,-1.5110
1230798384102,0.4174,-7.0930,6.6882,0.6901,-0.2115,-1.4109
1230798384112,1.0682,-6.2316,7.0711,0.5777,-0.3947,-1.3559
1230798384122,1.9344,-5.8679,7.4587,0.3505,-0.5022,-1.3436
1230798384133,2.7695,-5.9875,7.6143,0.1416,-0.4937,-1.3302
1230798384142,3.2026,-6.5977,7.4372,0.0731,-0.3373,-1.2923
1230798384152,3.0638,-7.1552,6.9778,0.1648,-0.1125,-1.2422
1230798384161,2.4465,-7.8468,6.7911,0.4555,0.0720,-1.2044
1230798384172,1.7215,-8.2487,6.7744,0.7695,0.1563,-1.1702
1230798384181,1.2573,-7.9736,7.0304,0.9247,0.1282,-1.0883
1230798384191,1.1639,-7.0667,7.7124,0.8917,-0.0026,-0.9710
1230798384200,1.6090,-5.8535,8.1503,0.6559,-0.1712,-0.8660
1230798384208,2.4178,-5.1620,8.4254,0.2197,-0.2628,-0.7914
1230798384218,3.0902,-5.0089,8.6552,-0.3862,-0.2054,-0.7193
1230798384229,3.3534,-5.6741,8.5499,-0.9812,-0.0197,-0.6143
1230798384238,2.9968,-6.8801,8.2962,-1.3550,0.2125,-0.5031
1230798384248,2.2742,-7.8396,8.0809,-1.3844,0.3871,-0.4469
1230798384258,1.5803,-8.5167,7.7770,-1.1009,0.4519,-0.4237
1230798384266,1.0874,-8.6412,7.4970,-0.6941,0.4372,-0.3773
1230798384277,0.7859,-8.1985,7.4683,-0.3386,0.3505,-0.3052
1230798384288,0.7308,-7.3251,7.5521,-0.1199,0.2149,-0.2441
1230798384296,0.9725,-6.4709,7.4899,-0.0539,0.0866,-0.2209
1230798384306,1.2381,-5.8775,7.6430,-0.1297,0.0267,-0.2172
1230798384316,1.4606,-5.9899,7.7507,-0.2567,0.0206,-0.2184
1230798384326,1.5253,-6.4852,7.7746,-0.3630,0.0463,-0.2270
1230798384335,1.3913,-7.0858,7.6693,-0.3471,0.0768,-0.2429
1230798384345,1.1879,-7.5453,7.2793,-0.1700,0.1159,-0.2466
1230798384354,0.9534,-7.5213,7.1740,0.0634,0.1306,-0.2417
1230798384362,0.8313,-7.0356,7.0161,0.2747,0.0793,-0.2466
1230798384374,0.8840,-6.6432,6.7242,0.3993,-0.0038,-0.2539
1230798384382,1.0539,-6.2220,6.5710,0.3615,-0.0673,-0.2661
1230798384393,1.2094,-6.0473,6.6213,0.2393,-0.1040,-0.2771
1230798384402,1.3147,-6.1383,6.5806,0.1208,-0.1125,-0.2905
1230798384412,1.3458,-6.3297,6.6978,0.0279,-0.0820,-0.3003
1230798384422,1.2477,-6.4565,6.9515,0.0157,-0.0783,-0.3162
1230798384430,1.2884,-6.6360,6.7050,0.1110,-0.0978,-0.3296
1230798384441,1.2812,-7.0906,6.6213,0.2466,-0.1137,-0.3235
1230798384450,1.1424,-7.1361,6.6452,0.3627,-0.1211,-0.3125
1230798384460,1.0252,-7.1337,6.5279,0.4641,-0.1137,-0.2734
1230798384468,0.9342,-6.8226,6.3245,0.5154,-0.1113,-0.2429
1230798384477,0.8720,-6.3608,7.1549,0.3712,-0.1320,-0.2013
1230798384487,1.2812,-6.0306,7.1118,0.0084,-0.1882,-0.1219
1230798384496,1.7191,-6.1622,6.7098,-0.3349,-0.1235,-0.0498
1230798384506,1.5444,-6.5307,7.4779,-0.4436,-0.0307,-0.0437
1230798384517,1.3243,-7.0858,7.8105,-0.4950,0.0378,-0.0169
1230798384527,1.3290,-7.3227,7.7578,-0.6098,0.0658,0.0723
1230798384536,1.4272,-7.0906,7.4396,-0.6684,0.0622,0.1590
1230798384547,1.5229,-7.0452,7.1644,-0.6587,0.0622,0.2263
1230798384554,1.4415,-7.2988,7.3965,-0.6574,0.0842,0.2788
1230798384564,1.4080,-7.5070,7.1453,-0.6953,0.1147,0.3399
1230798384575,1.4415,-8.0789,7.2482,-0.7845,0.1709,0.4535
1230798384584,1.4989,-9.1245,7.8201,-0.8480,0.1929,0.5732
1230798384594,1.6210,-9.7610,8.5020,-0.8749,0.2283,0.6685
1230798384603,1.8315,-9.6653,8.8681,-0.8578,0.2735,0.7846
1230798384612,2.0828,-9.1197,8.6719,-0.8053,0.3200,0.9031
1230798384621,2.1235,-8.2440,7.8081,-0.8126,0.3505,0.9715
1230798384632,1.8674,-7.9066,6.9180,-0.9201,0.3811,1.0155
1230798384642,1.4080,-8.4306,6.5782,-1.0008,0.4140,1.0424
1230798384652,0.9247,-8.6412,6.4083,-1.0459,0.4238,1.0607
1230798384662,0.7021,-9.3136,6.9156,-0.9458,0.3603,1.1205
1230798384671,0.9893,-9.5959,6.9634,-0.8297,0.2332,1.2036
1230798384681,1.5827,-9.4643,6.6715,-0.8358,0.1404,1.3063
1230798384691,1.8842,-9.5026,6.4394,-0.8322,0.1233,1.4125
1230798384700,1.7645,-9.4739,6.0589,-0.8419,0.1929,1.5237
1230798384710,1.3434,-9.6605,5.9034,-0.8615,0.2772,1.6166
1230798384720,0.8505,-9.6318,5.6857,-0.8859,0.2955,1.6618
1230798384729,0.5490,-9.1508,5.2262,-0.9189,0.2564,1.6984
1230798384737,0.4317,-9.0527,5.2526,-0.8529,0.1953,1.7510
1230798384746,0.4557,-8.9403,5.4583,-0.7747,0.1416,1.7937
1230798384756,0.6088,-8.7967,5.6593,-0.7943,0.0976,1.8414
1230798384765,0.8194,-8.7560,5.4966,-0.8517,0.0610,1.8768
1230798384779,0.8744,-8.5479,4.9941,-0.9091,0.0756,1.9086
1230798384787,0.5610,-8.4521,4.6902,-0.9006,0.1098,1.9525
1230798384796,-0.0636,-8.5335,4.6759,-0.8566,0.1135,1.9978
1230798384806,-0.6331,-8.4426,4.4821,-0.8285,0.0671,2.0051
1230798384816,-1.0733,-8.4904,4.4557,-0.7625,-0.0355,1.9745
1230798384825,-1.3055,-8.4928,4.5539,-0.6355,-0.1968,1.8988
1230798384835,-1.2026,-8.0454,4.3959,-0.4803,-0.3617,1.8182
1230798384845,-1.0590,-7.5429,4.2117,-0.2750,-0.4656,1.7803
1230798384854,-1.0494,-7.3706,4.2500,-0.0698,-0.4912,1.7815
1230798384864,-1.0829,-7.3993,4.3792,0.0524,-0.4998,1.7876
1230798384873,-1.0829,-7.3610,4.4175,0.0499,-0.5401,1.7901
1230798384883,-1.0710,-7.4184,4.2595,0.0011,-0.5816,1.7937
1230798384892,-1.1164,-7.5620,4.0514,-0.0356,-0.5890,1.7852
1230798384902,-1.2959,-7.5500,3.9556,-0.0881,-0.5829,1.7559
1230798384911,-1.5830,-7.6386,4.0035,-0.1150,-0.5914,1.7143
1230798384920,-1.9443,-7.5285,4.1399,-0.1297,-0.6134,1.6654
1230798384931,-2.2841,-7.2103,4.0394,-0.1089,-0.6354,1.6166
1230798384940,-2.5497,-6.6862,3.7379,-0.0625,-0.6293,1.5799
1230798384950,-2.8440,-5.9803,3.6398,-0.0405,-0.6134,1.5494
1230798384960,-3.1838,-5.7889,3.9437,0.0108,-0.6464,1.5090
1230798384969,-3.1982,-6.0450,4.1064,0.0316,-0.6867,1.4639
1230798384979,-3.1240,-6.3895,4.1878,0.0121,-0.6879,1.4064
1230798384989,-3.2652,-6.6025,4.4318,0.0511,-0.6611,1.3392
1230798384996,-3.6385,-6.5738,4.5826,0.1696,-0.6256,1.2794
1230798385006,-4.0500,-6.1646,4.5156,0.2979,-0.5780,1.2488
1230798385016,-4.4185,-5.5185,4.6089,0.3847,-0.5487,1.2256
1230798385026,-4.6075,-4.9586,4.7261,0.4738,-0.5511,1.1621
1230798385034,-4.6028,-4.5447,4.5993,0.5264,-0.5548,1.0717
1230798385045,-4.5860,-4.4011,4.4916,0.5191,-0.5303,1.0057
1230798385053,-4.6123,-4.5088,4.5778,0.4800,-0.4815,0.9581
1230798385063,-4.7152,-4.3484,4.5682,0.4005,-0.4350,0.9055
1230798385073,-5.0024,-4.1259,4.7979,0.3309,-0.4057,0.8506
1230798385084,-5.2704,-3.9584,4.9822,0.2747,-0.4069,0.7589
1230798385092,-5.3900,-3.8268,4.8266,0.2014,-0.4155,0.6245
1230798385104,-5.4307,-3.9082,4.5778,0.1525,-0.4241,0.4743
1230798385112,-5.5671,-4.1522,4.4151,0.1672,-0.4350,0.3313
1230798385122,-5.6245,-4.1642,4.2643,0.1929,-0.4546,0.2201
1230798385130,-5.5360,-3.8771,4.2763,0.2319,-0.5059,0.1590
1230798385142,-5.3756,-3.4918,4.3744,0.2564,-0.5670,0.1114
1230798385152,-5.3086,-3.1185,4.5993,0.2026,-0.6342,0.0528
1230798385162,-5.2488,-2.9104,4.8865,0.0230,-0.6855,-0.0156
1230798385171,-5.1077,-3.0970,5.1592,-0.1700,-0.7099,-0.1073
1230798385181,-4.9497,-3.6234,5.3578,-0.3068,-0.7124,-0.2148
1230798385190,-4.8133,-4.1642,5.3866,-0.3948,-0.7124,-0.2991
1230798385199,-4.7583,-4.5806,5.1401,-0.4155,-0.6855,-0.3540
1230798385210,-4.7320,-4.5853,4.7740,-0.3752,-0.6378,-0.4041
1230798385219,-4.7439,-3.9895,4.5586,-0.3141,-0.6073,-0.4542
1230798385229,-4.7439,-3.2071,4.4175,-0.2066,-0.6342,-0.5080
1230798385238,-4.6985,-2.6400,4.3577,-0.1297,-0.7038,-0.5874
1230798385247,-4.5166,-2.5443,4.6113,-0.1516,-0.7955,-0.7023
1230798385255,-4.2343,-2.8745,5.1210,-0.2640,-0.9042,-0.8379
1230798385265,-3.8610,-3.3674,5.5947,-0.3838,-1.0190,-0.9649
1230798385275,-3.4925,-3.9441,5.8005,-0.4253,-1.0789,-1.0553
1230798385284,-3.2030,-4.5231,5.7622,-0.3887,-1.0581,-1.1103
1230798385294,-3.1455,-4.7193,5.5708,-0.3569,-0.9750,-1.1396
1230798385303,-3.4087,-4.7839,5.7216,-0.3838,-0.8712,-1.1506
1230798385313,-3.8203,-4.6739,6.1882,-0.4608,-0.8345,-1.1824
1230798385323,-4.0979,-4.6978,6.9347,-0.6000,-0.8614,-1.2081
1230798385332,-3.9687,-5.4348,7.6621,-0.6672,-0.9311,-1.2361
1230798385342,-3.5140,-6.5762,8.0881,-0.6892,-0.9555,-1.2471
1230798385354,-3.0283,-7.8587,8.4829,-0.6587,-0.8639,-1.2093
1230798385363,-2.7388,-8.8182,8.6001,-0.5866,-0.6721,-1.1408
1230798385373,-2.7340,-9.2394,8.4350,-0.5292,-0.4045,-1.0333
1230798385383,-3.0498,-9.5528,8.3202,-0.4913,-0.1394,-0.8892
1230798385392,-3.4709,-9.5696,8.1742,-0.5365,0.0549,-0.7499
1230798385401,-3.8107,-9.4140,8.1335,-0.6917,0.1636,-0.6106
1230798385411,-3.9376,-9.5457,8.1000,-0.8468,0.2125,-0.4823
1230798385420,-3.7581,-9.9429,7.9804,-0.9836,0.2516,-0.3748
1230798385431,-3.5523,-10.2898,7.8560,-1.0863,0.3175,-0.2856
1230798385440,-3.4614,-10.6129,7.8224,-1.0924,0.4018,-0.1928
1230798385450,-3.4901,-10.6990,7.5592,-0.9812,0.4861,-0.1073
1230798385459,-3.5691,-10.5985,7.2865,-0.8028,0.5533,-0.0193
1230798385469,-3.6959,-10.2635,6.9874,-0.6196,0.5826,0.0491
1230798385478,-3.7342,-9.8304,6.3413,-0.4412,0.5582,0.0882
1230798385488,-3.6911,-9.3423,5.4464,-0.3141,0.5228,0.1175
1230798385497,-3.7653,-9.0791,5.4296,-0.2799,0.4727,0.1420
1230798385507,-3.8394,-8.7919,6.1307,-0.2897,0.3358,0.1346
1230798385517,-3.3896,-8.3134,5.6354,-0.2518,0.1685,0.1041
1230798385526,-3.0067,-8.6149,5.4272,-0.1590,0.0915,0.1187
1230798385534,-2.8895,-8.9092,5.6952,-0.1407,0.0573,0.0870
1230798385544,-2.8345,-8.9546,5.6306,-0.0869,0.0304,0.0564
1230798385556,-2.8560,-9.0025,5.4990,0.0646,-0.0075,0.0503
1230798385566,-2.8321,-8.8637,5.2430,0.2307,-0.0710,0.0381
1230798385576,-2.7603,-8.4880,4.9582,0.3529,-0.1431,0.0112
1230798385582,-2.7364,-7.9449,4.8865,0.4360,-0.2249,-0.0095
1230798385594,-2.6622,-7.4065,4.8290,0.4848,-0.3043,-0.0230
1230798385602,-2.5258,-7.2031,4.8601,0.5007,-0.3678,-0.0340
1230798385612,-2.4061,-7.3012,5.0109,0.4641,-0.4228,-0.0670
1230798385622,-2.2674,-7.4376,5.0516,0.3725,-0.4705,-0.1146
1230798385632,-2.1310,-7.7199,5.2502,0.2857,-0.4900,-0.1610
1230798385641,-2.0401,-7.7917,5.5684,0.2258,-0.5084,-0.1965
1230798385652,-1.9252,-7.7845,5.7263,0.2209,-0.5084,-0.2013
1230798385661,-1.8151,-7.7151,5.5421,0.2173,-0.4705,-0.1696
1230798385671,-1.9084,-7.6864,5.8675,0.1880,-0.3996,-0.1256
1230798385680,-2.1429,-7.8755,6.0924,0.1855,-0.3422,-0.0840
1230798385690,-2.3320,-8.1650,6.1834,0.2026,-0.2616,-0.0437
1230798385699,-2.5354,-8.3780,6.4250,0.2258,-0.1748,0.0186
1230798385709,-2.8536,-8.8422,7.1812,0.2820,-0.0795,0.0931
1230798385719,-3.1025,-9.3112,7.8248,0.3602,-0.0050,0.1603
1230798385728,-3.3370,-9.4978,8.5164,0.3847,0.1013,0.2519
1230798385737,-3.4638,-9.1700,8.8370,0.4555,0.2381,0.3680
1230798385746,-3.5499,-8.7106,8.8107,0.6021,0.4458,0.5048
1230798385755,-3.8371,-8.1243,8.4877,0.7060,0.6889,0.6184
1230798385764,-4.3707,-7.5716,7.9229,0.6510,0.9320,0.7271
1230798385776,-5.1172,-7.5309,7.5521,0.5105,1.1190,0.8371
1230798385786,-5.8231,-7.4448,7.1333,0.3578,1.2289,0.9129
1230798385795,-6.2059,-7.3993,7.0089,0.2833,1.2644,0.9825
1230798385803,-6.3256,-7.4807,7.1668,0.3224,1.2191,1.0497
1230798385813,-6.1366,-7.2342,7.4276,0.3773,1.1520,1.0876
1230798385822,-5.7776,-6.7126,7.5090,0.4323,1.1239,1.0998
1230798385832,-5.3685,-6.1167,7.2362,0.4824,1.1776,1.0912
1230798385841,-4.9545,-5.5712,6.2599,0.5606,1.3108,1.0008
1230798385852,-4.9593,-5.2553,5.5780,0.5630,1.4293,0.8725
1230798385863,-5.2249,-4.7816,5.4201,0.4702,1.4330,0.7418
1230798385872,-5.4283,-4.2982,5.0874,0.3993,1.3303,0.6257
1230798385882,-5.2488,-3.8172,5.0109,0.3639,1.2240,0.5170
1230798385891,-5.1124,-3.3602,4.7716,0.3871,1.1288,0.3619
1230798385901,-5.0335,-3.3339,4.4223,0.5203,1.0994,0.1823
1230798385910,-5.0000,-3.2908,4.1519,0.6547,1.1019,0.0259
1230798385920,-4.9019,-3.0563,4.2643,0.7732,1.0848,-0.1170
1230798385930,-4.7080,-2.9798,4.3217,0.9552,0.9626,-0.2807
1230798385939,-4.2534,-2.7859,4.3337,1.0285,0.8245,-0.4567
1230798385949,-3.7557,-2.5969,4.3241,0.9235,0.7268,-0.5935
1230798385959,-3.4446,-2.4964,4.1303,0.7145,0.6999,-0.7303
1230798385968,-3.3465,-2.6806,4.0394,0.4738,0.7317,-0.8879
1230798385976,-3.5403,-3.4918,4.3409,0.3004,0.7598,-1.0798
1230798385988,-3.6767,-4.3437,4.5850,0.2527,0.7268,-1.2923
1230798385997,-3.5739,-4.7911,4.6759,0.3309,0.6608,-1.4634
1230798386007,-3.2412,-4.7911,4.3409,0.5129,0.5643,-1.5990
1230798386017,-2.9063,-4.4011,3.8671,0.6192,0.4935,-1.6845
1230798386026,-2.8225,-3.9536,3.5848,0.5386,0.4336,-1.7163
1230798386036,-2.7579,-3.7478,3.5321,0.2405,0.3688,-1.7590
1230798386046,-2.4947,-3.7885,3.5632,-0.1956,0.3016,-1.8446
1230798386054,-2.0113,-4.7744,3.8647,-0.5511,0.2210,-1.9631
1230798386067,-1.3868,-6.0665,4.1495,-0.7527,0.1367,-2.1011
1230798386075,-0.8197,-7.2892,4.1973,-0.7063,0.0891,-2.2160
1230798386082,-0.5326,-8.2392,4.0298,-0.3435,0.0768,-2.2941
1230798386091,-0.5158,-8.6196,3.6278,0.1306,0.1062,-2.3039
1230798386101,-0.7599,-8.4904,3.3742,0.4787,0.1416,-2.2111
1230798386111,-1.1260,-7.8252,3.2426,0.5728,0.1025,-2.0584
1230798386122,-1.2528,-6.9997,3.4173,0.4299,-0.0221,-1.9435
1230798386131,-0.9752,-6.5642,4.0514,0.1929,-0.2371,-1.9117
1230798386141,-0.1521,-6.7006,4.5395,-0.0784,-0.4387,-1.9325
1230798386149,0.7859,-7.4304,4.6998,-0.2262,-0.4925,-1.9557
1230798386161,1.2573,-8.5742,4.6711,-0.1370,-0.3532,-1.9582
1230798386171,1.0682,-9.4810,4.4414,0.1489,-0.0930,-1.9325
1230798386180,0.3408,-9.6988,4.4055,0.5020,0.1514,-1.8934
1230798386190,-0.4345,-9.2657,4.6424,0.7157,0.2247,-1.8299
1230798386199,-0.7671,-8.3062,4.8123,0.6656,0.0793,-1.7615
1230798386209,-0.3411,-7.3682,4.7955,0.3553,-0.1748,-1.7114
1230798386217,0.6232,-7.0284,4.9702,-0.0906,-0.3947,-1.6845
1230798386228,1.7574,-7.0787,5.1353,-0.5145,-0.4912,-1.6931
1230798386237,2.6762,-7.4783,5.0874,-0.7857,-0.4204,-1.6955
1230798386247,2.8629,-8.0717,4.9223,-0.8529,-0.2213,-1.6405
1230798386254,2.4130,-8.8206,5.1760,-0.6880,-0.0355,-1.5465
1230798386264,1.8698,-9.2968,5.5876,-0.4204,0.0439,-1.4573
1230798386273,1.6975,-9.5576,5.8340,-0.2079,0.0048,-1.3608
1230798386283,1.8938,-9.3829,5.7742,-0.0857,-0.0917,-1.2569
1230798386293,2.1976,-8.9834,5.7790,-0.0588,-0.1724,-1.1482
1230798386302,2.3962,-8.4091,5.8173,-0.1089,-0.2213,-1.0553
1230798386312,2.5015,-8.1435,5.8747,-0.1944,-0.2432,-0.9686
1230798386322,2.4800,-8.1961,5.8484,-0.2213,-0.2530,-0.8965
1230798386332,2.3915,-8.2296,5.4009,-0.1651,-0.2542,-0.8342
1230798386341,2.1641,-8.2344,5.3100,-0.0405,-0.2542,-0.7499
1230798386351,1.9272,-8.0765,5.4942,0.1037,-0.2811,-0.6582
1230798386361,1.8603,-7.7702,5.7359,0.1391,-0.3288,-0.5654
1230798386370,1.9464,-7.5118,6.1259,0.0560,-0.3727,-0.4713
1230798386380,2.1976,-7.4208,6.4274,-0.1333,-0.4033,-0.4005
1230798386389,2.4872,-7.5644,6.5519,-0.4021,-0.3874,-0.3382
1230798386401,2.6834,-7.9018,6.5830,-0.6404,-0.3483,-0.2930
1230798386410,2.6044,-8.2846,6.4825,-0.7772,-0.3092,-0.2698
1230798386420,2.2981,-8.6125,6.3485,-0.7723,-0.2689,-0.2588
1230798386430,1.9703,-8.7153,6.0254,-0.6587,-0.2310,-0.2563
1230798386439,1.6258,-8.8015,5.6976,-0.4827,-0.2151,-0.2685
1230798386449,1.3386,-8.8709,5.5900,-0.3349,-0.2139,-0.2759
1230798386459,1.2285,-8.8757,5.4703,-0.2579,-0.2286,-0.2685
1230798386468,1.2621,-8.6196,5.3339,-0.2518,-0.2481,-0.2343
1230798386477,1.3362,-8.3660,5.6067,-0.3288,-0.2701,-0.1842
1230798386488,1.5253,-8.2990,6.0470,-0.4436,-0.2958,-0.1781
1230798386496,1.8220,-8.5622,6.1236,-0.5927,-0.2860,-0.1903
1230798386507,1.9296,-8.9498,6.0829,-0.6880,-0.2213,-0.1855
1230798386516,1.8603,-9.3614,5.9130,-0.6611,-0.1345,-0.1647
1230798386525,1.5755,-9.1939,5.5301,-0.5292,-0.0575,-0.1366
1230798386535,1.2788,-9.1413,5.2526,-0.3862,-0.0099,-0.0938
1230798386545,1.1783,-9.3518,5.1449,-0.2714,0.0072,-0.0584
1230798386554,1.1639,-9.2872,5.0755,-0.2164,-0.0001,-0.0450
1230798386563,1.2740,-9.0910,4.9702,-0.1700,-0.0172,-0.0547
1230798386572,1.3314,-8.9594,5.0276,-0.1333,-0.0355,-0.0657
1230798386582,1.4606,-8.7369,5.1736,-0.1150,-0.0575,-0.0840
1230798386591,1.7047,-8.4880,5.3028,-0.1162,-0.0795,-0.0914
1230798386601,1.9105,-8.1841,5.4081,-0.1162,-0.0881,-0.1036
1230798386611,2.0230,-8.2176,5.4009,-0.0954,-0.0636,-0.1024
1230798386620,1.9296,-8.6412,5.4895,-0.0380,-0.0160,-0.0853
1230798386630,1.7861,-8.8087,5.3100,0.0304,0.0023,-0.0425
1230798386640,1.5731,-8.6962,4.7907,0.1623,0.0035,0.0259
1230798386651,1.4391,-8.3229,3.9054,0.3700,0.0365,0.1016
1230798386661,1.3506,-8.6627,3.7810,0.6192,0.0378,0.1688
1230798386670,1.4654,-9.1054,4.8314,0.7866,-0.0221,0.1981
1230798386680,1.8938,-9.5313,5.9608,0.8575,-0.1027,0.2421
1230798386689,2.4608,-9.5361,6.5016,0.8575,-0.0893,0.3167
1230798386699,2.6212,-8.9379,6.6715,0.8172,0.0280,0.3961
1230798386709,2.3915,-7.7319,5.9561,0.7060,0.1257,0.4327
1230798386718,2.1689,-7.3514,5.0922,0.5398,0.1746,0.4694
1230798386728,1.9368,-7.4400,5.1736,0.3334,0.1575,0.5036
1230798386737,2.6642,-9.4715,5.5014,0.1232,0.1404,0.5415
1230798386746,2.7073,-9.3112,5.0252,0.1843,0.1526,0.4083
1230798386756,2.1570,-9.1628,7.0855,0.5459,0.2112,0.4755
1230798386766,2.3245,-9.5887,7.5257,0.6461,0.1624,0.7858
1230798386776,2.7289,-8.5981,7.4468,0.3040,0.1905,0.9067
1230798386785,2.7049,-7.6266,7.2506,-0.0405,0.1648,0.8786
1230798386795,2.3819,-7.5644,6.3198,-0.4510,0.2723,0.9263
1230798386804,1.9655,-8.0310,5.7790,-0.8150,0.3407,0.9495
1230798386814,1.4319,-8.8541,6.0518,-0.9348,0.3358,0.9336
1230798386824,1.2597,-9.4093,6.1570,-0.8749,0.2686,0.9483
1230798386832,1.4415,-9.7323,6.6093,-0.6892,0.1892,0.9886
1230798386843,1.7957,-9.7227,6.4801,-0.4962,0.1624,1.0191
1230798386851,2.0278,-9.5720,6.1977,-0.4021,0.1905,1.0595
1230798386860,1.9751,-9.4643,6.0829,-0.3593,0.2247,1.1047
1230798386870,1.8387,-9.8137,5.9967,-0.3740,0.2589,1.1694
1230798386880,1.5707,-10.1128,5.5900,-0.5084,0.2625,1.2415
1230798386889,1.3267,-10.4310,5.4081,-0.6794,0.2442,1.3124
1230798386899,1.1783,-10.7708,5.5612,-0.7564,0.1905,1.3686
1230798386910,1.2549,-10.5961,5.1975,-0.7454,0.1465,1.4406
1230798386920,1.1998,-10.6511,5.0564,-0.6464,0.1306,1.5433
1230798386929,1.0945,-10.7493,4.9941,-0.5206,0.1172,1.6166
1230798386939,0.9486,-11.0723,4.9271,-0.3508,0.1062,1.6776
1230798386949,0.7308,-11.2852,4.8960,-0.1052,0.0829,1.7473
1230798386958,0.6208,-11.0316,4.6017,0.1354,0.0768,1.8401
1230798386968,0.5657,-10.7588,4.2715,0.3663,0.0671,1.9599
1230798386977,0.3312,-10.1630,3.8791,0.4519,0.0353,2.0698
1230798386987,-0.0444,-9.5217,3.3790,0.3725,0.0365,2.1395
1230798386997,-0.5613,-9.2346,3.3503,0.2014,0.0658,2.1932
1230798387006,-1.0422,-8.9929,3.9556,-0.0441,0.0426,2.2116
1230798387015,-1.1619,-8.8541,4.2930,-0.2396,-0.0490,2.1639
1230798387025,-1.0614,-8.9307,4.1806,-0.3007,-0.0930,2.0820
1230798387035,-1.1332,-8.9379,3.9652,-0.3019,-0.0881,2.0601
1230798387044,-1.4395,-8.8613,3.7786,-0.2201,-0.0514,2.0869
1230798387053,-1.6931,-8.7704,3.6613,-0.0368,-0.0270,2.1053
1230798387062,-1.9300,-8.6866,3.5273,0.1696,-0.0417,2.1236
1230798387073,-2.0520,-8.5048,3.3574,0.3199,-0.0746,2.1505
1230798387081,-2.3415,-7.7654,3.2163,0.3578,-0.0991,2.1712
1230798387092,-2.7651,-7.3443,3.3622,0.3627,-0.1076,2.1884
1230798387102,-3.0570,-7.0858,3.2976,0.3358,-0.1198,2.1700
1230798387110,-3.2508,-6.8681,3.3431,0.2735,-0.1467,2.0992
1230798387120,-3.3465,-6.4398,3.3431,0.2576,-0.1968,2.0075
1230798387130,-3.3322,-6.1431,3.2641,0.3065,-0.2298,1.9428
1230798387139,-3.3800,-6.0521,3.3311,0.4079,-0.2493,1.8744
1230798387150,-3.5954,-5.7315,3.3431,0.4873,-0.2616,1.7950
1230798387160,-3.7988,-5.3439,3.1517,0.5765,-0.2628,1.7473
1230798387168,-4.0644,-4.8964,3.0894,0.6461,-0.2701,1.7192
1230798387179,-4.3348,-4.5758,3.2330,0.6608,-0.3043,1.6813
1230798387189,-4.4353,-4.3724,3.4316,0.5838,-0.3642,1.6422
1230798387198,-4.4233,-4.2408,3.4388,0.4592,-0.4216,1.5653
1230798387208,-4.4400,-4.3102,3.4053,0.3798,-0.4241,1.4651
1230798387218,-4.6841,-4.2240,3.6254,0.3358,-0.4118,1.3515
1230798387227,-4.9354,-3.9201,3.8456,0.3798,-0.4460,1.2244
1230798387235,-5.0143,-3.6067,3.8049,0.4836,-0.4937,1.1242
1230798387246,-5.0239,-3.4464,3.8671,0.5533,-0.5426,1.0570
1230798387256,-4.9880,-3.2597,4.0011,0.5191,-0.5816,1.0045
1230798387266,-4.9066,-3.1855,4.0944,0.4030,-0.5988,0.9666
1230798387276,-5.0502,-3.1042,4.5634,0.2698,-0.5951,0.9190
1230798387285,-5.3374,-3.1808,5.1186,0.1648,-0.5792,0.8628
1230798387294,-5.5001,-3.3746,5.2454,0.1635,-0.5340,0.7882
1230798387305,-5.5838,-3.3674,5.2191,0.1758,-0.4815,0.7259
1230798387314,-5.7250,-3.3578,5.4249,0.2564,-0.4436,0.6746
1230798387324,-5.6269,-3.4368,5.4607,0.3920,-0.4301,0.6233
1230798387333,-5.3996,-3.3076,5.4464,0.4702,-0.4192,0.5879
1230798387343,-5.2608,-3.1281,5.5349,0.4812,-0.3972,0.5610
1230798387353,-5.1531,-2.9845,5.4679,0.4323,-0.3361,0.5353
1230798387362,-5.1986,-2.4749,5.2789,0.2295,-0.2457,0.5207
1230798387370,-5.4642,-1.6996,5.1568,-0.0710,-0.1565,0.4999
1230798387379,-5.7633,-1.4101,5.2550,-0.3276,-0.0734,0.4449
1230798387389,-5.8973,-1.6757,5.4775,-0.5218,-0.0258,0.3289
1230798387399,-5.8040,-2.2164,5.4105,-0.6245,-0.0038,0.1847
1230798387408,-5.6484,-2.8553,5.2334,-0.6318,0.0329,0.0821
1230798387418,-5.5599,-3.2621,5.2358,-0.5499,0.0585,0.0076
1230798387429,-5.4331,-3.2956,5.3459,-0.4436,0.0426,-0.0388
1230798387439,-5.2440,-3.2813,5.3411,-0.3422,0.0267,-0.0523
1230798387449,-5.1651,-3.1449,5.3004,-0.3154,0.0463,-0.0633
1230798387458,-5.3110,-2.9558,5.1927,-0.4131,0.0988,-0.0792
1230798387468,-5.5025,-2.8745,5.0037,-0.5780,0.1599,-0.1134
1230798387477,-5.6987,-2.5826,4.7381,-0.7601,0.1966,-0.1793
1230798387487,-5.7298,-2.3792,4.3816,-0.8884,0.2100,-0.2588
1230798387496,-5.5503,-2.5897,4.0777,-0.9311,0.2063,-0.3504
1230798387506,-5.2560,-2.7548,4.0466,-0.9922,0.1868,-0.4530
1230798387516,-5.0263,-3.1449,4.2835,-1.0093,0.1465,-0.5618
1230798387525,-4.7583,-3.3817,4.2787,-0.9959,0.1245,-0.6693
1230798387534,-4.6913,-3.4105,4.0896,-0.9335,0.1734,-0.7487
1230798387544,-4.8923,-3.5708,4.0538,-0.7943,0.2320,-0.8122
1230798387552,-5.0837,-3.4679,3.8839,-0.7515,0.2406,-0.8635
1230798387561,-5.1531,-3.3267,3.6470,-0.8419,0.2002,-0.9111
1230798387572,-4.8827,-3.2645,3.2665,-1.0032,0.1538,-1.0077
1230798387582,-4.5190,-3.0228,2.7832,-1.2427,0.1416,-1.1494
1230798387591,-4.1242,-2.5179,2.1921,-1.4931,0.1587,-1.3058
1230798387602,-3.9136,-2.1183,1.7854,-1.6922,0.1990,-1.4658
1230798387611,-3.9926,-2.1949,2.1730,-1.8462,0.1966,-1.6747
1230798387621,-4.0045,-2.8625,2.7927,-1.9830,0.0976,-1.9350
1230798387629,-3.6911,-4.0733,2.9076,-2.0441,-0.0087,-2.1732
1230798387640,-3.3298,-5.4635,2.7521,-2.0563,-0.0722,-2.3259
1230798387650,-3.0426,-6.6288,2.5941,-2.0783,-0.1137,-2.4151
1230798387659,-2.8847,-7.6697,2.4745,-2.0979,-0.1528,-2.4554
1230798387669,-2.8225,-8.5694,2.8071,-2.1602,-0.2176,-2.4518
1230798387678,-2.7842,-9.2633,3.2450,-2.2164,-0.3031,-2.4334
1230798387688,-2.7651,-9.9859,3.1828,-2.1516,-0.3153,-2.3784
1230798387698,-2.8249,-11.1201,3.1708,-2.0062,-0.2237,-2.2880
1230798387708,-2.9565,-12.4649,3.3766,-1.8279,-0.1345,-2.1952
1230798387717,-3.0020,-13.8097,3.5297,-1.7081,-0.0771,-2.0535
1230798387727,-3.0929,-14.9367,3.8384,-1.6642,-0.0343,-1.8250
1230798387737,-3.2125,-15.5684,3.9293,-1.6141,0.0365,-1.5587
1230798387746,-3.3537,-15.7479,3.6757,-1.4919,0.1734,-1.2789
1230798387756,-3.7270,-15.4464,3.5202,-1.3660,0.3395,-0.9710
1230798387766,-4.2726,-14.7189,3.5154,-1.2732,0.4507,-0.6741
1230798387775,-4.6913,-13.9772,3.3670,-1.1168,0.5057,-0.4384
1230798387785,-4.8325,-13.3479,3.1038,-0.9311,0.5179,-0.2820
1230798387794,-4.7535,-12.8573,3.0703,-0.7784,0.4776,-0.1769
1230798387802,-4.5453,-12.3644,3.1493,-0.6636,0.4116,-0.0889
1230798387814,-4.2271,-11.9911,3.1876,-0.5169,0.3554,-0.0071
1230798387823,-3.7796,-11.9959,2.8382,-0.4253,0.3444,0.0955
1230798387833,-3.4279,-11.9696,2.6037,-0.4546,0.3896,0.1810
1230798387843,-3.2724,-11.6705,2.6970,-0.3911,0.4067,0.1969
1230798387852,-3.1216,-11.1991,2.5367,-0.2079,0.3933,0.2299
1230798387862,-2.8249,-10.8617,1.9433,-0.0845,0.3908,0.2922
1230798387871,-2.6550,-10.3951,1.4576,-0.1125,0.3847,0.3167
1230798387880,-2.6167,-9.6222,1.1417,-0.2457,0.3591,0.3044
1230798387890,-2.6406,-9.1604,1.1632,-0.3435,0.3273,0.2983
1230798387899,-2.6837,-9.2561,1.4456,-0.3777,0.2674,0.2788
1230798387909,-2.5401,-9.5528,1.5054,-0.4168,0.1880,0.2458
1230798387919,-2.2434,-9.8256,1.6107,-0.4754,0.1233,0.2336
1230798387928,-2.0424,-10.1104,1.5820,-0.4876,0.0854,0.2373
1230798387938,-1.9061,-10.2874,1.4121,-0.5060,0.0903,0.2824
1230798387948,-1.8438,-10.2157,1.0460,-0.6098,0.1355,0.3753
1230798387958,-1.9395,-10.1702,0.8067,-0.6929,0.2051,0.4608
1230798387967,-2.1453,-10.0912,0.8043,-0.7197,0.2760,0.5121
1230798387977,-2.3607,-9.7658,0.9838,-0.7430,0.3224,0.5695
1230798387986,-2.4133,-9.7634,1.2900,-0.7173,0.3236,0.6673
1230798387996,-2.3942,-10.1630,1.8236,-0.7332,0.3090,0.7418
1230798388006,-2.2171,-10.1175,1.8811,-0.9678,0.3224,0.8114
1230798388015,-1.9324,-9.8232,1.6155,-1.3550,0.4006,0.9642
1230798388025,-1.7027,-9.6462,0.9862,-1.6495,0.5105,1.0692
1230798388033,-1.7529,-9.5457,0.6727,-1.8169,0.6572,1.0240
1230798388044,-2.0305,-9.4858,0.7588,-1.9415,0.7940,0.9666
1230798388052,-2.1932,-9.4882,0.8067,-2.0588,0.8697,0.9898
1230798388062,-2.2458,-9.4476,0.5602,-2.0148,0.9247,1.0228
1230798388071,-2.2195,-9.1532,0.2707,-1.8706,0.9870,1.0497
1230798388081,-2.3033,-8.4761,0.4908,-1.7497,1.0469,1.1047
1230798388092,-2.2434,-7.3395,0.7134,-1.7472,1.0823,1.1584
1230798388100,-2.0137,-6.1335,-0.1863,-1.7900,1.1019,1.1413
1230798388112,-1.6596,-6.1311,-0.9353,-1.7692,1.1764,1.0643
1230798388121,-1.6237,-6.8035,-1.3038,-1.7460,1.3328,0.9458
1230798388130,-1.8486,-7.3323,-1.4186,-1.8242,1.5258,0.8664
1230798388140,-2.1334,-7.6123,-1.5311,-1.8083,1.6785,0.8396
1230798388148,-2.2171,-7.6314,-1.8613,-1.6251,1.7567,0.8396
1230798388157,-2.1573,-7.3490,-2.4810,-1.3489,1.7775,0.8005
1230798388167,-2.0831,-7.0787,-2.5385,-1.1009,1.7494,0.7271
1230798388176,-2.1597,-6.6862,-2.0336,-0.9128,1.6810,0.6050
1230798388186,-2.1477,-6.2818,-2.3112,-0.7527,1.6052,0.4755
1230798388195,-2.0592,-6.6097,-3.0745,-0.6012,1.5820,0.3655
1230798388208,-2.1573,-7.2677,-3.5387,-0.5047,1.6346,0.2323
1230798388217,-2.5736,-8.0286,-3.6655,-0.4217,1.6810,0.0821
1230798388227,-3.0690,-8.5431,-3.6535,-0.2897,1.6565,-0.0450
1230798388236,-3.4040,-8.8493,-3.8904,-0.0820,1.5698,-0.1256
1230798388246,-3.5475,-8.9379,-4.1393,0.1696,1.4403,-0.1842
1230798388255,-3.6528,-8.7249,-4.1058,0.4164,1.3145,-0.2856
1230798388265,-3.6624,-8.2966,-4.3786,0.6364,1.1825,-0.4041
1230798388275,-3.6815,-8.0262,-5.0533,0.8440,1.1031,-0.4921
1230798388284,-3.8466,-8.1171,-5.3381,1.0383,1.0689,-0.5813
1230798388293,-4.2271,-8.3516,-5.2065,1.2423,1.0188,-0.7071
1230798388303,-4.6123,-8.6244,-5.0198,1.4317,0.9052,-0.8256
1230798388313,-4.7607,-8.8828,-4.6537,1.6052,0.7292,-0.8879
1230798388323,-4.7655,-9.1748,-4.1488,1.8226,0.5215,-0.9368
1230798388332,-4.6434,-9.3088,-3.6942,2.0670,0.3163,-1.0040
1230798388341,-4.3970,-9.4117,-3.3855,2.3773,0.1563,-1.0700
1230798388351,-4.1529,-9.6007,-3.4047,2.7035,0.0658,-1.1140
1230798388361,-3.9926,-9.6916,-3.4741,3.0199,0.0488,-1.1457
1230798388371,-4.0405,-9.5744,-3.1271,3.2423,0.0500,-1.1702
1230798388380,-4.1529,-9.1461,-2.7897,3.3632,-0.0050,-1.1922
1230798388390,-4.2295,-8.6340,-2.6031,3.4268,-0.1211,-1.1983
1230798388400,-4.1984,-8.1913,-2.4787,3.4610,-0.2555,-1.2105
1230798388407,-4.0811,-7.7630,-2.2633,3.4402,-0.3935,-1.2325
1230798388416,-3.8897,-7.4160,-2.1245,3.3803,-0.5279,-1.2569
1230798388426,-3.6432,-7.2174,-1.9187,3.3058,-0.6440,-1.2813
1230798388436,-3.4446,-7.2198,-1.4785,3.2093,-0.7417,-1.3168
1230798388445,-3.2652,-7.3108,-0.8276,3.0505,-0.8211,-1.3449
1230798388455,-3.1168,-7.3586,-0.2150,2.8342,-0.8724,-1.3632
1230798388467,-2.9661,-7.2055,0.0769,2.5801,-0.8969,-1.3705
1230798388476,-2.8584,-7.0715,0.2492,2.3394,-0.8761,-1.3644
1230798388486,-2.7914,-6.8537,0.4047,2.1049,-0.8407,-1.3571
1230798388495,-2.8105,-6.3943,0.6344,1.8385,-0.8370,-1.3534
1230798388505,-2.8608,-5.8033,1.0484,1.5441,-0.8785,-1.3327
1230798388514,-2.8464,-5.2912,1.4910,1.2423,-0.9592,-1.2936
1230798388524,-2.5425,-5.4133,1.4480,0.9968,-1.0398,-1.2679
1230798388534,-2.0137,-6.3680,1.2111,0.7939,-1.0752,-1.2789
1230798388545,-1.4610,-8.0884,1.3140,0.6107,-1.0129,-1.3070
1230798388551,-1.0710,-9.5122,1.1154,0.3944,-0.8724,-1.3131
1230798388562,-0.8101,-10.3305,0.8139,0.2576,-0.7038,-1.2789
1230798388571,-0.7048,-10.5841,1.1704,0.3297,-0.5609,-1.2093
1230798388581,-0.7886,-10.1750,1.5868,0.5423,-0.5034,-1.1543
1230798388591,-1.0231,-9.1102,1.7662,0.7219,-0.5181,-1.1347
1230798388601,-1.2959,-7.9018,1.9002,0.7622,-0.5597,-1.1237
1230798388609,-1.4682,-7.1959,2.4147,0.5899,-0.6122,-1.1164
1230798388620,-1.2911,-7.4256,2.8669,0.2613,-0.6940,-1.1298
1230798388630,-0.6211,-7.9425,2.9076,-0.3508,-0.7661,-1.1360
1230798388640,0.1374,-8.4019,2.4721,-1.1351,-0.7881,-1.1237
1230798388649,0.7907,-9.0767,1.8739,-1.6910,-0.7466,-1.1482
1230798388659,1.2884,-9.9285,1.2231,-1.9048,-0.6586,-1.1873
1230798388667,1.6353,-10.7086,0.8450,-1.9818,-0.5939,-1.1787
1230798388676,2.0134,-11.2757,1.0436,-2.0331,-0.6159,-1.1274
1230798388686,2.5087,-11.6824,1.9648,-1.9794,-0.7026,-1.1042
1230798388695,2.9370,-11.7662,2.4123,-1.7814,-0.8028,-1.1506
1230798388705,3.3223,-11.8978,2.8047,-1.4894,-0.8565,-1.1934
1230798388715,3.5400,-12.0533,2.8095,-1.1718,-0.8492,-1.2398
1230798388726,3.5711,-11.5556,2.4673,-0.9384,-0.7869,-1.2874
1230798388736,3.7745,-10.8019,2.5295,-0.8273,-0.7466,-1.2789
1230798388745,3.9564,-10.0194,2.4099,-0.8468,-0.7832,-1.2716
1230798388755,4.0640,-9.3853,2.0175,-0.9629,-0.8712,-1.2874
1230798388765,4.2579,-9.0432,1.6322,-1.1364,-0.9408,-1.2655
1230798388774,4.4828,-9.1413,1.4623,-1.3001,-0.8993,-1.2374
1230798388784,4.7484,-9.7682,1.3642,-1.3770,-0.8382,-1.1934
1230798388793,4.8920,-10.9574,1.5198,-1.4528,-0.7906,-1.1396
1230798388803,4.8943,-11.9792,1.7567,-1.5359,-0.7136,-1.0675
1230798388813,4.9279,-12.7018,1.7878,-1.3062,-0.6073,-0.9698
1230798388822,5.1193,-13.2067,1.9505,-0.6196,-0.5340,-0.8452
1230798388832,5.0355,-12.7281,1.5963,0.0340,-0.3776,-0.6803
1230798388842,4.5282,-11.1345,1.2589,0.2808,-0.1492,-0.4933
1230798388850,3.9109,-9.7514,1.0938,0.3187,-0.0465,-0.3260
1230798388861,3.3079,-9.2848,1.4216,0.3065,-0.0563,-0.2307
1230798388870,2.9849,-9.4858,1.5054,0.2564,-0.1308,-0.2343
1230798388880,2.9514,-9.7538,1.0867,0.0951,-0.2066,-0.2746
1230798388890,3.1596,-9.8495,1.0914,-0.1223,-0.2139,-0.3015
1230798388899,3.3677,-9.6438,1.1561,-0.2763,-0.1858,-0.2917
1230798388909,3.4539,-9.3758,0.9694,-0.3532,-0.0954,-0.2380
1230798388918,3.4491,-9.2825,0.8498,-0.3300,0.0390,-0.2001
1230798388926,3.3271,-9.6557,0.6655,-0.2457,0.1746,-0.1781
1230798388936,3.2098,-9.8830,0.4334,-0.2579,0.2968,-0.1488
1230798388945,3.1596,-9.7108,0.0482,-0.2860,0.3737,-0.1317
1230798388955,3.1476,-9.5002,-0.0954,-0.1895,0.4262,-0.1378
1230798388965,3.1308,-9.4452,-0.1983,-0.0661,0.4421,-0.1390
1230798388977,3.1596,-9.2466,-0.1672,-0.1284,0.4360,-0.1207
1230798388985,3.2337,-8.7106,-0.4017,-0.3826,0.4226,-0.1036
1230798388995,3.2864,-8.4043,-0.6290,-0.6819,0.4214,-0.0987
1230798389005,3.2959,-8.5335,-0.8276,-0.9592,0.4348,-0.1085
1230798389014,3.4132,-8.8254,-0.9305,-1.1571,0.4397,-0.1366
1230798389024,3.5257,-9.2202,-1.0095,-1.2341,0.4446,-0.1610
1230798389033,3.5807,-9.2920,-1.0956,-1.2036,0.4617,-0.1659
1230798389043,3.6142,-9.1987,-1.0358,-1.0838,0.4825,-0.1610
1230798389054,3.6190,-9.0671,-0.9760,-0.9067,0.4959,-0.1586
1230798389060,3.6884,-9.0575,-0.8324,-0.7601,0.4910,-0.1476
1230798389070,3.7267,-9.2155,-0.7702,-0.7088,0.4800,-0.1354
1230798389081,3.7817,-9.2035,-0.9137,-0.6953,0.4776,-0.1305
1230798389091,3.8080,-9.1413,-1.0334,-0.6428,0.4776,-0.1280
1230798389101,3.7817,-8.9451,-1.0884,-0.6183,0.4739,-0.1378
1230798389110,3.7673,-8.8565,-1.3229,-0.6196,0.4446,-0.1500
1230798389118,3.7625,-8.9307,-1.4593,-0.6538,0.3957,-0.1659
1230798389130,3.8654,-9.0408,-1.7010,-0.6904,0.3615,-0.2038
1230798389139,3.9612,-9.0958,-1.8302,-0.7161,0.3248,-0.2453
1230798389149,4.0186,-9.2394,-1.9690,-0.7014,0.2858,-0.2563
1230798389159,3.9947,-9.2370,-2.1317,-0.6831,0.2442,-0.2563
1230798389168,4.0664,-9.1819,-2.1772,-0.6293,0.1843,-0.2624
1230798389178,4.1263,-9.1700,-2.1317,-0.5536,0.1355,-0.2661
1230798389185,4.0952,-9.1867,-2.0767,-0.4998,0.0793,-0.2453
1230798389195,4.0497,-9.1149,-1.9187,-0.4705,0.0219,-0.1952
1230798389205,4.1334,-8.9522,-1.8733,-0.4436,-0.0282,-0.1464
1230798389214,3.9803,-8.9116,-1.6770,-0.4168,-0.0380,-0.0889
1230798389224,4.1358,-9.0551,-1.7034,-0.3875,-0.0746,-0.0279
1230798389235,4.2148,-9.0360,-1.8350,-0.3276,-0.0917,-0.0498
1230798389245,4.3033,-9.0336,-1.9020,-0.2396,-0.0771,-0.0682
1230798389253,4.0808,-9.0192,-1.9618,-0.1504,-0.0710,-0.0596
1230798389264,4.2148,-9.3351,-2.2657,-0.0832,-0.1149,-0.0315
1230798389274,4.3392,-9.4164,-2.6031,-0.0344,-0.1418,-0.0828
1230798389284,4.2961,-9.6079,-2.5241,-0.0148,-0.1333,-0.0828
1230798389293,4.3105,-9.2155,-2.4021,-0.0600,-0.1455,-0.0413
1230798389302,4.2674,-9.0838,-2.6629,-0.1724,-0.1247,0.0467
1230798389313,4.0234,-8.8733,-2.6701,-0.1907,-0.0917,0.0955
1230798389322,4.0234,-8.6651,-2.3351,-0.0991,-0.1211,0.1053
1230798389332,3.6956,-8.6244,-1.6555,-0.0588,-0.1663,0.1627
1230798389341,3.8056,-8.4162,-1.3014,-0.1064,-0.2432,0.2323
1230798389350,3.8032,-8.1794,-1.0286,-0.1187,-0.2726,0.2433
1230798389360,3.9396,-8.2679,-0.8587,-0.0612,-0.2677,0.2971
1230798389370,3.8271,-8.2416,-0.9473,0.0573,-0.2273,0.3215
1230798389380,3.7745,-8.1626,-1.3468,0.1916,-0.1834,0.3423
1230798389389,3.4634,-8.0143,-1.5813,0.3541,-0.1003,0.3142
1230798389399,3.2792,-8.0262,-1.4521,0.5069,-0.0856,0.2947
1230798389409,3.2122,-7.8946,-1.3110,0.5667,-0.1125,0.2519
1230798389418,3.2601,-7.8635,-1.2631,0.5288,-0.1247,0.2263
1230798389428,3.2457,-7.8587,-1.1052,0.4592,-0.0966,0.1981
1230798389437,3.2026,-7.9449,-0.9137,0.3761,-0.0514,0.1749
1230798389447,3.2313,-8.0597,-0.7582,0.2491,-0.0062,0.1395
1230798389461,3.3605,-8.5407,-0.8156,0.1098,0.0157,0.0674
1230798389465,3.7578,-9.3686,-1.1387,-0.0221,0.0390,-0.0523
1230798389474,4.1023,-10.3760,-1.5670,-0.1797,0.1208,-0.1830
1230798389483,4.1837,-11.3499,-1.9235,-0.3532,0.2332,-0.2307
1230798389493,4.0593,-11.8691,-2.2418,-0.4852,0.3187,-0.1879
1230798389503,3.9157,-11.6896,-2.2992,-0.5683,0.3542,-0.1060
1230798389514,3.7602,-11.1010,-2.1796,-0.5744,0.3530,-0.0340
1230798389523,3.5472,-10.4286,-1.9977,-0.4925,0.3505,0.0198
1230798389533,3.3749,-9.4930,-1.7704,-0.3654,0.3383,0.0796
1230798389543,3.3031,-8.7560,-1.5550,-0.1920,0.2870,0.1517
1230798389552,3.2696,-8.2320,-1.3636,0.0084,0.2015,0.1994
1230798389560,3.2122,-7.7702,-1.3492,0.1806,0.1111,0.2226
1230798389571,3.0710,-7.6362,-1.3947,0.3480,0.0378,0.2617
1230798389581,3.0926,-7.5740,-1.4378,0.5325,-0.0551,0.2800
1230798389591,3.0495,-7.2079,-1.5789,0.7133,-0.1052,0.2666
1230798389599,3.0638,-7.1528,-1.4713,0.8245,-0.1284,0.2727
1230798389610,3.1021,-6.9734,-1.3923,0.8734,-0.1553,0.2091
1230798389619,3.0830,-6.9016,-1.3133,0.8562,-0.1320,0.0943
1230798389627,2.9107,-6.8370,-1.0214,0.8037,-0.0722,-0.0193
1230798389639,2.7289,-6.7221,-0.7247,0.7267,-0.0307,-0.0755
1230798389649,2.5685,-6.7054,-0.3490,0.5911,-0.0368,-0.1036
1230798389658,2.5685,-6.6767,-0.0595,0.3505,-0.0636,-0.1561
1230798389668,2.7001,-7.0045,0.1152,0.0829,-0.0807,-0.2172
1230798389678,2.9610,-7.7678,0.1152,-0.1138,-0.0710,-0.2893
1230798389687,3.0710,-9.2705,0.0075,-0.2469,-0.0270,-0.3626
1230798389697,3.3534,-11.0962,-0.5740,-0.3129,-0.0123,-0.4457
1230798389706,4.1574,-13.3335,-1.8039,-0.2531,0.0011,-0.5898
1230798389714,4.9542,-13.7762,-2.5241,-0.2690,0.1123,-0.7511
1230798389724,5.4423,-13.6087,-3.0481,-0.3349,0.2357,-0.7633
1230798389733,5.6600,-13.0751,-3.2491,-0.3447,0.3187,-0.6570
1230798389743,5.3203,-12.7592,-2.9787,-0.2922,0.3933,-0.4823
1230798389753,4.4684,-12.5822,-2.3829,-0.1907,0.4678,-0.3186
1230798389764,3.5400,-11.5317,-1.7823,-0.0441,0.4580,-0.1574
1230798389773,2.8246,-9.9453,-1.3540,0.1635,0.3664,0.0259
1230798389783,2.2575,-8.8159,-0.7462,0.3566,0.2296,0.2739
1230798389793,2.4752,-8.1219,-0.5859,0.4714,-0.0135,0.4975
1230798389802,3.0710,-7.8228,-0.8755,0.5484,-0.2701,0.5720
1230798389812,3.3151,-7.5381,-1.0166,0.6119,-0.3837,0.5928
1230798389822,3.4587,-7.0595,-0.9425,0.7023,-0.4448,0.6319
1230798389831,4.0712,-6.9614,-1.1339,0.7720,-0.4570,0.5500
1230798389841,3.7219,-5.8081,-1.1913,0.7170,-0.2897,0.3875
1230798389851,2.7911,-5.1572,-0.4783,0.6754,-0.0355,0.4730
1230798389860,2.9514,-5.0280,-0.6840,0.6351,-0.0392,0.5573
1230798389870,3.0902,-4.5064,-0.5500,0.6266,-0.1626,0.1737
1230798389880,3.1548,-4.5183,-0.3945,0.6009,-0.2371,-0.1244
1230798389889,3.1261,-5.0926,-0.0356,0.4201,-0.1418,-0.2001
1230798389898,2.9873,-5.7626,-0.0069,0.1281,-0.0453,-0.2050
1230798389908,2.9490,-6.6456,0.0482,-0.1077,-0.0001,-0.3089
1230798389918,3.2337,-7.8085,-0.1720,-0.2726,-0.0453,-0.4823
1230798389927,3.7602,-9.1748,-0.7247,-0.4950,-0.1125,-0.6741
1230798389937,4.2363,-12.5941,-1.3038,-0.7808,-0.1504,-0.8623
1230798389947,5.1001,-19.3299,-2.6007,-1.1095,-0.1687,-1.1689
1230798389956,6.4018,-19.0476,-3.8378,-1.3502,-0.0404,-1.4096
1230798389966,7.1723,-15.3363,-3.8665,-1.2646,0.0646,-1.0651
1230798389975,6.8948,-11.9313,-3.2348,-0.9775,0.1660,-0.5459
1230798389983,5.0786,-10.8426,-1.9403,-0.6037,0.4104,-0.1598
1230798389993,2.8772,-10.2994,-0.6888,-0.3630,0.6120,0.0112
1230798390002,1.7813,-9.0719,0.1032,-0.2665,0.4886,0.0845
1230798390012,1.9966,-8.1483,0.3832,-0.0832,0.0536,0.2238
1230798390022,3.0638,-7.7295,0.3018,0.1819,-0.4326,0.4034
1230798390031,4.1765,-7.7367,-0.3969,0.4421,-0.6879,0.5451
1230798390042,4.5426,-7.9712,-0.9161,0.7097,-0.6232,0.6661
1230798390053,4.0952,-7.8013,-1.0095,0.9662,-0.4045,0.8005
1230798390060,3.6573,-7.8444,-1.4641,1.2203,-0.2286,0.8359
1230798390069,2.7145,-6.9064,-1.6220,1.3071,-0.0893,0.6880
1230798390079,1.9799,-6.0928,-0.1552,1.2582,0.0329,0.7516
1230798390090,2.4704,-5.2960,-1.1387,1.2277,-0.2872,0.8029
1230798390100,3.5113,-4.2934,-1.1602,1.2668,-0.5340,0.3350
1230798390110,3.7889,-3.7814,-0.6577,1.0688,-0.5572,-0.0022
1230798390119,3.6453,-4.0565,-0.2725,0.5679,-0.3422,-0.0291
1230798390129,3.3055,-4.7026,-0.0164,-0.0185,-0.1614,-0.0266
1230798390139,3.1332,-5.7650,0.1319,-0.4681,-0.1052,-0.1329
1230798390149,3.3988,-7.3395,0.2013,-0.7857,-0.1589,-0.3321
1230798390158,3.9540,-9.0001,-0.4806,-1.0899,-0.2445,-0.5703
1230798390167,4.3009,-12.3644,-1.7991,-1.4247,-0.2518,-0.7890
1230798390177,4.6934,-21.0432,-3.2085,-1.7509,-0.1882,-1.1225
1230798390187,5.7103,-20.2296,-4.6178,-1.8987,-0.0795,-1.3852
1230798390197,6.9354,-15.6330,-4.6250,-1.3367,-0.0526,-0.8892
1230798390204,6.7584,-11.6944,-3.6105,-0.6098,0.0121,-0.3516
1230798390216,4.8656,-10.1845,-1.7752,-0.0429,0.2613,-0.0071
1230798390225,2.5566,-9.6797,0.1702,0.1831,0.5228,0.2006
1230798390235,1.2070,-8.7058,0.8306,0.1855,0.3957,0.3301
1230798390243,1.1639,-8.2392,0.7062,0.3541,-0.0392,0.4975
1230798390252,2.1809,-8.6436,0.2396,0.7658,-0.5034,0.6343
1230798390262,3.3199,-8.9642,-0.4017,1.2093,-0.7173,0.7052
1230798390272,4.1861,-9.5050,-1.0334,1.6186,-0.6220,0.7797
1230798390285,4.4206,-8.9738,-1.5167,1.9082,-0.3532,0.7296
1230798390292,3.6046,-7.0404,-1.3445,2.0230,-0.0148,0.6942
1230798390302,1.9847,-5.2625,-1.2511,2.0792,0.1111,0.7626
1230798390312,0.9079,-4.3221,-0.2820,1.9668,0.0610,0.8921
1230798390321,1.7861,-4.2001,-0.3299,1.6870,-0.3251,0.9397
1230798390331,3.3295,-3.6689,-0.3801,1.4256,-0.7441,0.4254
1230798390341,4.3823,-3.3889,-0.0786,1.1556,-0.8907,-0.1134
1230798390350,4.7316,-4.1451,0.4717,0.7475,-0.6647,-0.1842
1230798390360,4.6407,-5.2984,1.2877,0.2417,-0.3165,-0.0584
1230798390369,4.4589,-6.5451,1.9648,-0.1907,-0.1149,-0.0804
1230798390379,4.3512,-7.8802,1.7878,-0.4974,-0.0490,-0.2368
1230798390389,4.4636,-9.5480,0.8857,-0.7356,-0.0087,-0.4017
1230798390398,4.7149,-11.6944,-0.0763,-1.0362,0.0573,-0.5019
1230798390407,4.8752,-14.2260,-1.5789,-1.4455,0.1074,-0.6057
1230798390417,5.0475,-19.1241,-2.5696,-1.8462,0.1392,-0.7010
1230798390427,5.3538,-19.5572,-3.1295,-2.0123,0.0927,-0.8806
1230798390437,5.2987,-15.7670,-2.6055,-1.4784,0.0610,-0.6228
1230798390446,4.7029,-13.2593,-0.9640,-0.4168,0.0976,0.0760
1230798390456,3.6262,-11.1680,0.0075,0.3505,0.1330,0.5305
1230798390465,2.5566,-9.3351,0.3401,0.8196,0.1636,0.6783
1230798390475,2.0086,-8.9187,0.2181,1.1788,0.1428,0.6771
1230798390485,1.9392,-8.4138,-0.1026,1.3474,0.0658,0.5720
1230798390493,2.3173,-7.7271,-0.4256,1.4659,-0.0380,0.5134
1230798390502,2.7815,-6.9758,-0.5788,1.6602,-0.1382,0.5024
1230798390512,3.0375,-6.0378,-0.5644,1.7835,-0.1772,0.4767
1230798390521,2.9035,-5.0448,-0.4184,1.7322,-0.1638,0.4486
1230798390531,2.4585,-4.3150,-0.0978,1.5184,-0.1443,0.4425
1230798390541,2.1115,-3.9823,0.3425,1.2093,-0.1760,0.4315
1230798390553,2.5470,-3.9153,0.6105,0.8648,-0.3178,0.3423
1230798390561,3.2242,-3.9034,0.7971,0.5826,-0.4583,0.0858
1230798390571,3.7027,-4.3126,1.0651,0.3175,-0.4424,-0.1134
1230798390580,4.0377,-5.2099,1.2422,-0.0026,-0.3202,-0.1940
1230798390589,4.2507,-6.3847,1.2900,-0.3080,-0.1809,-0.2991
1230798390600,4.3895,-7.9257,1.4001,-0.5548,-0.0673,-0.4652
1230798390609,4.5282,-9.5433,1.0460,-0.8615,0.0121,-0.6155
1230798390619,4.5402,-11.3546,0.3042,-1.3294,0.1037,-0.6876
1230798390628,4.5426,-13.8145,-0.5692,-1.8217,0.1819,-0.7352
1230798390638,4.6216,-15.9201,-0.9473,-2.1773,0.2051,-0.7853
1230798390648,4.8872,-19.6099,-0.8659,-2.2029,0.1318,-0.8293
1230798390658,5.1408,-16.5806,-1.2535,-1.9073,0.0341,-0.7939
1230798390667,5.0116,-13.6757,-0.3969,-1.1938,0.1184,-0.1732
1230798390676,4.0640,-11.3594,0.2563,-0.5414,0.2467,0.4095
1230798390687,2.9944,-9.3925,0.3856,-0.1639,0.3310,0.6624
1230798390696,2.0517,-8.8637,0.1654,0.0841,0.3639,0.6771
1230798390706,1.7191,-9.0192,-0.2366,0.2698,0.3224,0.6270
1230798390715,1.9703,-8.8326,-0.5788,0.4384,0.1929,0.5867
1230798390725,2.5302,-8.2224,-0.8587,0.6815,0.0451,0.5940
1230798390735,3.0136,-7.4232,-0.9879,0.9271,-0.0600,0.6221
1230798390744,3.1931,-6.2699,-0.9233,1.0078,-0.0697,0.6184
1230798390753,3.0950,-5.1931,-0.6362,0.8844,-0.0197,0.5891
1230798390761,2.8844,-4.5734,-0.2366,0.6534,0.0219,0.5573
1230798390771,2.7169,-4.5016,0.1056,0.3810,0.0170,0.4865
1230798390781,2.7384,-4.7265,0.3449,0.0890,-0.0160,0.3692
1230798390790,2.8963,-5.1309,0.4908,-0.1688,-0.0294,0.2287
1230798390800,3.1356,-5.5999,0.6129,-0.3545,-0.0087,0.0784
1230798390809,3.3629,-6.0545,0.5363,-0.5060,0.0243,-0.0816
1230798390821,3.5113,-6.5044,0.3568,-0.6660,0.0768,-0.2478
1230798390830,3.5807,-7.1815,0.0865,-0.8517,0.1416,-0.4005
1230798390840,3.5711,-8.1865,-0.2342,-1.0594,0.2259,-0.5422
1230798390849,3.5592,-9.5409,-0.5620,-1.2659,0.3139,-0.6778
1230798390859,3.4467,-11.4982,-0.9185,-1.4247,0.3737,-0.7914
1230798390869,3.6405,-13.0320,-1.2966,-1.5408,0.3798,-0.8574
1230798390879,3.8894,-14.8027,-1.7776,-1.5530,0.3200,-0.8647
1230798390888,4.3273,-15.2789,-2.4787,-1.4271,0.2503,-0.8586
1230798390898,4.5570,-13.6494,-2.8304,-1.1388,0.2601,-0.7108
1230798390907,4.3320,-12.0964,-2.5720,-0.6660,0.3395,-0.4347
1230798390917,3.7219,-11.1776,-2.3805,-0.2408,0.3859,-0.2453
1230798390927,3.0136,-10.3808,-1.6436,0.0597,0.3468,-0.1781
1230798390936,2.6762,-10.0506,-0.9496,0.2918,0.2125,-0.0999
1230798390945,2.7193,-9.7562,-0.5668,0.4482,0.0549,0.0271
1230798390955,2.9849,-9.1365,-0.4639,0.5337,-0.0795,0.1737
1230798390963,3.4802,-8.4856,-0.5740,0.5716,-0.1565,0.2592
1230798390975,3.7841,-7.8683,-0.7486,0.5349,-0.1589,0.2287
1230798390985,3.8176,-7.3730,-0.9353,0.4164,-0.1003,0.1713
1230798390994,3.6477,-6.9973,-1.0836,0.2784,-0.0429,0.1322
1230798391002,3.4922,-7.0069,-1.1315,0.1929,-0.0417,0.0955
1230798391014,3.4778,-7.1576,-1.1530,0.1403,-0.0844,0.0283
1230798391021,3.6405,-7.2773,-1.1865,0.0817,-0.1272,-0.0608
1230798391031,3.8248,-7.3299,-1.0860,0.0573,-0.1467,-0.1427
1230798391040,3.9803,-7.4352,-0.8850,0.0377,-0.1308,-0.2050
1230798391050,3.9923,-7.5381,-0.7223,0.0011,-0.0954,-0.2478
1230798391062,3.9731,-7.8492,-0.6864,-0.0331,-0.0673,-0.2856
1230798391069,3.9659,-8.2703,-0.6816,-0.0576,-0.0575,-0.3418
1230798391083,4.0425,-8.7393,-0.7080,-0.0954,-0.0563,-0.3883
1230798391088,4.1550,-9.2083,-0.7965,-0.1358,-0.0563,-0.4176
1230798391098,4.2794,-9.9572,-0.9137,-0.1590,-0.0368,-0.4359
1230798391109,4.3679,-10.6272,-1.1482,-0.1492,-0.0038,-0.4713
1230798391119,4.4397,-10.7684,-1.2535,-0.0625,0.0414,-0.4787
1230798391128,4.3727,-10.3305,-1.1626,0.0707,0.0695,-0.4261
1230798391136,4.2555,-9.9333,-1.0669,0.1416,0.0732,-0.3430
1230798391147,4.1143,-9.6485,-0.9999,0.1623,0.0585,-0.2807
1230798391157,4.0090,-9.5122,-0.9664,0.1819,0.0365,-0.2355
1230798391167,3.8607,-9.3016,-0.8970,0.2075,0.0109,-0.1903
1230798391177,3.7961,-9.0360,-0.8372,0.2258,-0.0209,-0.1329
1230798391186,3.7745,-8.6268,-0.7845,0.2368,-0.0526,-0.0877
1230798391196,3.7817,-8.3516,-0.6816,0.2368,-0.0783,-0.0425
1230798391204,3.8295,-8.1817,-0.6170,0.2026,-0.1015,-0.0254
1230798391215,3.9420,-8.1865,-0.6242,0.1379,-0.1174,-0.0205
1230798391225,4.0114,-8.2535,-0.6458,0.0438,-0.1162,-0.0193
1230798391234,4.1263,-8.4138,-0.6338,-0.0356,-0.1052,-0.0217
1230798391243,4.1382,-8.5287,-0.6362,-0.0893,-0.0795,-0.0364
1230798391254,4.1765,-8.5526,-0.5524,-0.1174,-0.0465,-0.0596
1230798391263,4.2291,-8.5024,-0.4878,-0.1162,-0.0221,-0.0975
1230798391272,4.2698,-8.5479,-0.5022,-0.1174,-0.0001,-0.1317
1230798391282,4.2985,-8.6220,-0.6194,-0.1223,0.0267,-0.1622
1230798391290,4.3201,-8.7153,-0.7415,-0.1272,0.0573,-0.1781
1230798391300,4.2866,-8.8374,-0.8300,-0.1162,0.0781,-0.1867
1230798391310,4.3057,-8.9498,-0.9209,-0.0918,0.0866,-0.1830
1230798391319,4.3081,-9.0097,-0.9496,-0.0637,0.0878,-0.1720
1230798391333,4.3105,-9.0240,-0.9305,-0.0417,0.0829,-0.1464
1230798391340,4.2842,-8.9953,-0.8874,-0.0344,0.0707,-0.1109
1230798391350,4.2794,-8.9618,-0.8922,-0.0405,0.0573,-0.0779
1230798391359,4.2722,-8.9594,-0.9281,-0.0527,0.0414,-0.0474
1230798391369,4.2315,-8.9618,-0.9568,-0.0637,0.0304,-0.0205
1230798391379,4.1837,-8.9116,-0.9664,-0.0576,0.0170,0.0027
1230798391388,4.1956,-8.8422,-0.9544,-0.0441,-0.0001,0.0210
1230798391398,4.2244,-8.7632,-0.9473,-0.0221,-0.0123,0.0357
1230798391407,4.2579,-8.7345,-0.9449,0.0023,-0.0221,0.0418
1230798391417,4.2650,-8.6962,-0.9233,0.0169,-0.0233,0.0430
1230798391426,4.2890,-8.6699,-0.8946,0.0365,-0.0245,0.0381
1230798391436,4.2794,-8.6603,-0.8755,0.0450,-0.0197,0.0271
1230798391446,4.2626,-8.6651,-0.8228,0.0646,-0.0148,0.0112
1230798391455,4.2698,-8.6053,-0.7534,0.0731,-0.0135,-0.0071
1230798391465,4.2866,-8.5479,-0.7606,0.0744,-0.0087,-0.0242
1230798391475,4.2890,-8.5574,-0.7510,0.0792,-0.0026,-0.0401
1230798391484,4.2698,-8.6029,-0.7415,0.0841,0.0048,-0.0535
1230798391494,4.2674,-8.6316,-0.7510,0.0890,0.0097,-0.0621
1230798391502,4.2650,-8.6460,-0.7271,0.0841,0.0097,-0.0645
1230798391512,4.2555,-8.6579,-0.7295,0.0829,0.0109,-0.0694
1230798391523,4.2483,-8.6866,-0.7032,0.0634,0.0072,-0.0706
1230798391532,4.2698,-8.6914,-0.6864,0.0524,0.0097,-0.0706
1230798391541,4.2746,-8.7153,-0.6745,0.0304,0.0121,-0.0682
1230798391551,4.3009,-8.7417,-0.6816,0.0206,0.0133,-0.0657
1230798391559,4.2961,-8.7632,-0.7056,0.0072,0.0157,-0.0608
1230798391570,4.3009,-8.7847,-0.6697,-0.0014,0.0145,-0.0596
1230798391579,4.3177,-8.7680,-0.6505,-0.0112,0.0170,-0.0596
1230798391588,4.3464,-8.7632,-0.6242,-0.0234,0.0206,-0.0596
1230798391597,4.3727,-8.7584,-0.6338,-0.0331,0.0267,-0.0596
1230798391607,4.3631,-8.7584,-0.6218,-0.0393,0.0329,-0.0584
1230798391618,4.3536,-8.7560,-0.6505,-0.0393,0.0378,-0.0596
1230798391628,4.3344,-8.6914,-0.6697,-0.0319,0.0390,-0.0633
1230798391638,4.3464,-8.6460,-0.6912,-0.0258,0.0439,-0.0694
1230798391648,4.3368,-8.6125,-0.6912,-0.0258,0.0475,-0.0767
1230798391657,4.3464,-8.5455,-0.6936,-0.0246,0.0463,-0.0840
1230798391667,4.3560,-8.5646,-0.6745,-0.0197,0.0463,-0.0889
1230798391677,4.3631,-8.5550,-0.6984,-0.0283,0.0475,-0.0902
1230798391686,4.3536,-8.5502,-0.7295,-0.0368,0.0500,-0.0926
1230798391696,4.3751,-8.5598,-0.7678,-0.0429,0.0512,-0.0963
1230798391705,4.3631,-8.5861,-0.7654,-0.0539,0.0512,-0.0975
1230798391715,4.3703,-8.6316,-0.8061,-0.0466,0.0488,-0.0999
1230798391723,4.3847,-8.6986,-0.8156,-0.0405,0.0475,-0.0987
1230798391732,4.3967,-8.7823,-0.8396,-0.0234,0.0426,-0.0938
1230798391744,4.4182,-8.7632,-0.8204,-0.0221,0.0390,-0.0865
1230798391754,4.4325,-8.7441,-0.8443,-0.0258,0.0353,-0.0792
1230798391763,4.4349,-8.7297,-0.8467,-0.0197,0.0329,-0.0731
1230798391773,4.4373,-8.7465,-0.8420,-0.0038,0.0280,-0.0718
1230798391782,4.4660,-8.7560,-0.8611,0.0047,0.0194,-0.0694
1230798391792,4.4828,-8.7249,-0.8874,0.0047,0.0182,-0.0645
1230798391801,4.4876,-8.7177,-0.8539,0.0206,0.0133,-0.0584
1230798391811,4.4493,-8.6819,-0.8491,0.0267,0.0072,-0.0547
1230798391819,4.4541,-8.6412,-0.8515,0.0218,0.0011,-0.0535
1230798391828,4.4660,-8.6364,-0.8539,0.0230,-0.0075,-0.0547
1230798391838,4.4660,-8.6316,-0.8324,0.0291,-0.0111,-0.0535
1230798391847,4.4565,-8.6220,-0.8013,0.0340,-0.0135,-0.0523
1230798391857,4.4660,-8.5909,-0.7845,0.0365,-0.0160,-0.0486
1230798391867,4.4541,-8.5526,-0.7917,0.0377,-0.0160,-0.0462
1230798391878,4.4589,-8.5455,-0.7534,0.0438,-0.0148,-0.0462
1230798391888,4.4565,-8.5550,-0.7486,0.0450,-0.0160,-0.0486
1230798391898,4.4613,-8.5622,-0.7582,0.0450,-0.0160,-0.0498
1230798391907,4.4804,-8.5694,-0.7223,0.0401,-0.0172,-0.0511
1230798391917,4.4924,-8.5885,-0.6984,0.0426,-0.0148,-0.0511
1230798391926,4.5067,-8.5933,-0.6840,0.0365,-0.0111,-0.0523
1230798391936,4.5211,-8.5909,-0.6816,0.0279,-0.0062,-0.0560
1230798391945,4.5235,-8.5670,-0.6697,0.0133,-0.0026,-0.0584
1230798391955,4.5306,-8.5742,-0.6768,0.0059,0.0023,-0.0621
1230798391964,4.5306,-8.5526,-0.6912,0.0035,0.0060,-0.0670
1230798391973,4.5474,-8.5766,-0.6768,-0.0002,0.0060,-0.0682
1230798391984,4.5091,-8.6172,-0.6649,-0.0002,0.0072,-0.0670
1230798391993,4.5498,-8.6436,-0.6936,-0.0051,0.0121,-0.0621
1230798392002,4.5282,-8.6388,-0.6888,-0.0051,0.0145,-0.0584
1230798392013,4.5235,-8.6316,-0.6768,0.0035,0.0121,-0.0560
1230798392022,4.5498,-8.6460,-0.6768,0.0047,0.0145,-0.0584
1230798392032,4.5618,-8.6196,-0.6792,0.0096,0.0157,-0.0572
1230798392041,4.5665,-8.6244,-0.6864,0.0084,0.0157,-0.0523
1230798392053,4.5737,-8.6029,-0.7175,0.0133,0.0157,-0.0462
1230798392059,4.5761,-8.6053,-0.7271,0.0206,0.0145,-0.0425
1230798392074,4.5905,-8.6005,-0.7080,0.0279,0.0145,-0.0388
1230798392080,4.6072,-8.5933,-0.7175,0.0328,0.0084,-0.0340
1230798392087,4.6216,-8.5933,-0.7080,0.0316,0.0060,-0.0266
1230798392097,4.6120,-8.5574,-0.6864,0.0267,0.0035,-0.0193
1230798392107,4.6120,-8.5407,-0.7080,0.0157,0.0011,-0.0120
1230798392116,4.6335,-8.5622,-0.7247,0.0084,-0.0013,-0.0083
1230798392128,4.6622,-8.5718,-0.7343,-0.0014,-0.0026,-0.0022
1230798392136,4.6862,-8.5574,-0.7750,-0.0002,-0.0075,0.0039
1230798392147,4.6862,-8.5646,-0.7821,0.0072,-0.0111,0.0088
1230798392157,4.6862,-8.5287,-0.7678,0.0108,-0.0075,0.0100
1230798392166,4.6766,-8.5335,-0.7510,0.0133,-0.0062,0.0088
1230798392176,4.6718,-8.5550,-0.7439,0.0194,-0.0087,0.0076
1230798392186,4.6622,-8.5574,-0.7391,0.0206,-0.0111,0.0063
1230798392195,4.6838,-8.5790,-0.7223,0.0304,-0.0148,0.0088
1230798392204,4.6790,-8.5694,-0.7175,0.0353,-0.0148,0.0100
1230798392214,4.6575,-8.5885,-0.6553,0.0365,-0.0160,0.0137
1230798392223,4.6311,-8.5574,-0.6458,0.0340,-0.0148,0.0173
1230798392233,4.6048,-8.5407,-0.6170,0.0340,-0.0184,0.0186
1230798392242,4.5976,-8.5479,-0.6170,0.0316,-0.0160,0.0186
1230798392253,4.5713,-8.5550,-0.6051,0.0353,-0.0148,0.0149
1230798392262,4.5737,-8.5550,-0.5788,0.0340,-0.0160,0.0112
1230798392271,4.5665,-8.5574,-0.5716,0.0353,-0.0160,0.0088
1230798392282,4.6000,-8.5718,-0.5644,0.0304,-0.0135,0.0076
1230798392291,4.6192,-8.5670,-0.6146,0.0243,-0.0123,0.0051
1230798392300,4.6144,-8.5837,-0.5979,0.0169,-0.0075,0.0015
1230798392311,4.6144,-8.5837,-0.5907,0.0145,-0.0062,0.0015
1230798392320,4.6096,-8.5694,-0.6027,0.0096,-0.0013,0.0015
1230798392330,4.5929,-8.5598,-0.6122,0.0072,0.0011,-0.0010
1230798392338,4.5952,-8.5622,-0.6194,0.0011,0.0048,-0.0034
1230798392347,4.5929,-8.5598,-0.6338,-0.0112,0.0072,-0.0034
1230798392357,4.5952,-8.5957,-0.6481,-0.0234,0.0097,-0.0022
1230798392366,4.5976,-8.5861,-0.6601,-0.0283,0.0097,-0.0022
1230798392376,4.5952,-8.5861,-0.6792,-0.0331,0.0097,-0.0034
1230798392385,4.5809,-8.5837,-0.6936,-0.0295,0.0097,-0.0071
1230798392397,4.5952,-8.5790,-0.6888,-0.0295,0.0097,-0.0120
1230798392406,4.5905,-8.5550,-0.6960,-0.0197,0.0109,-0.0144
1230798392416,4.6024,-8.5550,-0.6984,-0.0148,0.0097,-0.0169
1230798392426,4.5952,-8.5981,-0.6505,-0.0173,0.0072,-0.0181
1230798392435,4.5857,-8.6053,-0.6553,-0.0161,0.0060,-0.0181
1230798392445,4.5952,-8.6005,-0.6529,-0.0197,0.0060,-0.0156
1230798392455,4.6096,-8.5814,-0.6864,-0.0258,0.0035,-0.0132
1230798392464,4.6000,-8.5933,-0.7151,-0.0270,0.0035,-0.0107
1230798392474,4.5761,-8.6149,-0.7391,-0.0185,0.0011,-0.0132
1230798392483,4.5689,-8.6077,-0.7678,-0.0038,-0.0038,-0.0169
1230798392493,4.5761,-8.5885,-0.6745,0.0145,-0.0111,-0.0230
1230798392502,4.5952,-8.5526,-0.5357,0.0353,-0.0135,-0.0230
1230798392512,4.5929,-8.5407,-0.5309,0.0206,-0.0197,-0.0144
1230798392522,4.5785,-8.5479,-0.6170,0.0108,-0.0233,-0.0047
1230798392532,4.5570,-8.6005,-0.6960,0.0133,-0.0233,-0.0071
1230798392541,4.5761,-8.6364,-0.7558,0.0267,-0.0319,-0.0193
1230798392549,4.6240,-8.6579,-0.8204,0.0548,-0.0441,-0.0340
1230798392559,4.6359,-8.6101,-0.7750,0.0792,-0.0551,-0.0401
1230798392569,4.6168,-8.5766,-0.7726,0.1000,-0.0575,-0.0425
1230798392578,4.5785,-8.5191,-0.7415,0.1122,-0.0600,-0.0462
1230798392589,4.5594,-8.3899,-0.6434,0.1232,-0.0600,-0.0572
1230798392597,4.5498,-8.3780,-0.6218,0.1159,-0.0661,-0.0670
1230798392606,4.5665,-8.4832,-0.6601,0.1049,-0.0685,-0.0718
1230798392616,4.6120,-8.5694,-0.6553,0.1049,-0.0636,-0.0816
1230798392626,4.6335,-8.5263,-0.6481,0.1232,-0.0539,-0.0877
1230798392635,4.6359,-8.5263,-0.6649,0.1476,-0.0514,-0.0938
1230798392645,4.6479,-8.5694,-0.6505,0.1733,-0.0563,-0.1036
1230798392656,4.6455,-8.5526,-0.6146,0.1904,-0.0563,-0.1146
1230798392666,4.6479,-8.5431,-0.4543,0.2124,-0.0539,-0.1244
1230798392676,4.6599,-8.5263,-0.2844,0.2063,-0.0563,-0.1280
1230798392685,4.7245,-8.4498,-0.2892,0.1525,-0.0502,-0.1183
1230798392695,4.7436,-8.4809,-0.4041,0.1073,-0.0380,-0.1085
1230798392705,4.7149,-8.5239,-0.5046,0.0853,-0.0209,-0.1122
1230798392714,4.6934,-8.5479,-0.5931,0.0902,-0.0148,-0.1256
1230798392724,4.7412,-8.5766,-0.6003,0.1208,-0.0184,-0.1427
1230798392733,4.7819,-8.5742,-0.6338,0.1550,-0.0221,-0.1561
1230798392743,4.7915,-8.5670,-0.5668,0.1782,-0.0282,-0.1622
1230798392753,4.7962,-8.4761,-0.4400,0.1843,-0.0319,-0.1635
1230798392762,4.8369,-8.4162,-0.4089,0.1611,-0.0368,-0.1598
1230798392772,4.8561,-8.4234,-0.3945,0.1293,-0.0331,-0.1635
1230798392781,4.8417,-8.4258,-0.3658,0.1171,-0.0245,-0.1683
1230798392791,4.8369,-8.4019,-0.3443,0.1110,-0.0209,-0.1671
1230798392801,4.8202,-8.3684,-0.3179,0.1049,-0.0209,-0.1683
1230798392810,4.8345,-8.4210,-0.2796,0.1049,-0.0209,-0.1745
1230798392820,4.8633,-8.4162,-0.1983,0.0976,-0.0197,-0.1806
