1635067866277,-2.3926,1.4883,9.5156,-0.0594,0.0364,0.6245
1635067866278,-2.2949,1.8311,9.5234,-0.0646,0.0503,0.6152
1635067866279,-2.4219,1.8643,9.4922,-0.1263,0.0503,0.6226
1635067866297,-2.5293,1.6445,9.4922,-0.1913,0.0407,0.6128
1635067866298,-2.5527,1.5078,9.4063,-0.2285,0.0471,0.6152
1635067866301,-2.4883,1.5127,9.3984,-0.2264,0.0545,0.6245
1635067866332,-2.3867,1.6201,9.4688,-0.2231,0.0556,0.6255
1635067866337,-2.3770,1.7188,9.5078,-0.2296,0.0577,0.6235
1635067866338,-2.3867,1.7520,9.5547,-0.2571,0.0598,0.6152
1635067866360,-2.3770,1.7256,9.5078,-0.2922,0.0652,0.5918
1635067866361,-2.3887,1.6875,9.4531,-0.3169,0.0620,0.5820
1635067866363,-2.3184,1.6348,9.4297,-0.3157,0.0567,0.5605
1635067866388,-2.2656,1.6992,9.4297,-0.2891,0.0577,0.5449
1635067866390,-2.2734,1.8379,9.3750,-0.2881,0.0694,0.5747
1635067866391,-2.3184,1.8164,9.3594,-0.3062,0.0652,0.5747
1635067866416,-2.3008,1.8164,9.3828,-0.3242,0.0556,0.5396
1635067866419,-2.2949,1.7998,9.4063,-0.3350,0.0524,0.5576
1635067866420,-2.2441,1.7236,9.4688,-0.3328,0.0535,0.5586
1635067866445,-2.1484,1.6973,9.4844,-0.3306,0.0482,0.5371
1635067866446,-2.1797,1.5605,9.5547,-0.3210,0.0354,0.5371
1635067866447,-2.1445,1.5078,9.5781,-0.2998,0.0322,0.5361
1635067866474,-2.1172,1.5244,9.5625,-0.2625,0.0311,0.5288
1635067866476,-2.1074,1.5508,9.5938,-0.2231,0.0226,0.5161
1635067866477,-2.1172,1.5967,9.6328,-0.1965,0.0152,0.5117
1635067866507,-2.2090,1.6201,9.6953,-0.1859,0.0056,0.5190
1635067866509,-2.2734,1.6680,9.6953,-0.1870,-0.0029,0.5190
1635067866510,-2.2832,1.7285,9.7109,-0.1987,-0.0189,0.5107
1635067866537,-2.2383,1.7109,9.8750,-0.2190,-0.0402,0.5044
1635067866539,-2.1797,1.6250,9.8281,-0.2477,-0.0433,0.4980
1635067866540,-2.2383,1.5967,9.7578,-0.2656,-0.0657,0.4971
1635067866567,-2.2031,1.5967,9.7656,-0.2605,-0.0966,0.5010
1635067866569,-2.1680,1.5986,9.7813,-0.2605,-0.1093,0.4980
1635067866571,-2.1602,1.6152,9.7734,-0.2615,-0.1221,0.4980
1635067866597,-2.1855,1.6396,9.7500,-0.2710,-0.1370,0.5073
1635067866599,-2.2031,1.5938,9.7891,-0.2849,-0.1455,0.4980
1635067866601,-2.2480,1.6465,9.8125,-0.2837,-0.1476,0.4907
1635067866627,-2.3027,1.6582,9.7969,-0.3008,-0.1572,0.5044
1635067866629,-2.3164,1.6416,9.7266,-0.3242,-0.1710,0.5044
1635067866631,-2.2832,1.5439,9.6953,-0.3477,-0.1805,0.5063
1635067866657,-2.3164,1.3789,9.5859,-0.3572,-0.1774,0.5127
1635067866659,-2.3926,1.3311,9.4766,-0.3508,-0.1848,0.5215
1635067866661,-2.4180,1.3428,9.4453,-0.3359,-0.2051,0.5342
1635067866688,-2.4180,1.3262,9.5156,-0.3435,-0.2114,0.5488
1635067866689,-2.3652,1.3428,9.4375,-0.3699,-0.2103,0.5630
1635067866691,-2.2539,1.3135,9.4219,-0.3784,-0.2189,0.5649
1635067866720,-2.1582,1.2422,9.4766,-0.3423,-0.2179,0.5522
1635067866722,-2.1660,1.2471,9.4688,-0.3169,-0.2029,0.5640
1635067866724,-2.1641,1.3232,9.4688,-0.3062,-0.1954,0.5747
1635067866750,-2.1074,1.2803,9.5547,-0.3052,-0.1923,0.5620
1635067866751,-2.0059,1.0742,9.5547,-0.3147,-0.1827,0.5405
1635067866753,-1.8379,0.9214,9.5859,-0.3093,-0.1742,0.5215
1635067866776,-1.6133,0.7920,9.6875,-0.2615,-0.1614,0.5088
1635067866777,-1.5488,0.5674,9.5938,-0.1881,-0.1263,0.4863
1635067866778,-1.6348,0.5195,9.6719,-0.1094,-0.1168,0.4619
1635067866806,-1.5752,0.6460,9.8672,-0.0189,-0.1157,0.4448
1635067866807,-1.6016,0.8208,10.0234,0.0502,-0.1061,0.4182
1635067866808,-1.6250,1.1201,10.1172,0.0832,-0.1019,0.3928
1635067866838,-1.6514,1.3926,10.1875,0.0917,-0.1019,0.3799
1635067866840,-2.0625,1.3496,10.3125,0.0577,-0.1019,0.3767
1635067866842,-1.5918,1.8955,10.1328,-0.0795,-0.1359,0.3928
1635067866868,-1.6826,1.0938,10.2109,-0.2168,-0.1487,0.3203
1635067866874,-1.4932,0.9312,10.1172,-0.2360,-0.1742,0.3257
1635067866876,-1.4268,0.5264,10.1328,-0.1902,-0.1519,0.3447
1635067866898,-1.4717,0.0670,10.1250,-0.1455,-0.1699,0.2937
1635067866900,-1.5098,-0.2274,10.3203,-0.0349,-0.2040,0.2500
1635067866902,-1.5771,-0.3469,10.6094,0.1056,-0.2317,0.2480
1635067866934,-1.6709,-0.3662,10.6641,0.2013,-0.2615,0.2203
1635067866936,-1.5244,-0.0622,10.5781,0.2502,-0.2986,0.1831
1635067866937,-1.2109,0.4668,10.3828,0.2800,-0.3252,0.1788
1635067866960,-0.9600,0.9888,10.2188,0.2651,-0.3445,0.1948
1635067866962,-0.7852,1.3330,10.0625,0.1896,-0.3508,0.2097
1635067866963,-0.6772,1.4580,9.9688,0.0832,-0.3423,0.2192
1635067866989,-0.5791,1.4141,10.0469,-0.0189,-0.3369,0.2235
1635067866991,-0.5527,1.0361,10.2656,-0.1190,-0.3401,0.2300
1635067866992,-0.6030,0.3757,10.4453,-0.2114,-0.3445,0.2214
1635067867019,-0.7324,-0.1915,10.2500,-0.2571,-0.3306,0.1863
1635067867021,-0.6006,-0.5049,10.1953,-0.2391,-0.3413,0.1501
1635067867022,-0.2369,-0.5601,10.1250,-0.1785,-0.3433,0.1437
1635067867049,-0.0072,-0.4573,10.0391,-0.1051,-0.3350,0.1448
1635067867051,0.1197,-0.3040,9.9375,-0.0391,-0.3284,0.1342
1635067867052,0.2155,0.0144,9.8828,-0.0040,-0.3210,0.1204
1635067867079,0.2537,0.2417,9.9141,0.0173,-0.3125,0.1118
1635067867081,0.2274,0.2489,9.8984,0.0109,-0.3030,0.0906
1635067867083,0.1532,0.3733,9.9141,-0.0242,-0.2891,0.0597
1635067867109,0.1005,0.5435,9.9141,-0.0487,-0.2625,0.0555
1635067867111,0.0574,0.5718,9.8281,-0.0955,-0.2369,0.0555
1635067867113,0.0886,0.3972,9.8047,-0.1796,-0.2369,0.0384
1635067867139,0.2656,0.1627,9.7266,-0.2583,-0.2360,0.0225
1635067867141,0.5313,-0.0479,9.6094,-0.2922,-0.2157,0.0172
1635067867143,0.7061,-0.2585,9.5313,-0.2849,-0.2040,0.0097
1635067867170,0.7729,-0.5122,9.5469,-0.2360,-0.2094,0.0033
1635067867171,0.8140,-0.7681,9.6328,-0.1636,-0.2062,-0.0126
1635067867173,0.7778,-0.8643,9.6250,-0.0870,-0.1965,-0.0392
1635067867200,0.8140,-0.6104,9.6406,-0.0168,-0.1753,-0.0509
1635067867201,0.8447,-0.4355,9.7344,0.0513,-0.1593,-0.0382
1635067867203,0.8906,-0.4189,9.7500,0.0704,-0.1455,-0.0339
1635067867230,0.9766,-0.3279,9.8203,0.0566,-0.1338,-0.0286
1635067867232,1.0166,-0.1675,9.8203,0.0417,-0.1179,-0.0052
1635067867233,1.0576,-0.0790,9.8516,0.0119,-0.1040,0.0140
1635067867260,1.0771,-0.1938,9.8516,-0.0317,-0.0901,0.0310
1635067867262,0.9648,-0.2083,9.8203,-0.0881,-0.0753,0.0522
1635067867263,0.8496,-0.1938,9.8828,-0.1168,-0.0774,0.0703
1635067867290,0.7349,-0.3064,9.9688,-0.1317,-0.0848,0.0778
1635067867293,0.6343,-0.4285,9.9688,-0.1444,-0.0891,0.0789
1635067867295,0.5791,-0.3638,9.9922,-0.1498,-0.0987,0.0884
1635067867321,0.6870,-0.2871,10.1172,-0.1530,-0.1146,0.1055
1635067867322,0.7729,-0.3398,10.0391,-0.1689,-0.1104,0.1235
1635067867324,0.8140,-0.3469,10.0000,-0.1796,-0.1157,0.1416
1635067867347,0.9287,-0.3950,10.0000,-0.1699,-0.1284,0.1628
1635067867349,1.0049,-0.4573,9.9688,-0.1593,-0.1316,0.1799
1635067867350,0.9766,-0.5693,9.9688,-0.1317,-0.1263,0.1969
1635067867377,0.9287,-0.7827,10.0156,-0.0838,-0.1295,0.2076
1635067867379,0.9165,-0.8687,9.9766,-0.0264,-0.1284,0.2054
1635067867380,0.8833,-0.7490,10.0313,0.0385,-0.1189,0.2161
1635067867410,0.8521,-0.5889,10.0313,0.0917,-0.1083,0.2300
1635067867412,0.8379,-0.3950,10.0625,0.1141,-0.1019,0.2374
1635067867413,0.8784,-0.2250,10.1406,0.1130,-0.0976,0.2576
1635067867445,0.8760,-0.0958,10.1563,0.0970,-0.0859,0.2820
1635067867447,0.7944,0.0239,10.1719,0.0673,-0.0784,0.3076
1635067867448,0.6846,-0.0263,10.2031,0.0321,-0.0764,0.3374
1635067867471,0.6631,-0.0694,10.1953,-0.0104,-0.0614,0.3564
1635067867473,0.6797,-0.0670,10.1953,-0.0423,-0.0412,0.3640
1635067867474,0.6128,-0.2274,10.1953,-0.0594,-0.0189,0.3767
1635067867500,0.4763,-0.3926,10.1250,-0.0668,-0.0178,0.3862
1635067867502,0.4453,-0.4021,10.0703,-0.0540,-0.0210,0.3970
1635067867504,0.4932,-0.3687,10.1328,-0.0136,-0.0146,0.3992
1635067867541,0.5215,-0.3494,10.1406,0.0236,-0.0051,0.3979
1635067867545,0.4834,-0.1819,10.1172,0.0471,0.0013,0.4109
1635067867547,0.5000,-0.0215,10.1328,0.0704,0.0088,0.4353
1635067867554,0.5552,-0.0359,10.1484,0.0843,0.0173,0.4448
1635067867556,0.5552,-0.0024,10.1016,0.0757,0.0237,0.4534
1635067867578,0.5454,0.0526,10.0547,0.0736,0.0269,0.4758
1635067867579,0.5815,0.1794,10.0000,0.0704,0.0322,0.4917
1635067867585,0.6416,0.2130,10.0078,0.0556,0.0386,0.4971
1635067867627,0.6533,0.1555,10.0000,0.0343,0.0407,0.5020
1635067867628,0.6294,0.1173,9.9531,0.0130,0.0471,0.5117
1635067867636,0.5693,0.0670,9.9766,0.0130,0.0588,0.5127
1635067867638,0.5674,-0.0981,9.9688,0.0311,0.0694,0.4927
1635067867640,0.5957,-0.1412,9.9453,0.0502,0.0790,0.4800
1635067867641,0.6270,-0.1627,10.0703,0.0939,0.0854,0.4873
1635067867672,0.5337,-0.3230,10.0781,0.1449,0.0907,0.4810
1635067867674,0.3447,-0.2394,10.0469,0.1779,0.0886,0.4736
1635067867675,0.2441,-0.0239,10.0625,0.2205,0.0779,0.4822
1635067867700,0.1938,-0.0000,10.0625,0.2417,0.0694,0.4790
1635067867702,0.2058,0.0958,10.0000,0.2173,0.0630,0.4673
1635067867704,0.2394,0.3469,9.9766,0.1853,0.0545,0.4800
1635067867720,0.1627,0.4763,10.0234,0.1661,0.0471,0.4990
1635067867721,-0.0239,0.5288,10.0234,0.1332,0.0375,0.5117
1635067867754,-0.1412,0.6484,10.0313,0.0800,0.0290,0.5215
1635067867755,-0.2512,0.7202,10.0938,0.0279,0.0152,0.5298
1635067867756,-0.4380,0.7876,10.0469,-0.0306,0.0067,0.5449
1635067867782,-0.7900,1.0693,10.0234,-0.1487,0.0003,0.6841
1635067867784,-1.2871,1.1484,10.1172,-0.1487,0.0003,0.6841
1635067867785,-2.3379,0.9980,10.2500,-0.2625,-0.1008,0.8042
1635067867811,-2.5801,1.1270,10.5859,-0.3093,-0.1764,0.8457
1635067867813,-2.7383,1.6367,10.8047,-0.4189,-0.2444,0.9248
1635067867815,-3.0234,2.3828,10.9922,-0.5840,-0.3198,1.0850
1635067867840,-3.4883,2.9395,11.1406,-0.8701,-0.4167,1.2842
1635067867842,-3.8340,3.3359,11.2734,-1.2959,-0.5410,1.4590
1635067867844,-4.0625,3.5664,11.3828,-1.8271,-0.6782,1.6377
1635067867870,-4.3359,3.4160,11.3047,-2.4277,-0.8340,1.8457
1635067867871,-4.5703,2.8691,10.8984,-3.0156,-1.0127,2.0352
1635067867872,-4.7305,1.9385,10.2031,-3.5176,-1.1846,2.1641
1635067867903,-4.6367,0.6680,9.3281,-3.9102,-1.3584,2.2441
1635067867904,-4.3516,-0.6797,8.5000,-4.1406,-1.5449,2.3027
1635067867905,-3.8828,-1.8789,7.8477,-4.1914,-1.7148,2.3652
1635067867927,-3.4141,-2.8770,7.3633,-4.1094,-1.8477,2.4316
1635067867940,-2.8379,-3.5156,6.8555,-3.9531,-1.9326,2.4805
1635067867942,-2.2598,-3.7246,6.2773,-3.7930,-1.9717,2.5137
1635067867961,-1.7930,-3.9336,5.7813,-3.6094,-2.0156,2.5488
1635067867965,-1.2734,-4.0859,5.3711,-3.4004,-2.0664,2.5801
1635067867966,-0.7397,-4.2734,5.2539,-3.2188,-2.0840,2.5840
1635067867989,-0.2155,-4.5195,5.2344,-3.0977,-2.0898,2.5723
1635067867991,0.3135,-4.7266,4.9531,-3.0254,-2.0898,2.5762
1635067867993,0.7441,-4.8164,4.5391,-2.9668,-2.0547,2.5898
1635067868020,1.0986,-5.0625,4.0742,-2.8398,-2.0039,2.5957
1635067868021,1.5459,-5.3125,3.4258,-2.6855,-1.9365,2.5820
1635067868022,2.1543,-5.3516,2.8867,-2.5859,-1.8350,2.5781
1635067868051,2.7090,-5.0625,2.4395,-2.5664,-1.7041,2.6016
1635067868052,3.1348,-4.8359,2.0938,-2.5938,-1.5830,2.6270
1635067868053,3.5703,-4.8359,1.9053,-2.6504,-1.4717,2.6230
1635067868086,3.8340,-5.0742,1.9727,-2.7402,-1.3457,2.5977
1635067868088,3.7930,-5.8398,1.8594,-2.8496,-1.2012,2.5566
1635067868089,3.5586,-7.1563,1.4746,-2.9277,-1.0771,2.4707
1635067868099,3.4824,-8.3906,0.9790,-2.8672,-0.9678,2.3438
1635067868100,3.6641,-9.2031,0.6870,-2.6016,-0.8574,2.2305
1635067868133,4.0352,-9.3906,0.8687,-2.2012,-0.7051,2.1602
1635067868134,4.5313,-8.7734,1.1201,-1.7734,-0.4827,2.1055
1635067868135,4.7227,-7.5430,1.3428,-1.4980,-0.1965,2.0820
1635067868164,4.4805,-6.4102,1.6543,-1.4541,0.0928,2.0820
1635067868165,3.9785,-6.1016,2.0957,-1.6006,0.3342,2.0469
1635067868167,3.2246,-6.8359,2.8535,-1.9219,0.4780,1.9678
1635067868192,2.5898,-7.6250,3.3574,-2.3750,0.5874,1.8672
1635067868198,2.0254,-7.9453,3.5645,-2.7676,0.7246,1.7607
1635067868199,1.2656,-8.4922,3.7402,-2.9668,0.7876,1.7041
1635067868211,0.8042,-9.6797,3.7754,-2.9824,0.7686,1.6523
1635067868217,0.6436,-10.3906,3.7188,-2.8984,0.7534,1.5674
1635067868230,0.6294,-10.4844,3.4883,-2.5918,0.7544,1.5186
1635067868231,0.6318,-10.6406,3.0273,-1.9678,0.7568,1.5146
1635067868260,0.3853,-10.5078,2.7539,-1.2324,0.7813,1.5293
1635067868261,-0.1053,-10.4297,2.5586,-0.5127,0.8174,1.5332
1635067868262,-0.6196,-10.6406,2.4668,0.0268,0.8770,1.4893
1635067868293,-1.2061,-10.5859,2.6738,0.3184,0.9502,1.4111
1635067868295,-1.6709,-10.3828,2.9688,0.4780,1.0098,1.3350
1635067868296,-2.1660,-10.1484,3.5156,0.5015,1.0449,1.2686
1635067868323,-2.5078,-9.7266,3.9238,0.4280,1.0586,1.1982
1635067868325,-2.8105,-9.5469,4.0938,0.2737,1.0547,1.1387
1635067868326,-3.3320,-9.8203,4.1563,0.0757,1.0176,1.1025
1635067868353,-3.8418,-10.3125,4.0352,-0.0179,0.9673,1.0664
1635067868355,-4.2656,-10.9297,3.7344,0.0268,0.9268,1.0332
1635067868358,-4.7539,-11.2656,3.5645,0.1875,0.8877,0.9854
1635067868384,-5.0117,-10.9375,3.5566,0.3843,0.8696,0.9312
1635067868387,-5.0820,-10.4219,3.5352,0.5161,0.8618,0.8779
1635067868389,-5.1055,-10.2578,3.6211,0.5181,0.8438,0.8013
1635067868411,-5.0820,-9.9453,3.9629,0.4045,0.8320,0.6914
1635067868412,-5.0156,-9.5000,4.3906,0.3162,0.8174,0.6011
1635067868413,-5.1133,-9.2031,4.7109,0.2959,0.7813,0.5522
1635067868443,-5.2500,-8.9297,4.9063,0.3333,0.7354,0.5425
1635067868444,-5.2734,-8.6172,4.8086,0.4343,0.6841,0.5659
1635067868445,-5.2734,-8.6719,4.6406,0.5430,0.6313,0.5801
1635067868473,-5.3867,-9.0000,4.1133,0.5415,0.6206,0.5449
1635067868475,-5.7070,-9.1250,3.6855,0.4438,0.6152,0.4778
1635067868476,-5.8789,-9.0859,3.5469,0.2939,0.5991,0.4246
1635067868504,-5.9453,-8.8750,3.4902,0.0577,0.6001,0.3513
1635067868505,-5.8359,-8.4453,3.2734,-0.2296,0.6099,0.2832
1635067868507,-5.6133,-8.1719,3.1328,-0.5029,0.6216,0.2491
1635067868534,-5.4063,-8.0859,3.0898,-0.6689,0.6270,0.2257
1635067868535,-5.3711,-8.1797,3.1426,-0.6851,0.6313,0.2140
1635067868537,-5.5078,-8.1641,3.0605,-0.5776,0.6387,0.2183
1635067868569,-5.7070,-8.1328,3.1855,-0.3518,0.6143,0.2310
1635067868576,-5.8320,-8.2266,3.5020,-0.0955,0.5713,0.2544
1635067868583,-5.8672,-8.4297,3.5117,0.1587,0.5332,0.2417
1635067868596,-5.8164,-8.5859,3.2871,0.4023,0.5044,0.2076
1635067868597,-5.5625,-8.5391,2.8652,0.6489,0.4917,0.1820
1635067868599,-5.2617,-8.3750,2.3438,0.8940,0.4983,0.1682
1635067868624,-5.0977,-7.9688,2.1445,1.0479,0.5161,0.1533
1635067868626,-5.0781,-7.3711,2.3770,0.8984,0.6162,0.1278
1635067868627,-5.3320,-7.5391,2.6367,0.5845,0.6558,0.0959
1635067868654,-5.5078,-8.0313,2.7637,0.2642,0.6758,0.0501
1635067868656,-5.5352,-8.5156,2.7930,0.0300,0.6841,0.0086
1635067868657,-5.4492,-8.4531,2.8809,-0.0742,0.6855,-0.0243
1635067868684,-5.3047,-8.2656,3.1133,-0.0210,0.6533,-0.0403
1635067868686,-5.0313,-8.1875,3.1113,0.1013,0.6118,-0.0520
1635067868687,-4.8203,-8.3047,2.8945,0.2588,0.6011,-0.0818
1635067868714,-4.6641,-8.5391,2.6035,0.4216,0.5781,-0.1296
1635067868716,-4.4531,-8.6875,2.5820,0.5801,0.5469,-0.1658
1635067868718,-4.2578,-8.5391,2.5723,0.7002,0.5430,-0.1892
1635067868744,-4.2305,-8.1953,2.5840,0.7397,0.5469,-0.2031
1635067868746,-4.2227,-7.8125,2.5566,0.6660,0.5522,-0.2137
1635067868747,-4.2305,-7.5313,2.5625,0.4961,0.5557,-0.2212
1635067868774,-4.2539,-7.3945,2.5723,0.2556,0.5459,-0.2275
1635067868776,-4.3359,-7.4141,2.6133,0.0173,0.5322,-0.2255
1635067868777,-4.4883,-7.5273,2.7266,-0.1987,0.5269,-0.2190
1635067868804,-4.5586,-7.6797,2.8066,-0.3540,0.5107,-0.2223
1635067868806,-4.5547,-7.8086,2.9609,-0.4402,0.4844,-0.2233
1635067868807,-4.5430,-7.7969,3.1563,-0.4700,0.4695,-0.2106
1635067868834,-4.5859,-7.7305,3.0723,-0.4231,0.4673,-0.1998
1635067868836,-4.7422,-7.9023,2.8652,-0.3391,0.4407,-0.1765
1635067868837,-4.7930,-7.9258,2.6660,-0.2242,0.4023,-0.1360
1635067868864,-4.7617,-7.6172,2.5293,-0.0870,0.3843,-0.1010
1635067868866,-4.8125,-7.1953,2.4980,0.0162,0.3652,-0.0690
1635067868868,-4.8828,-6.7969,2.5449,0.0353,0.3450,-0.0328
1635067868894,-4.9648,-6.4219,2.5195,-0.0594,0.3386,-0.0020
1635067868896,-5.1367,-6.2578,2.5156,-0.2242,0.3206,0.0331
1635067868898,-5.3828,-6.6094,2.5391,-0.4136,0.2993,0.0640
1635067868927,-5.6406,-7.1602,2.5078,-0.5859,0.2769,0.0714
1635067868929,-5.7461,-7.7578,2.2559,-0.6294,0.2620,0.0778
1635067868931,-5.7188,-8.1797,2.0371,-0.5425,0.2610,0.1002
1635067868957,-5.7070,-8.2344,2.2031,-0.3359,0.2512,0.1256
1635067868958,-5.6094,-7.8047,2.5879,-0.0615,0.2312,0.1533
1635067868960,-5.4609,-7.0938,2.7402,0.1545,0.2301,0.1810
1635067868984,-5.3711,-6.5742,2.6777,0.2607,0.2247,0.2097
1635067868985,-5.3203,-6.5273,2.5488,0.2576,0.1992,0.2235
1635067868987,-5.3711,-6.7461,2.5508,0.1747,0.1812,0.2246
1635067869012,-5.5859,-7.1484,2.5625,0.1002,0.1726,0.2183
1635067869014,-5.7500,-7.5977,2.5566,0.0513,0.1683,0.1927
1635067869015,-5.9219,-8.0313,2.6582,0.0024,0.1545,0.1362
1635067869044,-5.9063,-8.3906,2.5273,-0.0349,0.1322,0.1086
1635067869046,-5.7891,-8.2734,2.3691,0.0343,0.1248,0.1076
1635067869047,-5.6094,-8.2969,2.2305,0.1758,0.1279,0.1002
1635067869072,-5.6367,-8.2344,2.4180,0.2927,0.1099,0.0735
1635067869073,-5.8555,-8.1875,2.7324,0.4216,0.0737,0.0544
1635067869075,-6.2188,-8.3672,3.1641,0.4749,0.0396,0.0023
1635067869105,-6.4492,-8.7031,3.2617,0.5034,-0.0263,-0.0531
1635067869106,-6.2344,-8.9844,3.2402,0.6543,-0.0997,-0.0690
1635067869108,-5.7422,-8.4375,3.0039,0.8569,-0.1125,-0.1010
1635067869134,-5.3867,-7.5859,2.7480,0.9971,-0.0912,-0.1382
1635067869135,-5.2539,-7.0742,2.5840,1.0439,-0.0933,-0.1233
1635067869136,-5.0078,-7.1055,2.4609,1.0742,-0.0923,-0.0839
1635067869162,-4.8398,-7.2813,2.3125,1.1494,-0.0518,-0.0712
1635067869163,-4.7930,-7.3398,2.3867,1.3027,-0.0242,-0.0488
1635067869165,-4.8359,-7.2422,2.5586,1.5117,-0.0029,-0.0286
1635067869193,-4.9961,-7.0664,2.8789,1.6855,0.0088,-0.0243
1635067869194,-5.1445,-6.9609,3.2383,1.8506,0.0088,-0.0190
1635067869195,-5.2930,-7.1523,3.5176,2.0156,0.0109,-0.0009
1635067869225,-5.3125,-7.3906,3.4961,2.1641,0.0067,-0.0063
1635067869227,-5.1758,-7.4961,3.5918,2.2871,0.0088,-0.0211
1635067869228,-5.0352,-7.3477,3.7266,2.3418,0.0290,-0.0020
1635067869255,-4.9766,-7.1523,3.7109,2.3008,0.0694,-0.0158
1635067869257,-4.9219,-7.1836,3.5742,2.1465,0.1088,-0.0446
1635067869258,-4.7930,-7.0313,3.5020,1.9102,0.1514,-0.0414
1635067869285,-4.8359,-6.5781,3.7363,1.6084,0.2056,-0.0467
1635067869287,-4.9414,-6.2031,4.1367,1.1758,0.2471,-0.0679
1635067869289,-5.0625,-5.8867,4.4961,0.5884,0.2482,-0.0924
1635067869314,-5.0156,-5.8867,4.6055,-0.0253,0.2162,-0.0903
1635067869316,-4.7969,-6.1602,4.3828,-0.5361,0.1907,-0.0563
1635067869318,-4.5625,-6.2227,4.3203,-0.8584,0.1620,-0.0009
1635067869347,-4.4883,-6.2305,4.5313,-1.0283,0.1354,0.0491
1635067869348,-4.7109,-6.2188,4.6992,-1.1787,0.1046,0.0789
1635067869350,-4.9961,-6.2930,4.9297,-1.3027,0.0492,0.0980
1635067869375,-5.0195,-6.4102,5.0078,-1.4238,-0.0019,0.1151
1635067869377,-5.1641,-6.6836,4.6367,-1.5410,-0.0221,0.1204
1635067869378,-5.4180,-7.3281,4.1602,-1.5215,-0.0551,0.1256
1635067869405,-5.3438,-7.6523,3.9453,-1.3574,-0.0721,0.1204
1635067869407,-5.1641,-7.5195,3.7246,-1.1445,-0.0423,0.0938
1635067869408,-5.2148,-7.4141,3.5254,-0.9380,-0.0136,0.0724
1635067869435,-5.2422,-7.5508,3.5137,-0.7583,-0.0008,0.0703
1635067869437,-5.2188,-7.7188,3.3887,-0.5859,0.0247,0.0565
1635067869439,-5.3359,-7.8164,3.4355,-0.4158,0.0598,0.0448
1635067869463,-5.4414,-7.5703,3.5352,-0.2700,0.0917,0.0469
1635067869472,-5.4688,-7.2148,3.4414,-0.2083,0.1322,0.0278
1635067869475,-5.5195,-7.0156,3.3828,-0.2200,0.1439,-0.0105
1635067869486,-5.4766,-7.0000,3.4375,-0.1785,0.1226,0.0065
1635067869489,-5.5430,-7.1836,3.5000,-0.1252,0.0981,0.0076
1635067869517,-5.4102,-7.3359,3.3965,-0.0998,0.0694,-0.0116
1635067869518,-5.2422,-7.3398,3.3652,-0.0679,0.0343,0.0023
1635067869520,-5.3242,-6.9883,3.4219,-0.0679,0.0152,0.0225
1635067869558,-5.3594,-6.8281,3.5430,-0.0721,-0.0370,0.0320
1635067869560,-5.2695,-6.7656,3.7695,-0.0891,-0.0933,0.0512
1635067869561,-5.1680,-6.6914,3.7344,-0.1147,-0.1104,0.0873
1635067869574,-5.0117,-6.6641,3.3574,-0.1498,-0.1115,0.1151
1635067869578,-4.9922,-6.6836,2.9941,-0.2466,-0.0753,0.1214
1635067869580,-5.0234,-6.9570,2.8262,-0.4211,-0.0487,0.1108
1635067869602,-4.9727,-7.1094,2.8281,-0.5806,-0.0338,0.1225
1635067869612,-5.0313,-7.1953,3.0430,-0.6519,-0.0072,0.1267
1635067869614,-5.1367,-7.5000,3.2520,-0.6294,0.0003,0.1256
1635067869642,-4.9570,-7.6445,3.3633,-0.4807,-0.0040,0.1619
1635067869643,-5.0625,-7.5820,3.5645,-0.3318,0.0109,0.1448
1635067869644,-5.0156,-7.9961,3.3457,-0.1647,-0.0348,0.1044
1635067869663,-4.9648,-7.8164,3.1758,-0.0529,-0.0189,0.1097
1635067869664,-4.8164,-7.2773,2.9297,-0.0019,0.0237,0.0980
1635067869667,-4.6953,-6.8828,2.7383,-0.0391,0.0513,0.0714
1635067869693,-4.8320,-7.0508,2.6797,-0.1284,0.0545,0.0757
1635067869694,-4.9805,-7.5078,2.8574,-0.1444,0.0482,0.0831
1635067869695,-5.0000,-7.8477,3.1445,-0.1179,0.0492,0.0555
1635067869726,-5.0234,-7.8203,3.2500,-0.0753,0.0417,0.0384
1635067869727,-5.0938,-7.7539,3.2305,0.0300,0.0290,0.0544
1635067869728,-5.0742,-7.6953,3.3105,0.1385,0.0120,0.0618
1635067869760,-5.0313,-7.5938,3.4805,0.2119,-0.0136,0.0437
1635067869761,-5.0664,-7.4805,3.5020,0.2450,-0.0178,0.0395
1635067869763,-4.9648,-7.0547,3.3477,0.2035,-0.0008,0.0342
1635067869787,-4.9414,-6.6328,3.3262,0.1056,0.0013,0.0161
1635067869789,-5.4180,-7.0234,3.2129,0.0375,-0.0157,0.0076
1635067869791,-5.6211,-7.7188,2.7969,0.0428,-0.0402,0.0076
1635067869816,-5.3672,-8.0234,2.8379,0.1321,-0.0327,-0.0243
1635067869818,-5.2813,-7.9102,2.9492,0.2236,-0.0114,-0.0424
1635067869820,-5.6367,-7.7422,3.1992,0.2629,-0.0040,-0.0211
1635067869844,-5.8438,-7.5195,3.3613,0.2534,-0.0072,-0.0201
1635067869847,-5.7383,-7.1680,3.4004,0.2087,-0.0157,-0.0350
1635067869848,-5.5977,-6.7617,3.3086,0.1226,-0.0338,-0.0403
1635067869874,-5.4961,-6.3164,3.2344,-0.0019,-0.0518,-0.0424
1635067869876,-5.6289,-6.4180,3.2500,-0.1434,-0.0753,-0.0616
1635067869877,-6.0469,-7.3281,3.3984,-0.3657,-0.1115,-0.1084
1635067869906,-6.4258,-8.3281,3.6621,-0.5732,-0.1572,-0.1382
1635067869908,-6.7656,-8.6641,4.0313,-0.6743,-0.1785,-0.1669
1635067869909,-7.1719,-8.3594,4.2109,-0.7798,-0.1827,-0.2126
1635067869939,-7.5391,-8.0703,4.0742,-0.9990,-0.2200,-0.2764
1635067869941,-7.6055,-8.1484,3.6934,-1.2734,-0.2954,-0.3552
1635067869942,-7.2461,-8.2578,3.1758,-1.5371,-0.3562,-0.4553
1635067869968,-6.9492,-8.3203,2.9102,-1.7148,-0.3955,-0.5615
1635067869969,-7.1016,-8.9375,2.9316,-1.8096,-0.4338,-0.6582
1635067869971,-7.4531,-9.6641,3.0059,-1.8779,-0.4583,-0.7925
1635067869992,-7.5039,-10.2109,2.9629,-1.9307,-0.4763,-0.9531
1635067869997,-7.5078,-10.4688,2.6934,-1.9795,-0.4785,-1.0869
1635067870004,-7.6055,-10.4688,2.3340,-2.0176,-0.4614,-1.2119
1635067870013,-7.3750,-10.0156,2.0723,-2.0938,-0.4294,-1.3418
1635067870020,-6.8945,-9.5078,1.8262,-2.1816,-0.3860,-1.4385
1635067870042,-6.4414,-9.3359,1.5752,-2.2480,-0.3391,-1.5205
1635067870050,-5.9570,-9.3516,1.0645,-2.2598,-0.2827,-1.5742
1635067870055,-5.2422,-9.5781,0.3901,-2.1445,-0.2114,-1.5977
1635067870067,-4.6680,-9.4453,-0.1724,-1.9297,-0.1125,-1.6143
1635067870072,-4.0195,-9.0391,-0.4236,-1.6748,-0.0157,-1.6104
1635067870086,-3.3945,-8.6250,-0.6484,-1.4219,0.0875,-1.5938
1635067870090,-2.8965,-8.4453,-0.7539,-1.1904,0.1843,-1.5547
1635067870118,-2.4863,-8.4688,-0.6196,-0.9541,0.2629,-1.4902
1635067870122,-2.1270,-8.2813,-0.4309,-0.7031,0.3311,-1.4014
1635067870127,-1.6777,-8.0234,-0.3662,-0.4285,0.3938,-1.3008
1635067870133,-1.3711,-7.7070,-0.4189,-0.2211,0.4546,-1.2158
1635067870137,-1.0957,-7.1602,-0.6245,-0.1190,0.5195,-1.1250
1635067870162,-0.5742,-6.6094,-1.1201,-0.0540,0.5938,-1.0352
1635067870166,-0.0837,-6.2813,-1.8047,0.0736,0.6802,-0.9297
1635067870170,0.2346,-6.3984,-2.3047,0.2673,0.7813,-0.7871
1635067870198,0.3687,-6.6094,-2.2227,0.4949,0.8770,-0.6465
1635067870200,0.3303,-6.7148,-1.6201,0.7534,0.9634,-0.5083
1635067870202,0.1077,-6.8164,-0.9575,0.9663,1.0488,-0.3701
1635067870224,-0.2274,-7.2031,-0.2944,1.0791,1.1035,-0.2467
1635067870236,-0.5337,-7.5625,0.2969,1.1064,1.1240,-0.1680
1635067870237,-0.6484,-7.7461,0.6055,1.1260,1.1182,-0.0999
1635067870242,-0.6724,-7.6250,1.0791,1.1064,1.0596,-0.0063
1635067870246,-0.6460,-6.7266,1.7588,1.0586,0.9697,0.0810
1635067870272,-0.6196,-5.3516,1.9814,1.0117,0.8921,0.1671
1635067870275,-0.8140,-4.0508,2.1270,0.9058,0.8120,0.2661
1635067870279,-1.1631,-3.7012,2.2949,0.7119,0.6841,0.3608
1635067870303,-1.4766,-4.2539,2.2324,0.3279,0.5781,0.4087
1635067870308,-2.1035,-5.7461,1.9268,-0.1838,0.5088,0.3757
1635067870313,-3.0430,-8.1719,1.6992,-0.7241,0.4131,0.3118
1635067870323,-3.7246,-10.3281,1.8145,-1.2070,0.2673,0.2363
1635067870328,-3.8496,-11.1719,2.1875,-1.4902,0.1067,0.1885
1635067870353,-3.5391,-10.8516,2.6230,-1.6006,-0.0210,0.1768
1635067870358,-3.2031,-10.0313,3.0605,-1.7070,-0.1476,0.1437
1635067870363,-3.0078,-9.4375,3.1758,-1.9287,-0.2891,0.0842
1635067870373,-2.9609,-9.3438,2.6973,-2.2129,-0.4189,0.0289
1635067870378,-2.9492,-9.5313,1.9150,-2.4824,-0.5317,-0.0190
1635067870403,-2.8125,-9.7031,1.2393,-2.6230,-0.6528,-0.0563
1635067870408,-2.5137,-9.6172,0.7827,-2.6348,-0.7529,-0.0743
1635067870413,-2.2422,-9.3516,0.6270,-2.5957,-0.8125,-0.1041
1635067870424,-2.0273,-8.9766,0.4954,-2.5684,-0.8628,-0.1243
1635067870428,-1.7549,-8.7500,0.3542,-2.4551,-0.9170,-0.1212
1635067870454,-1.4580,-8.8750,0.3806,-2.1680,-0.9819,-0.0914
1635067870462,-1.2900,-8.8125,0.8232,-1.8047,-1.0283,-0.0382
1635067870466,-1.4453,-8.6875,0.6533,-1.4492,-1.0244,0.0225
1635067870484,-1.7354,-8.7109,-0.0359,-1.1260,-1.0273,0.0608
1635067870490,-1.7813,-8.6797,-0.8521,-0.7915,-1.0518,0.0948
1635067870495,-1.6084,-8.7422,-1.5059,-0.3071,-1.0596,0.1522
1635067870504,-1.3838,-8.9141,-1.9893,0.3748,-1.0547,0.2225
1635067870509,-1.1680,-9.0000,-2.0078,1.2041,-1.0518,0.3279
1635067870534,-1.1250,-8.9219,-1.8838,2.0469,-1.0088,0.4448
1635067870540,-1.3330,-8.8906,-1.7764,2.7617,-0.9497,0.5864
1635067870545,-1.6729,-8.9688,-1.7256,3.2949,-0.8638,0.7354
1635067870554,-2.2188,-8.8984,-1.4453,3.6484,-0.7485,0.8672
1635067870560,-2.6797,-8.6641,-1.2275,3.8652,-0.6265,0.9746
1635067870584,-2.9414,-8.3359,-1.0342,3.8887,-0.4924,1.0117
1635067870590,-3.1094,-7.6250,-0.8379,3.7012,-0.3413,0.9927
1635067870595,-3.2773,-7.0703,-0.7227,3.3887,-0.2103,0.9673
1635067870604,-3.4629,-7.4258,-0.5601,3.0332,-0.1284,0.9502
1635067870610,-3.9063,-8.4688,-0.3088,2.7227,-0.0859,0.9204
1635067870634,-4.2656,-9.3750,0.0814,2.5059,-0.0444,0.8833
1635067870640,-4.4453,-9.8672,0.4285,2.4258,0.0056,0.8501
1635067870645,-4.9922,-9.4844,1.3184,2.5117,0.1216,0.8408
1635067870654,-5.1914,-8.7578,1.6846,2.4961,0.1981,0.8311
1635067870660,-5.3438,-8.0781,1.9150,2.3516,0.2610,0.7969
1635067870684,-5.3320,-7.6992,2.0957,2.0508,0.3044,0.7236
1635067870690,-5.4453,-7.5430,2.1992,1.5967,0.3301,0.6279
1635067870696,-5.6445,-8.0078,1.9033,1.1865,0.3237,0.5342
1635067870704,-5.7578,-9.0625,1.6416,0.9399,0.2896,0.4683
1635067870708,-5.7734,-9.8984,1.7402,0.9023,0.2471,0.4226
1635067870734,-5.8008,-10.0391,2.1777,1.0664,0.2013,0.3979
1635067870741,-5.7930,-9.2656,3.0293,1.2510,0.1949,0.3916
1635067870743,-6.0234,-8.3906,3.6582,1.3096,0.2098,0.3811
1635067870755,-6.1953,-7.7656,3.8887,1.1748,0.1960,0.3428
1635067870760,-6.1328,-7.4023,3.7813,0.9546,0.1641,0.2981
1635067870783,-5.7891,-7.3477,3.5020,0.7686,0.1365,0.2629
1635067870787,-5.4922,-7.2734,3.1094,0.6660,0.1237,0.2278
1635067870791,-5.2852,-7.4570,2.9395,0.7090,0.1099,0.2140
1635067870803,-5.0703,-7.6797,3.0020,0.8047,0.1205,0.1980
1635067870807,-5.0078,-7.7813,3.1875,0.8984,0.1545,0.2054
1635067870835,-5.0430,-7.6016,3.6523,0.9590,0.1780,0.2140
1635067870840,-5.0391,-7.0508,4.1484,0.9375,0.1938,0.2129
1635067870846,-5.0391,-6.5352,4.5000,0.8164,0.2003,0.2172
1635067870854,-5.0586,-6.2656,4.6367,0.5928,0.1949,0.2203
1635067870860,-5.0898,-6.0430,4.4453,0.3481,0.1875,0.2246
1635067870885,-5.1563,-6.2813,4.1211,0.1843,0.1726,0.2395
1635067870890,-5.2227,-6.7266,4.0000,0.1024,0.1482,0.2257
1635067870896,-5.1992,-6.8516,3.8145,0.1045,0.1439,0.2108
1635067870905,-5.2031,-7.0352,3.9023,0.2141,0.1482,0.2300
1635067870910,-5.2461,-7.2734,4.1172,0.3503,0.1460,0.2278
1635067870935,-5.2969,-7.2656,4.2109,0.4492,0.1566,0.2034
1635067870940,-5.3438,-7.1406,4.4102,0.5024,0.1726,0.1810
1635067870946,-5.3828,-6.8320,4.5625,0.4502,0.1758,0.1459
1635067870955,-5.4453,-6.6719,4.5625,0.3171,0.1652,0.1193
1635067870960,-5.5078,-6.9453,4.4492,0.1321,0.1385,0.0916
1635067870986,-5.4063,-7.2656,4.0859,-0.0359,0.1216,0.0555
1635067870992,-5.3477,-7.5938,3.7695,-0.0870,0.1130,0.0533
1635067870998,-5.2539,-7.7422,4.0234,-0.0061,0.0886,0.0703
1635067871005,-5.2188,-7.3594,4.3789,0.0875,0.0897,0.0703
1635067871010,-5.4336,-6.9688,4.5039,0.0875,0.0897,0.0608
1635067871033,-5.5195,-6.9648,4.5195,-0.0296,0.0460,0.0416
1635067871036,-5.2734,-7.0703,4.2578,-0.1284,-0.0114,0.0257
1635067871040,-4.9648,-7.1680,4.2344,-0.1094,-0.0423,0.0352
1635067871063,-4.9453,-6.9766,4.2852,-0.1040,-0.0242,0.0235
1635067871067,-5.1680,-6.8320,4.1719,-0.2157,-0.0040,-0.0148
1635067871072,-5.1836,-6.9922,4.0352,-0.3784,-0.0072,-0.0275
1635067871095,-4.9023,-7.1250,3.8965,-0.4849,-0.0125,-0.0265
1635067871101,-4.6680,-7.0430,3.6641,-0.4497,0.0003,-0.0031
1635067871107,-4.6289,-6.8633,3.5840,-0.3157,0.0215,0.0406
1635067871115,-4.8516,-6.8555,3.8105,-0.1881,0.0194,0.0533
1635067871121,-5.1055,-7.1328,4.0508,-0.1284,-0.0029,0.0437
1635067871135,-5.2266,-7.3555,4.1328,-0.0902,-0.0199,0.0320
1635067871137,-5.2070,-7.3828,4.1719,-0.0296,-0.0242,0.0203
1635067871165,-5.1992,-7.2773,4.0664,0.0321,-0.0221,0.0172
1635067871167,-5.1992,-7.2227,3.9453,0.0534,-0.0189,0.0129
1635067871169,-5.1016,-7.0977,3.7754,0.0587,-0.0082,0.0033
1635067871198,-4.9727,-6.8828,3.5488,0.0768,0.0141,0.0108
1635067871200,-4.8516,-6.5508,3.4961,0.1056,0.0396,0.0310
1635067871201,-4.8555,-6.3438,3.7324,0.0960,0.0556,0.0427
1635067871227,-5.2422,-6.4492,3.8828,0.0279,0.0482,0.0395
1635067871229,-5.6328,-7.2109,4.0977,-0.0529,0.0088,0.0161
1635067871231,-5.5039,-7.6523,4.0664,-0.0870,-0.0136,-0.0265
1635067871258,-5.2930,-7.7070,4.0820,-0.0274,-0.0051,-0.0414
1635067871260,-5.3867,-7.4805,4.1914,0.0587,-0.0051,-0.0350
1635067871262,-5.4453,-7.1406,4.2656,0.1300,-0.0136,-0.0318
1635067871289,-5.3516,-7.0547,4.3633,0.1652,-0.0359,-0.0297
1635067871292,-5.1758,-6.9766,4.1602,0.1683,-0.0359,-0.0382
1635067871295,-4.9844,-6.6797,3.8125,0.1758,-0.0061,-0.0254
1635067871320,-4.9727,-6.2578,3.6914,0.1779,0.0109,-0.0063
1635067871323,-5.2227,-6.5352,3.8008,0.1523,-0.0051,0.0001
1635067871325,-5.3906,-6.9961,3.8105,0.0917,-0.0146,-0.0148
1635067871346,-5.6328,-7.1602,3.9883,0.0832,-0.0136,-0.0307
1635067871347,-5.8672,-7.1719,4.4102,0.0843,-0.0168,-0.0456
1635067871348,-6.0391,-7.2031,4.6484,0.0226,-0.0285,-0.0839
1635067871376,-6.0703,-7.1797,4.6953,-0.0891,-0.0497,-0.1276
1635067871377,-5.9766,-7.1758,4.7773,-0.1625,-0.0848,-0.1499
1635067871378,-6.1172,-7.4180,4.8398,-0.1807,-0.1252,-0.1552
1635067871409,-6.4766,-7.6367,4.7734,-0.2125,-0.1539,-0.1797
1635067871411,-6.8047,-7.7773,4.5703,-0.2805,-0.1838,-0.2275
1635067871412,-7.0391,-8.1328,4.4336,-0.3850,-0.2317,-0.2979
1635067871439,-7.1172,-8.3594,4.2734,-0.5283,-0.2732,-0.3967
1635067871441,-7.1992,-8.5469,4.1719,-0.6709,-0.2944,-0.5146
1635067871442,-7.3320,-8.8906,4.3398,-0.8125,-0.3198,-0.6411
1635067871472,-7.2578,-9.0313,4.3008,-0.9741,-0.3264,-0.7808
1635067871475,-7.0508,-8.9688,4.0391,-1.1250,-0.3232,-0.9126
1635067871477,-7.0078,-9.0938,3.7441,-1.2383,-0.3179,-1.0303
1635067871499,-6.8750,-9.2656,3.4824,-1.3057,-0.3135,-1.1572
1635067871501,-6.3086,-9.1875,3.2031,-1.3135,-0.2998,-1.2559
1635067871503,-5.6992,-9.2109,2.8281,-1.2568,-0.2700,-1.3203
1635067871529,-5.3164,-9.1250,2.6348,-1.1855,-0.2242,-1.3613
1635067871531,-5.0195,-8.7969,2.6641,-1.1250,-0.1636,-1.3721
1635067871532,-4.7852,-8.4609,2.6953,-1.1211,-0.0901,-1.3711
1635067871559,-4.6602,-8.2656,2.4785,-1.2334,-0.0061,-1.3828
1635067871561,-4.6133,-8.3516,2.0703,-1.4150,0.0567,-1.4082
1635067871562,-4.4453,-8.6719,1.6924,-1.5479,0.1013,-1.4346
1635067871589,-4.3086,-8.9531,1.2129,-1.5850,0.1523,-1.4512
1635067871591,-4.0547,-9.0469,0.9312,-1.4883,0.2046,-1.4727
1635067871592,-3.3945,-8.7969,1.0195,-1.2813,0.2333,-1.4727
1635067871619,-2.6953,-8.3594,1.1650,-0.9946,0.2693,-1.4258
1635067871621,-2.1523,-7.9297,1.3184,-0.6924,0.3120,-1.3398
1635067871622,-1.7422,-7.4570,1.5889,-0.2710,0.3577,-1.1211
1635067871649,-1.5508,-7.3320,1.8457,-0.3306,0.3918,-1.0381
1635067871651,-1.8770,-6.5391,2.1445,-0.6177,0.4172,-0.9683
1635067871652,-1.8555,-5.8750,1.7588,-1.0420,0.4524,-0.8809
1635067871679,-1.6563,-6.1016,1.0957,-1.4736,0.4802,-0.8574
1635067871681,-1.2871,-6.9492,0.4644,-1.7100,0.4834,-0.7935
1635067871683,-0.7754,-7.8516,0.0718,-1.5850,0.5171,-0.6807
1635067871712,-0.3542,-8.2422,-0.2632,-1.0879,0.6152,-0.5581
1635067871714,-0.2776,-8.3672,-0.0814,-0.3550,0.7192,-0.3989
1635067871715,-0.3806,-8.1875,0.6196,0.3289,0.7886,-0.2307
1635067871747,-0.5938,-7.7109,1.3496,0.7310,0.8281,-0.0892
1635067871749,-0.8687,-7.3516,1.9414,0.7832,0.8545,0.0108
1635067871751,-1.1631,-7.3516,2.6094,0.6206,0.8354,0.0618
1635067871758,-1.2090,-7.4023,3.3418,0.4353,0.7671,0.0852
1635067871763,-0.8999,-6.8867,3.4707,0.3044,0.6919,0.1086
1635067871799,-0.4141,-5.7070,2.9688,0.2491,0.6479,0.1777
1635067871806,-0.0311,-4.3945,2.1914,0.2642,0.6099,0.2883
1635067871811,0.0407,-3.7773,1.5293,0.3215,0.5503,0.4077
1635067871820,-0.3423,-4.4688,1.5508,0.2917,0.4717,0.4832
1635067871822,-1.1680,-6.6016,2.0586,0.0651,0.3833,0.4683
1635067871825,-2.0430,-8.9375,2.4609,-0.3796,0.2791,0.3928
1635067871826,-2.5742,-10.3594,2.7012,-0.8911,0.1672,0.3384
1635067871857,-2.6543,-10.5938,2.9512,-1.3975,0.0513,0.3022
1635067871859,-2.3594,-10.1328,3.3027,-1.8311,-0.0891,0.2842
1635067871860,-1.9814,-9.7109,3.3242,-2.1641,-0.2168,0.2458
1635067871887,-1.8379,-9.4141,3.0586,-2.4531,-0.3306,0.1331
1635067871889,-1.8789,-9.6172,2.7207,-2.6484,-0.4658,0.0746
1635067871890,-2.0371,-10.0938,2.4316,-2.7832,-0.5889,0.0352
1635067871920,-2.1582,-10.0938,2.0996,-2.8848,-0.7061,-0.0371
1635067871922,-2.0039,-9.8359,1.5439,-2.9492,-0.8198,-0.0722
1635067871923,-1.6943,-9.5547,0.8809,-2.9414,-0.9146,-0.0999
1635067871950,-1.2471,-9.1875,0.4619,-2.7891,-0.9873,-0.1350
1635067871952,-0.8042,-8.7266,0.0048,-2.5430,-1.0117,-0.1233
1635067871954,-0.5264,-8.0391,-0.4714,-2.2598,-0.9937,-0.0882
1635067871977,-0.4211,-7.3008,-0.9526,-1.9629,-0.9604,-0.0265
1635067871983,-0.5625,-7.1055,-1.5029,-1.6514,-0.9263,0.0757
1635067871988,-0.8975,-7.5820,-1.9893,-1.2998,-0.8911,0.1959
1635067871997,-1.2227,-8.3359,-2.1582,-0.8945,-0.8677,0.3044
1635067872003,-1.3926,-8.7656,-1.8145,-0.3977,-0.8394,0.3875
1635067872027,-1.6348,-8.8359,-1.2490,0.1512,-0.7915,0.4841
1635067872032,-2.0605,-9.0781,-1.0527,0.6802,-0.7485,0.6055
1635067872037,-2.4355,-9.4609,-0.9814,1.1777,-0.7305,0.7065
1635067872047,-2.7500,-9.6250,-1.0645,1.6367,-0.7095,0.7822
1635067872052,-2.8965,-9.6641,-1.3877,2.0078,-0.6602,0.8418
1635067872077,-2.8496,-8.9297,-1.9033,2.2227,-0.5942,0.8809
1635067872082,-2.7168,-7.4375,-2.2305,2.4102,-0.5190,0.9375
1635067872087,-2.7891,-6.5508,-1.6182,2.5781,-0.4456,1.0010
1635067872097,-3.2520,-6.8125,-0.7705,2.5645,-0.3743,1.0205
1635067872102,-3.9160,-7.9141,-0.2727,2.4219,-0.3071,0.9897
1635067872127,-4.5273,-9.6875,-0.0000,2.4063,-0.2954,0.9512
1635067872132,-5.0977,-11.2813,0.7178,2.7090,-0.3433,0.9131
1635067872137,-5.1953,-11.6172,2.0469,3.3711,-0.3955,0.9014
1635067872147,-4.8711,-10.7344,2.5195,4.1875,-0.3635,0.9058
1635067872151,-4.6328,-9.6172,2.4434,4.8789,-0.3040,0.8823
1635067872178,-4.5742,-8.7188,2.2422,5.2109,-0.2231,0.8203
1635067872179,-4.6719,-8.3047,1.9600,5.2227,-0.1498,0.7427
1635067872180,-4.8086,-8.5547,1.9863,5.1094,-0.1189,0.6641
1635067872208,-5.0117,-8.8984,2.5625,4.9414,-0.0827,0.5981
1635067872209,-5.3242,-9.1328,3.2578,4.7578,-0.0295,0.5479
1635067872211,-5.4453,-8.8359,4.0625,4.5469,0.0567,0.5161
1635067872238,-5.4883,-8.1875,4.6563,4.3320,0.1641,0.4895
1635067872239,-5.3750,-7.5469,5.0430,4.1172,0.2290,0.4641
1635067872244,-5.2070,-6.9688,5.1367,3.8105,0.2917,0.4448
1635067872271,-5.2383,-6.3203,4.9063,3.3828,0.3450,0.4204
1635067872272,-5.3242,-5.8320,4.7188,2.9316,0.3513,0.3767
1635067872278,-5.5547,-6.0859,4.6367,2.5313,0.3311,0.3098
1635067872288,-5.7109,-6.7539,4.8086,2.2422,0.2959,0.2257
1635067872297,-5.6523,-6.8555,5.2227,2.0684,0.3088,0.1501
1635067872321,-5.8516,-6.7500,6.1289,2.0449,0.2993,0.0991
1635067872323,-5.2813,-6.0273,5.9219,2.1152,0.3875,0.0384
1635067872343,-5.9336,-4.7109,6.7148,1.7090,0.4514,0.1055
1635067872350,-5.8789,-4.9219,6.6328,1.2402,0.3459,0.0789
1635067872367,-5.5977,-5.3438,6.5039,0.7969,0.2715,0.0342
1635067872393,-5.4648,-5.5664,6.3867,0.5459,0.2344,0.0757
1635067872397,-5.4648,-5.5586,6.1211,0.4695,0.2087,0.1395
1635067872404,-5.4180,-5.2773,5.9844,0.4875,0.1843,0.1895
1635067872410,-5.4492,-5.1875,5.7773,0.4983,0.1534,0.2034
1635067872414,-5.4297,-5.3867,5.8438,0.4790,0.1067,0.1959
1635067872421,-5.3633,-5.4141,5.8633,0.4163,0.1067,0.1736
1635067872426,-5.3555,-5.1563,6.0000,0.3108,0.1406,0.1321
1635067872431,-5.1875,-4.6445,5.9648,0.1289,0.1780,0.0831
1635067872438,-5.5078,-4.4961,6.0977,-0.1381,0.2003,0.0235
1635067872443,-6.3320,-5.8047,6.9375,-0.4253,0.1141,-0.0201
1635067872468,-5.9961,-6.4648,7.1484,-0.6006,0.0652,-0.0978
1635067872472,-5.3828,-6.3359,7.0195,-0.5381,0.0482,-0.1148
1635067872484,-5.1484,-5.9648,6.5430,-0.3870,0.0407,-0.0871
1635067872490,-5.0078,-5.9102,6.1133,-0.1349,0.0130,-0.0339
1635067872497,-4.8398,-5.6680,6.2266,0.1566,0.0067,-0.0158
1635067872508,-5.1016,-5.4883,6.3750,0.3215,0.0162,-0.0265
1635067872513,-5.1875,-5.5938,6.3320,0.3171,0.0067,-0.0637
1635067872538,-4.7617,-5.6172,5.9453,0.2629,0.0545,-0.0967
1635067872556,-4.7031,-5.2734,6.0742,0.2227,0.1024,-0.1094
1635067872573,-4.6680,-5.1758,6.1875,0.1460,0.1406,-0.1158
1635067872578,-4.7344,-5.2070,6.4961,0.0790,0.1471,-0.0967
1635067872583,-4.7969,-5.4414,6.3867,0.1311,0.1205,-0.0467
1635067872587,-4.7344,-5.5156,6.2070,0.3035,0.1046,-0.0116
1635067872592,-4.6367,-5.0820,6.4258,0.5054,0.1003,0.0161
1635067872598,-4.9492,-4.6289,6.4961,0.5693,0.0833,0.0172
1635067872602,-5.2266,-5.1445,6.3711,0.4429,0.0226,-0.0094
1635067872628,-5.1133,-5.7148,6.2813,0.2769,-0.0040,-0.0403
1635067872632,-5.0391,-5.8008,6.2500,0.1545,0.0194,-0.0563
1635067872637,-5.0000,-5.4648,6.2695,0.0311,0.0556,-0.0648
1635067872648,-5.0664,-5.1367,6.3555,-0.1412,0.0801,-0.0679
1635067872653,-5.0586,-4.9844,6.3945,-0.3518,0.0779,-0.0765
1635067872678,-4.9453,-4.9414,6.3125,-0.5112,0.0417,-0.0743
1635067872683,-4.8633,-4.7500,6.5234,-0.5327,-0.0178,-0.0446
1635067872687,-5.0938,-5.0547,6.5859,-0.4595,-0.0678,-0.0180
1635067872698,-5.1992,-5.6328,6.5156,-0.3328,-0.1179,-0.0233
1635067872703,-5.0703,-5.8164,6.3750,-0.1615,-0.1316,-0.0297
1635067872728,-4.9414,-5.7930,6.1445,0.0236,-0.1083,-0.0275
1635067872733,-4.9258,-5.5586,5.9922,0.1736,-0.0583,-0.0254
1635067872737,-5.1445,-5.3359,5.8516,0.2205,-0.0136,-0.0414
1635067872748,-5.2617,-5.5117,5.9961,0.1812,-0.0029,-0.0679
1635067872768,-5.0195,-5.6016,5.8789,0.1481,0.0162,-0.0882
1635067872774,-4.9336,-5.1797,5.8906,0.1907,0.0598,-0.0712
1635067872778,-5.1992,-5.1250,6.2500,0.2333,0.0567,-0.0541
1635067872788,-5.2188,-5.1328,6.3516,0.2268,0.0343,-0.0733
1635067872793,-5.1641,-5.1602,6.4102,0.2311,0.0237,-0.0743
1635067872818,-5.1875,-5.4336,6.4336,0.2428,0.0067,-0.0754
1635067872823,-5.0898,-5.5586,6.3438,0.2683,0.0035,-0.0733
1635067872827,-4.9805,-5.2852,6.1953,0.2822,0.0226,-0.0616
1635067872838,-4.9727,-4.9180,6.1719,0.2471,0.0343,-0.0435
1635067872843,-4.9688,-4.7031,6.2266,0.1481,0.0332,-0.0158
1635067872868,-4.9453,-4.6172,6.2266,0.0162,0.0258,0.0150
1635067872874,-4.9336,-4.6797,6.2461,-0.0966,0.0056,0.0480
1635067872878,-4.9336,-4.8320,6.2266,-0.2073,-0.0040,0.0724
1635067872888,-4.9102,-4.8008,6.1758,-0.3359,-0.0072,0.0895
1635067872895,-5.0234,-4.7070,6.0977,-0.5112,-0.0040,0.0969
1635067872918,-5.0742,-4.7500,6.0664,-0.7231,-0.0136,0.1002
1635067872935,-5.1211,-4.8711,6.1641,-0.9741,-0.0178,0.0906
1635067872951,-5.1758,-5.0898,6.0898,-1.2275,-0.0146,0.0852
1635067872957,-5.1641,-5.3984,5.9961,-1.3740,-0.0125,0.0980
1635067872975,-4.9648,-5.4961,5.9023,-1.3838,-0.0082,0.1246
1635067872980,-4.7656,-5.3242,5.7813,-1.3203,0.0109,0.1639
1635067872988,-4.7070,-5.2773,5.6133,-1.2959,0.0215,0.1885
1635067872992,-4.7930,-5.3516,5.4766,-1.3330,0.0067,0.2097
1635067873000,-4.5938,-5.0313,5.2539,-1.3555,0.0067,0.2406
1635067873008,-4.8398,-4.9727,5.7148,-1.3789,0.0098,0.2598
1635067873014,-5.5195,-5.7383,5.8398,-1.4932,-0.0412,0.2449
1635067873020,-5.6641,-6.5547,5.5547,-1.5342,-0.0870,0.2161
1635067873025,-5.5820,-7.0703,5.4141,-1.4238,-0.0806,0.1906
1635067873055,-5.3789,-7.1836,5.4336,-1.2617,-0.0688,0.1490
1635067873056,-5.1602,-6.8008,5.3242,-1.1211,-0.0455,0.1204
1635067873057,-5.0195,-6.4063,5.1641,-1.0596,-0.0242,0.0948
1635067873079,-4.9727,-6.2656,4.9727,-1.0479,-0.0082,0.0618
1635067873083,-4.9414,-6.3984,4.8711,-1.0049,-0.0104,0.0278
1635067873088,-5.0039,-6.6211,4.8359,-0.8447,-0.0348,0.0257
1635067873099,-5.1406,-6.6719,4.7930,-0.5615,-0.0540,0.0640
1635067873103,-5.3672,-6.9688,5.2109,-0.1775,-0.0901,0.0863
1635067873129,-5.7305,-7.5703,5.3242,0.2035,-0.1125,0.0906
1635067873133,-5.8789,-7.7188,5.0313,0.5352,-0.0997,0.0810
1635067873138,-5.5586,-7.1289,4.9570,0.7324,-0.0583,0.0501
1635067873149,-5.3086,-6.2031,4.9922,0.6416,-0.0146,0.0182
1635067873153,-5.2695,-5.6094,4.9336,0.3279,-0.0019,0.0118
1635067873179,-5.1055,-5.4727,4.7891,-0.0179,-0.0104,0.0225
1635067873184,-4.8398,-5.6758,4.6797,-0.2477,-0.0019,0.0320
1635067873188,-4.7188,-5.7695,4.7227,-0.3445,0.0237,0.0522
1635067873199,-4.9570,-5.9648,4.8477,-0.3008,0.0247,0.1118
1635067873204,-5.2930,-6.2305,5.2383,-0.2231,-0.0019,0.1470
1635067873229,-5.3906,-6.0547,5.4219,-0.1636,-0.0402,0.1151
1635067873234,-5.4063,-6.0547,5.4648,-0.1168,-0.0764,0.1182
1635067873238,-5.5078,-6.5273,5.3867,-0.1306,-0.1104,0.0980
1635067873249,-5.4023,-6.8906,5.1992,-0.1615,-0.1316,0.0448
1635067873254,-5.1875,-6.8008,5.0273,-0.1498,-0.1252,0.0299
1635067873279,-4.9570,-6.4844,4.8945,-0.1284,-0.0944,0.0278
1635067873284,-4.8984,-6.2148,4.8047,-0.1816,-0.0604,0.0267
1635067873289,-4.9453,-6.1289,4.6875,-0.3328,-0.0402,0.0246
1635067873299,-4.8867,-6.1953,4.4258,-0.4763,-0.0210,0.0267
1635067873303,-4.7656,-6.3281,4.6055,-0.5127,-0.0082,0.0352
1635067873329,-4.7383,-6.2188,4.7773,-0.4807,0.0067,0.0469
1635067873333,-5.1563,-6.4102,4.8086,-0.4009,-0.0082,0.0778
1635067873337,-5.3242,-6.9414,4.8125,-0.2688,-0.0572,0.0895
1635067873349,-5.0820,-7.1719,4.7656,-0.1370,-0.0699,0.0714
1635067873353,-4.9961,-6.8867,4.8086,-0.0604,-0.0604,0.0512
1635067873379,-5.0703,-6.4961,4.7422,-0.1168,-0.0561,0.0576
1635067873384,-5.0078,-6.2813,4.5820,-0.2615,-0.0572,0.0533
1635067873388,-4.7617,-6.1250,4.6797,-0.4519,-0.0593,0.0299
1635067873399,-4.8242,-6.1445,4.6172,-0.6060,-0.0646,0.0437
1635067873404,-4.7539,-6.0039,4.4141,-0.6592,-0.0561,0.0852
1635067873429,-4.7148,-5.8125,4.5898,-0.6890,-0.0274,0.0597
1635067873434,-4.9219,-5.8672,4.6992,-0.8330,-0.0391,0.0416
1635067873438,-5.2422,-6.5664,4.5938,-0.9097,-0.0668,0.0895
1635067873450,-5.2500,-7.2539,4.6016,-0.8872,-0.0657,0.0703
1635067873461,-5.3438,-7.4805,4.4219,-0.8096,-0.0338,0.0459
1635067873470,-5.3789,-7.5898,4.3086,-0.5361,-0.0306,0.0522
1635067873474,-5.3789,-7.5898,4.3086,-0.5361,-0.0306,0.0522
1635067873501,-5.3281,-6.5742,4.5000,-0.3828,-0.0199,0.0618
1635067873505,-5.2305,-6.0703,4.1797,-0.4414,-0.0295,0.0714
1635067873510,-5.2227,-6.0391,4.0273,-0.5796,-0.0508,0.0395
1635067873520,-5.3750,-6.4688,4.0508,-0.7466,-0.0848,0.0086
1635067873541,-5.5781,-7.1680,4.0430,-0.8477,-0.1040,0.0033
1635067873547,-5.5938,-7.7461,4.1523,-0.8667,-0.1136,-0.0328
1635067873551,-5.4102,-7.8711,4.0352,-0.8062,-0.1093,-0.0531
1635067873560,-5.1211,-7.7891,3.9883,-0.6519,-0.0859,-0.0382
1635067873565,-4.8984,-7.5430,3.9688,-0.4753,-0.0518,-0.0211
1635067873590,-4.7656,-7.3125,3.8984,-0.3594,-0.0125,0.0150
1635067873604,-4.7109,-7.1641,3.8066,-0.3220,0.0215,0.0491
1635067873609,-4.6719,-6.9453,3.7012,-0.3594,0.0450,0.0767
1635067873615,-4.6445,-6.6328,3.5566,-0.4434,0.0609,0.1055
1635067873620,-4.5938,-6.5391,3.2559,-0.5645,0.0779,0.1151
1635067873631,-4.6406,-6.7930,3.5000,-0.7412,0.0694,0.0884
1635067873636,-4.6602,-6.9375,3.6973,-0.9199,0.0290,0.0703
1635067873670,-4.9609,-7.2461,3.7188,-0.9976,0.0162,0.0852
1635067873675,-5.0938,-7.4883,3.7324,-1.0762,-0.0072,0.0703
1635067873689,-4.8984,-7.3750,3.6504,-1.1650,-0.0412,0.0587
1635067873695,-4.8359,-7.3281,3.5527,-1.2529,-0.0518,0.0565
1635067873699,-4.8477,-7.1680,3.2832,-1.3506,-0.0688,0.0427
1635067873704,-4.8906,-7.2031,3.0156,-1.4004,-0.0806,0.0618
1635067873710,-4.9258,-7.4766,2.6660,-1.3955,-0.0774,0.0576
1635067873715,-4.9844,-7.4727,2.2852,-1.3730,-0.0625,0.0384
1635067873741,-5.1211,-7.6094,2.2402,-1.2959,-0.0614,0.0310
1635067873745,-5.3008,-7.9336,2.3574,-1.1885,-0.0668,0.0193
1635067873750,-5.4336,-8.2188,2.4395,-1.0771,-0.0604,0.0033
1635067873761,-5.4961,-8.4609,2.4453,-0.9785,-0.0455,-0.0307
1635067873765,-5.4336,-8.4141,2.3125,-0.8882,-0.0306,-0.0563
1635067873791,-5.3164,-8.2188,2.1230,-0.7808,-0.0136,-0.0658
1635067873795,-5.2305,-8.0469,2.0293,-0.6763,0.0035,-0.0743
1635067873802,-5.2031,-7.9180,2.0000,-0.5698,0.0077,-0.0743
1635067873811,-5.1328,-7.8203,1.9697,-0.4529,0.0077,-0.0754
1635067873815,-5.1016,-7.6992,1.9551,-0.3486,0.0120,-0.0839
1635067873841,-5.1094,-7.6719,1.9844,-0.2859,0.0067,-0.0850
1635067873846,-5.1523,-7.8398,2.0176,-0.2539,-0.0029,-0.0882
1635067873850,-5.1758,-7.9531,1.9863,-0.2529,0.0035,-0.0999
1635067873861,-5.1602,-7.8984,1.9121,-0.2583,0.0130,-0.0978
1635067873866,-4.9961,-7.7188,1.8047,-0.2551,0.0311,-0.0871
1635067873891,-4.8828,-7.5820,1.8477,-0.2317,0.0503,-0.0754
1635067873896,-4.8711,-7.3906,1.9316,-0.2157,0.0609,-0.0658
1635067873900,-4.9453,-7.4648,1.9531,-0.2008,0.0662,-0.0637
1635067873912,-5.0938,-7.7539,1.9678,-0.1550,0.0609,-0.0573
1635067873916,-5.1328,-7.9258,1.9697,-0.0742,0.0503,-0.0456
1635067873942,-5.0469,-7.9531,1.9727,0.0492,0.0417,-0.0488
1635067873946,-5.0820,-7.7344,1.9912,0.1832,0.0503,-0.0456
1635067873951,-5.1602,-7.4688,1.9531,0.2874,0.0556,-0.0116
1635067873963,-5.1055,-7.4375,1.9297,0.3289,0.0609,0.0023
1635067873975,-5.1250,-7.3477,2.0527,0.3076,0.0641,-0.0073
1635067873982,-5.2070,-7.3125,2.1660,0.2512,0.0641,0.0054
1635067873989,-5.3047,-7.4336,2.1328,0.1492,0.0694,-0.0009
1635067874003,-5.3164,-7.7188,2.1152,0.0460,0.0652,-0.0275
1635067874008,-5.2617,-7.9336,2.1426,0.0162,0.0439,-0.0265
1635067874032,-5.1250,-7.7852,2.2188,0.0757,0.0364,-0.0073
1635067874037,-5.0313,-7.4688,2.1992,0.1620,0.0460,0.0086
1635067874041,-5.1172,-7.4258,2.2305,0.1801,0.0513,0.0161
1635067874052,-5.2500,-7.6758,2.0430,0.1512,0.0386,0.0278
1635067874064,-5.2383,-7.8711,1.7500,0.2365,0.0290,0.0565
1635067874073,-5.1680,-7.8086,1.8428,0.4216,0.0375,0.0703
1635067874079,-5.2070,-7.5938,2.1270,0.5747,0.0556,0.0501
1635067874092,-5.3828,-7.6484,2.1914,0.6343,0.0715,0.0320
1635067874097,-5.4727,-7.7852,2.3770,0.5884,0.0684,0.0246
1635067874122,-5.3477,-7.8672,2.7090,0.5386,0.0524,0.0065
1635067874127,-5.2578,-7.9141,2.7207,0.5054,0.0588,-0.0116
1635067874132,-5.3164,-7.6133,2.6250,0.4790,0.0768,-0.0190
1635067874142,-5.2969,-7.3516,2.4141,0.4534,0.0950,-0.0318
1635067874147,-5.1992,-7.2813,2.0156,0.3982,0.1088,-0.0467
1635067874181,-5.2422,-7.5078,1.8242,0.3757,0.1194,-0.0605
1635067874185,-5.3711,-8.0938,1.9004,0.4290,0.1141,-0.0786
1635067874190,-5.4023,-8.5625,2.2109,0.5181,0.1013,-0.1073
1635067874198,-5.3359,-8.4609,2.5996,0.6172,0.1024,-0.1360
1635067874203,-5.2383,-7.8320,3.0039,0.6587,0.1130,-0.1488
1635067874214,-5.2266,-7.2148,3.3047,0.5684,0.1141,-0.1605
1635067874219,-5.1719,-7.0664,3.2578,0.3503,0.0981,-0.1658
1635067874243,-5.0313,-7.2734,3.0859,0.1279,0.0694,-0.1616
1635067874247,-4.8008,-7.4688,2.7051,0.0375,0.0567,-0.1434
1635067874252,-4.6367,-7.5469,2.5684,0.1162,0.0556,-0.1041
1635067874263,-4.5117,-7.3750,2.5234,0.2917,0.0652,-0.0648
1635067874267,-4.6602,-7.1836,2.6621,0.4663,0.0652,-0.0201
1635067874293,-4.8398,-7.3203,2.8418,0.6172,0.0471,0.0161
1635067874297,-4.8477,-7.5703,3.0684,0.7256,0.0364,0.0257
1635067874302,-4.9023,-7.4688,3.1875,0.8257,0.0758,0.0480
1635067874313,-4.9609,-7.0195,3.0762,0.7896,0.0917,0.0576
1635067874317,-4.8672,-6.8047,2.9316,0.6929,0.1173,0.0650
1635067874343,-4.9688,-6.6016,2.8809,0.5493,0.1322,0.0714
1635067874348,-5.1680,-6.7422,3.0293,0.3938,0.1279,0.0778
1635067874352,-5.3164,-6.9414,3.0977,0.1992,0.1194,0.0661
1635067874363,-5.4414,-7.1719,3.2402,0.0300,0.0971,0.0480
1635067874368,-5.6328,-7.6953,3.5371,-0.0795,0.0577,0.0257
1635067874393,-5.5195,-7.9063,3.4785,-0.1179,0.0258,0.0065
1635067874398,-5.3750,-7.6641,3.5352,-0.0529,0.0109,0.0108
1635067874402,-5.3438,-7.6875,3.4941,0.0130,-0.0019,0.0097
1635067874413,-5.0938,-7.5078,3.1641,0.0662,-0.0019,-0.0041
1635067874418,-5.0391,-7.2148,3.0996,0.1396,0.0120,0.0044
1635067874444,-5.1602,-7.1641,3.0586,0.1268,0.0152,-0.0052
1635067874461,-5.1641,-7.2695,3.1523,0.0353,0.0152,-0.0318
1635067874475,-5.1797,-7.2656,3.1465,-0.0349,0.0279,-0.0318
1635067874487,-5.2930,-7.3516,3.1191,-0.0296,0.0332,-0.0137
1635067874494,-5.3086,-7.4766,3.3008,0.0077,0.0237,-0.0094
1635067874498,-5.3125,-7.3984,3.3613,0.0194,0.0184,-0.0137
1635067874504,-5.2969,-7.3203,3.2656,0.0268,0.0205,-0.0105
1635067874510,-5.2969,-7.4922,3.2051,0.0375,0.0077,0.0012
1635067874515,-5.1250,-7.4492,3.1230,0.0662,0.0024,-0.0073
1635067874540,-5.0586,-7.1602,3.1973,0.0683,0.0162,-0.0137
1635067874544,-5.0859,-6.8086,3.1680,-0.0030,0.0215,-0.0265
1635067874550,-5.1797,-6.8945,3.1621,-0.0923,0.0141,-0.0169
1635067874555,-5.1875,-7.2656,3.1035,-0.1530,0.0003,-0.0254
1635067874564,-5.0703,-7.3516,2.9961,-0.1487,0.0056,-0.0265
1635067874575,-5.1602,-7.3398,3.0254,-0.1221,0.0279,-0.0063
1635067874584,-5.3555,-7.3828,3.1777,-0.1168,0.0226,0.0012
1635067874589,-5.3867,-7.4570,3.3027,-0.1168,0.0003,0.0033
1635067874614,-5.2383,-7.5313,3.2676,-0.0934,-0.0125,0.0023
1635067874631,-5.1055,-7.4219,3.2305,-0.0359,-0.0210,0.0044
1635067874635,-5.0234,-7.1172,3.1172,0.0396,-0.0221,0.0225
1635067874641,-5.0313,-6.9688,3.0234,0.0757,-0.0189,0.0352
1635067874645,-5.0898,-6.7773,2.9629,0.0449,-0.0114,0.0289
1635067874654,-5.2852,-7.0195,2.8477,0.0087,-0.0072,0.0437
1635067874671,-5.5703,-7.7422,2.9199,-0.0030,-0.0231,0.0448
1635067874677,-5.6094,-8.0938,3.0684,0.0353,-0.0338,0.0193
1635067874690,-5.6133,-7.9883,3.2148,0.1300,-0.0327,0.0044
1635067874696,-5.5039,-7.7461,3.3945,0.2482,-0.0412,-0.0084
1635067874700,-5.3281,-7.5508,3.4316,0.3801,-0.0476,-0.0211
1635067874725,-5.1484,-7.4961,3.3555,0.5117,-0.0583,-0.0116
1635067874729,-4.9375,-7.3555,3.1445,0.6216,-0.0433,-0.0063
1635067874734,-4.8164,-7.1836,2.9727,0.7192,-0.0072,-0.0105
1635067874745,-4.9297,-7.2266,3.0879,0.7949,0.0013,-0.0105
1635067874754,-5.1484,-7.4336,3.4043,0.8418,0.0013,-0.0222
1635067874766,-5.2617,-7.6758,3.8594,0.8760,-0.0061,-0.0478
1635067874771,-5.1953,-7.5703,4.0977,0.8896,-0.0082,-0.0594
1635067874803,-5.0898,-7.2422,4.0977,0.9185,-0.0072,-0.0637
1635067874807,-4.9883,-7.0625,3.9180,0.9736,-0.0136,-0.0552
1635067874812,-4.8438,-7.2070,3.6328,1.0898,-0.0189,-0.0339
1635067874817,-4.7461,-7.3242,3.6016,1.2520,-0.0136,-0.0201
1635067874822,-4.7734,-7.2031,3.8672,1.3867,-0.0029,-0.0094
1635067874835,-4.9375,-6.9414,4.1875,1.4141,0.0109,-0.0169
1635067874839,-5.0703,-6.6523,4.4883,1.3047,0.0215,-0.0424
1635067874865,-5.1758,-6.6211,4.7031,1.1025,0.0120,-0.0616
1635067874870,-5.1758,-6.9414,4.6914,0.9121,-0.0082,-0.0679
1635067874875,-5.0352,-7.1406,4.5313,0.8247,-0.0104,-0.0679
1635067874885,-4.9141,-6.9492,4.4844,0.8281,0.0013,-0.0594
1635067874890,-4.7305,-6.4180,4.2773,0.8320,0.0247,-0.0392
1635067874915,-4.6953,-6.2070,4.1367,0.8735,0.0258,-0.0094
1635067874920,-4.8281,-6.5469,4.3320,0.9600,0.0056,0.0097
1635067874924,-5.0078,-6.9336,4.6289,1.0654,0.0003,-0.0020
1635067874935,-5.1914,-7.1016,5.0078,1.1641,0.0077,-0.0275
1635067874940,-5.2891,-6.9570,5.2852,1.1982,0.0152,-0.0456
1635067874967,-5.2695,-6.6797,5.2969,1.1523,0.0173,-0.0733
1635067874978,-5.1875,-6.5117,5.1914,1.0654,0.0130,-0.0935
1635067874983,-5.0898,-6.3477,5.0000,0.9619,0.0162,-0.0903
1635067874991,-4.8633,-6.0039,4.8477,0.8545,0.0311,-0.0807
1635067874995,-4.6641,-5.4570,4.7148,0.6973,0.0620,-0.0871
1635067875006,-4.7656,-5.0313,4.8281,0.5361,0.0588,-0.0754
1635067875011,-5.0469,-5.5703,5.1172,0.3821,0.0226,-0.0637
1635067875035,-5.2852,-6.5078,5.1055,0.2460,0.0056,-0.0967
1635067875040,-5.3984,-7.3945,5.1914,0.2607,-0.0157,-0.1180
1635067875044,-5.2422,-7.5781,5.3242,0.4119,-0.0199,-0.1328
1635067875055,-5.1016,-7.2344,5.5117,0.6748,0.0088,-0.1190
1635067875060,-4.9844,-6.5117,5.8906,0.9077,0.0386,-0.0924
1635067875085,-4.9414,-5.9609,5.9375,0.9780,0.0492,-0.0892
1635067875090,-4.8008,-5.6445,5.6250,0.8501,0.0492,-0.0999
1635067875094,-4.6914,-5.3672,5.2500,0.6543,0.0439,-0.0882
1635067875105,-4.7227,-5.3867,5.1602,0.4993,0.0343,-0.0797
1635067875110,-4.6992,-5.2852,5.0156,0.3960,0.0471,-0.0733
1635067875136,-4.9648,-5.4883,5.5039,0.3608,0.0598,-0.0563
1635067875140,-5.3477,-6.0156,5.9063,0.3301,0.0545,-0.0775
1635067875144,-5.6094,-6.6094,6.0898,0.3386,0.0354,-0.1084
1635067875156,-5.6758,-7.2969,6.0664,0.5225,-0.0019,-0.1318
1635067875160,-5.4414,-7.4570,6.0195,0.8589,-0.0104,-0.1393
1635067875186,-5.3945,-6.6758,6.1875,1.2939,0.0269,-0.1318
1635067875190,-5.3945,-5.6875,6.1016,1.2939,0.0269,-0.1318
1635067875195,-5.0586,-5.0742,5.5664,0.9175,0.0024,-0.1616
1635067875206,-5.0195,-5.1992,5.5234,0.6650,-0.0125,-0.1733
1635067875210,-4.8320,-5.2656,5.8164,0.4961,-0.0210,-0.1882
1635067875236,-4.7383,-5.0703,6.1172,0.3833,0.0024,-0.1808
1635067875248,-4.9141,-5.2422,6.3750,0.3438,-0.0125,-0.1680
1635067875252,-4.8867,-5.5977,6.3867,0.3853,-0.0614,-0.1583
1635067875258,-4.7227,-5.8867,6.3242,0.5586,-0.0699,-0.1254
1635067875262,-4.6992,-5.7813,6.4023,0.7813,-0.0540,-0.0871
1635067875276,-4.7188,-5.2422,6.2969,0.9165,-0.0242,-0.0648
1635067875292,-4.7617,-4.8594,6.1953,0.8916,-0.0040,-0.0563
1635067875297,-4.8164,-4.8398,6.0703,0.7397,0.0024,-0.0573
1635067875303,-4.9414,-4.9531,5.9883,0.5098,0.0173,-0.0594
1635067875326,-4.9141,-4.8984,6.0078,0.2524,0.0386,-0.0648
1635067875331,-4.7969,-4.8516,5.9531,0.0066,0.0673,-0.0648
1635067875335,-4.7930,-4.9023,5.7969,-0.1753,0.0897,-0.0520
1635067875346,-4.8516,-5.1133,5.8672,-0.2688,0.0971,-0.0371
1635067875351,-4.9023,-5.2813,6.1523,-0.3040,0.0747,-0.0243
1635067875376,-4.8594,-5.2500,6.3047,-0.2274,0.0386,-0.0020
1635067875381,-4.8477,-5.4375,6.3516,-0.0742,0.0152,0.0246
1635067875385,-4.9727,-5.5508,6.4727,0.0800,0.0045,0.0289
1635067875396,-5.0625,-5.6523,6.5547,0.2151,-0.0114,0.0193
1635067875401,-5.0742,-5.8164,6.5430,0.3184,-0.0263,0.0033
1635067875426,-5.0273,-5.5781,6.5078,0.3789,-0.0093,-0.0222
1635067875435,-5.1875,-5.4922,6.4922,0.3748,-0.0136,-0.0392
1635067875445,-5.1992,-5.6328,6.3906,0.3374,-0.0529,-0.0648
1635067875451,-4.8711,-5.5938,6.4570,0.3513,-0.0455,-0.0861
1635067875455,-4.8164,-5.4727,6.4727,0.3896,-0.0029,-0.0945
1635067875466,-4.8555,-5.3359,6.6641,0.4216,0.0215,-0.0999
1635067875476,-4.8203,-5.2734,6.7305,0.4365,0.0279,-0.1041
1635067875488,-4.7148,-5.1289,6.5234,0.4768,0.0364,-0.1084
1635067875495,-4.7969,-5.2070,6.4258,0.5596,0.0428,-0.0903
1635067875506,-4.9453,-5.2070,6.5977,0.6074,0.0428,-0.0924
1635067875512,-5.0625,-5.2070,6.7461,0.5972,0.0354,-0.0956
1635067875536,-5.0586,-5.0586,6.7227,0.5449,0.0269,-0.0882
1635067875541,-5.0156,-5.0156,6.7344,0.4673,0.0173,-0.0743
1635067875546,-4.9258,-4.9766,6.7109,0.3630,0.0077,-0.0712
1635067875556,-5.0273,-5.1133,6.9922,0.2981,-0.0359,-0.0733
1635067875561,-4.4492,-4.9961,6.4375,0.3716,-0.0157,-0.1105
1635067875586,-4.9453,-4.1133,6.9922,0.1492,0.0471,-0.0180
1635067875591,-5.0273,-4.2734,6.8242,-0.0529,-0.0168,-0.0275
1635067875595,-4.9414,-4.8633,6.6953,-0.2040,-0.0806,-0.0648
1635067875606,-5.0000,-5.4414,6.6445,-0.2073,-0.1008,-0.0499
1635067875625,-5.0742,-5.6523,6.5586,-0.1157,-0.1050,-0.0701
1635067875631,-5.1484,-5.5938,6.5703,0.0034,-0.0976,-0.0594
1635067875635,-5.0273,-5.2578,6.5352,0.0704,-0.0668,-0.0669
1635067875646,-4.8711,-4.9297,6.4258,0.0598,-0.0423,-0.0797
1635067875658,-4.7773,-4.8750,6.3867,-0.0306,-0.0327,-0.0743
1635067875666,-4.7969,-5.0273,6.4258,-0.1764,-0.0231,-0.0861
1635067875671,-4.8242,-5.1055,6.5156,-0.3455,-0.0061,-0.1041
1635067875697,-4.7148,-4.8945,6.5625,-0.4966,0.0130,-0.1010
1635067875701,-4.6367,-4.6641,6.6445,-0.6113,0.0269,-0.0712
1635067875706,-4.6445,-4.4961,6.7266,-0.7285,0.0088,-0.0297
1635067875717,-4.6914,-4.6094,6.8125,-0.8477,-0.0412,0.0172
1635067875721,-4.7617,-4.8984,6.6719,-1.0186,-0.0699,0.0289
1635067875747,-4.8242,-5.0000,6.4609,-1.2275,-0.0923,0.0491
1635067875751,-4.7695,-5.0625,6.5313,-1.4141,-0.1168,0.0661
1635067875756,-4.8359,-4.9570,6.6094,-1.6299,-0.1508,0.0746
1635067875767,-4.8594,-4.9063,6.5117,-1.7998,-0.2211,0.1299
1635067875771,-4.3984,-4.3438,6.1875,-1.8184,-0.2434,0.1885
1635067875804,-4.2813,-3.7031,6.0625,-1.7266,-0.2295,0.2203
1635067875820,-4.5859,-4.6328,5.7031,-1.6348,-0.2634,0.2054
1635067875825,-4.3711,-5.9766,4.8672,-1.4619,-0.2751,0.1587
1635067875837,-4.4297,-6.9492,5.0586,-1.0830,-0.2114,0.1522
1635067875842,-4.7305,-6.9727,5.5469,-0.7593,-0.1199,0.1608
1635067875847,-5.0898,-6.6172,5.4023,-0.6040,-0.0274,0.1405
1635067875853,-5.3047,-6.7344,5.4727,-0.5391,0.0215,0.0991
1635067875858,-5.2109,-6.7617,5.7813,-0.4998,0.0343,0.0576
1635067875867,-5.1172,-6.6641,5.9688,-0.4829,0.0460,0.0299
1635067875872,-5.0273,-6.3984,5.5664,-0.5361,0.0630,0.0118
1635067875897,-4.9609,-5.9961,5.4609,-0.6436,0.0503,-0.0105
1635067875902,-4.8398,-6.0469,5.4648,-0.7915,0.0067,-0.0552
1635067875921,-4.8125,-6.0781,4.8906,-0.9243,-0.0263,-0.0828
1635067875927,-4.8242,-6.2266,4.4531,-0.8052,-0.0731,-0.0275
1635067875931,-4.9336,-7.2813,4.8984,-0.4231,-0.1359,0.0193
1635067875936,-4.8438,-7.5742,4.9570,-0.0359,-0.1189,-0.0084
1635067875947,-4.7891,-6.9297,4.8828,0.2705,-0.0465,-0.0382
1635067875952,-4.8008,-6.3555,4.8242,0.3801,0.0003,-0.0435
1635067875977,-4.6602,-6.0781,4.6992,0.3640,0.0386,-0.0594
1635067875994,-4.4336,-5.9844,4.6133,0.3354,0.0992,-0.0701
1635067875998,-4.5391,-6.0039,4.5820,0.2725,0.1588,-0.0775
1635067876006,-4.8398,-6.0117,4.9922,0.1726,0.1683,-0.0499
1635067876012,-5.0586,-5.9922,5.3086,0.0673,0.1534,-0.0275
1635067876018,-5.1953,-6.1836,5.1719,-0.0466,0.1226,-0.0360
1635067876023,-5.2188,-6.3672,5.0391,-0.1051,0.0811,-0.0275
1635067876047,-5.1563,-6.3516,5.2188,-0.0881,0.0556,-0.0073
1635067876068,-5.1953,-5.9023,5.4492,-0.0859,0.0386,0.0246
1635067876072,-5.2031,-5.5820,5.4414,-0.1392,0.0088,0.0576
1635067876078,-5.1563,-5.7461,5.2695,-0.2380,-0.0316,0.0682
1635067876083,-5.1289,-5.8906,5.1484,-0.3882,-0.0433,0.0650
1635067876087,-5.3672,-5.9180,5.0820,-0.6655,-0.0402,0.0469
1635067876097,-5.7734,-5.9648,4.9688,-1.0967,-0.0625,-0.0041
1635067876102,-5.9180,-6.1758,4.9102,-1.5488,-0.1040,-0.0488
1635067876127,-5.8125,-6.5234,4.9375,-1.9102,-0.1519,-0.0935
1635067876132,-5.7070,-7.1172,5.0742,-2.1113,-0.2114,-0.1434
1635067876136,-5.7422,-7.8242,5.1992,-2.0742,-0.2773,-0.1680
1635067876147,-5.8477,-8.4688,5.2656,-1.8389,-0.3350,-0.1818
1635067876152,-6.2656,-8.9063,5.4258,-1.4980,-0.3923,-0.2201
1635067876177,-6.9922,-9.2891,5.4180,-1.2070,-0.4497,-0.2861
1635067876182,-7.9766,-9.5625,4.9570,-1.1104,-0.4924,-0.4202
1635067876186,-8.7813,-9.5547,4.2500,-1.5635,-0.5562,-0.9424
1635067876197,-8.7891,-9.7813,3.0879,-2.0117,-0.5762,-1.2617
1635067876203,-8.7891,-9.7813,3.0879,-2.0117,-0.5762,-1.2617
1635067876227,-7.2266,-10.1406,3.4082,-2.8359,-0.5283,-1.7393
1635067876232,-6.7109,-10.4063,3.6328,-3.1016,-0.4785,-1.8516
1635067876237,-6.2695,-10.5938,3.3301,-3.2012,-0.4136,-1.9199
1635067876248,-6.0273,-10.4141,2.8750,-3.0762,-0.3455,-1.9629
1635067876252,-5.6094,-9.8906,2.3242,-2.8086,-0.2922,-1.9951
1635067876278,-4.9414,-9.3438,1.5029,-2.5254,-0.2349,-2.0313
1635067876282,-4.0977,-9.0156,0.8403,-2.2520,-0.1796,-2.0449
1635067876287,-3.0566,-8.7031,0.5024,-2.0234,-0.1040,-2.0156
1635067876298,-2.1211,-7.9961,0.2417,-1.8535,0.0088,-1.9375
1635067876302,-1.4023,-7.3320,-0.0168,-1.7705,0.1417,-1.7939
1635067876328,-0.9263,-6.7969,-0.3469,-1.8135,0.2917,-1.6377
1635067876332,-0.6152,-6.3867,-0.6367,-1.9238,0.4365,-1.4756
1635067876337,-0.2106,-6.3516,-1.0000,-1.9814,0.5576,-1.2910
1635067876348,0.2896,-6.3516,-1.2520,-1.9258,0.7056,-1.1006
1635067876364,0.7588,-6.0781,-1.5010,-1.7539,0.8896,-0.9033
1635067876370,0.9263,-5.9844,-1.3525,-1.4424,1.0488,-0.6943
1635067876374,0.8784,-6.3828,-0.6797,-1.0615,1.1563,-0.4978
1635067876398,0.8379,-6.9961,0.0144,-0.6733,1.2236,-0.3394
1635067876413,0.8735,-7.2813,0.6699,-0.2274,1.2480,-0.2510
1635067876418,0.6631,-7.7539,1.1963,0.2683,1.2656,-0.0605
1635067876432,0.4070,-8.1797,1.3184,0.6489,1.2695,0.0852
1635067876436,0.3901,-8.0781,1.5098,0.8291,1.2148,0.1108
1635067876441,0.2489,-7.8477,1.5557,0.8525,1.1875,0.1885
1635067876448,-0.0479,-7.4141,1.8311,0.7373,1.1318,0.2874
1635067876453,-0.2155,-6.1602,2.3223,0.6245,1.0586,0.3694
1635067876485,-0.4954,-4.4141,2.7148,0.5513,1.0146,0.5171
1635067876490,-1.1992,-3.9199,3.0176,0.4929,0.9302,0.6553
1635067876497,-1.9248,-5.0664,3.4824,0.3130,0.7373,0.6567
1635067876503,-2.3340,-6.8555,3.6973,-0.0562,0.5215,0.5928
1635067876507,-2.6367,-8.4922,3.5684,-0.5635,0.3428,0.5342
1635067876518,-2.9316,-9.6172,3.3301,-1.1416,0.1503,0.4705
1635067876524,-3.2051,-9.9141,3.0918,-1.7217,-0.0412,0.4343
1635067876548,-3.5684,-10.0156,2.7148,-2.1875,-0.1987,0.4417
1635067876553,-3.8301,-10.4297,2.3457,-2.5547,-0.3499,0.3948
1635067876557,-3.7676,-10.7813,2.0898,-2.8398,-0.5229,0.2671
1635067876568,-3.4902,-11.0234,1.6152,-2.9941,-0.6753,0.1501
1635067876573,-3.2402,-10.9844,1.2109,-3.0898,-0.7935,0.0533
1635067876598,-2.9766,-10.5938,0.8999,-3.1699,-0.9009,-0.0414
1635067876603,-2.6992,-10.0078,0.3494,-3.2246,-0.9883,-0.1307
1635067876607,-2.4043,-9.5625,-0.3589,-3.2637,-1.0537,-0.2041
1635067876618,-2.2031,-9.2578,-1.2041,-3.2559,-1.0869,-0.2583
1635067876626,-2.0195,-9.2578,-1.4502,-3.1250,-1.1035,-0.3093
1635067876638,-1.8691,-9.2656,-1.5918,-2.9238,-1.1035,-0.3394
1635067876643,-1.7568,-9.2109,-1.4619,-2.6230,-1.0859,-0.3647
1635067876669,-1.7520,-9.2031,-0.9023,-2.2109,-1.0732,-0.3679
1635067876673,-1.8623,-9.3750,-0.9360,-1.7383,-1.0674,-0.3296
1635067876677,-1.8330,-9.3281,-1.3379,-1.2070,-1.0898,-0.2871
1635067876689,-1.6064,-8.9844,-1.9170,-0.5474,-1.1104,-0.2456
1635067876708,-1.4023,-8.6719,-2.3125,0.1630,-1.1162,-0.1680
1635067876714,-1.1943,-7.9688,-2.7500,0.7344,-1.0996,-0.0573
1635067876718,-1.0957,-7.6836,-3.3398,1.2559,-1.0566,0.0618
1635067876729,-1.2227,-7.7656,-3.6836,1.6846,-0.9976,0.1959
1635067876733,-1.3809,-7.6445,-3.8848,2.0371,-0.9180,0.3342
1635067876759,-1.5146,-7.7461,-3.8828,2.3984,-0.8467,0.4661
1635067876763,-1.5986,-7.7930,-3.4160,2.6758,-0.7700,0.5684
1635067876768,-1.8066,-7.8281,-2.8809,2.8984,-0.6680,0.6685
1635067876779,-2.1172,-8.1250,-2.5898,3.1387,-0.5889,0.7695
1635067876783,-2.2539,-8.4766,-2.3965,3.4297,-0.5391,0.8726
1635067876821,-2.1816,-8.5313,-2.3574,3.7422,-0.4561,0.9556
1635067876826,-2.2266,-8.2813,-2.2441,3.9980,-0.3315,1.0049
1635067876830,-2.3770,-7.9258,-1.9844,4.1406,-0.1816,1.0469
1635067876836,-2.6875,-7.8711,-1.4238,4.1836,-0.0370,1.0498
1635067876840,-3.0254,-8.1953,-0.7441,4.1250,0.0684,1.0352
1635067876849,-3.2656,-8.7266,-0.1699,3.9922,0.1492,1.0000
1635067876853,-3.4473,-9.5156,0.3853,3.8359,0.2109,0.9204
1635067876879,-3.6191,-9.9375,0.7729,3.6777,0.2556,0.8394
1635067876884,-3.7871,-9.4531,1.1084,3.5605,0.2727,0.7822
1635067876889,-3.7070,-8.3984,1.9512,3.5137,0.2791,0.7588
1635067876899,-3.7266,-7.8906,2.7500,3.4414,0.3108,0.7715
1635067876904,-4.0352,-8.2188,3.2656,3.3027,0.2959,0.7373
1635067876929,-4.1094,-8.8594,3.4570,3.2129,0.2216,0.6777
1635067876934,-3.9785,-9.2109,3.6543,3.1895,0.1823,0.6406
1635067876938,-4.0625,-9.4297,3.8027,3.2363,0.1854,0.6045
1635067876955,-4.3047,-9.2266,3.8359,3.2422,0.2024,0.5479
1635067876960,-4.5195,-8.5313,3.8496,3.1094,0.2301,0.4949
1635067876970,-4.4961,-7.9414,4.0703,2.8633,0.2418,0.4321
1635067876975,-4.4375,-7.6797,4.3633,2.5137,0.2534,0.3586
1635067877000,-4.4688,-7.4141,4.8320,2.1250,0.2693,0.2991
1635067877007,-4.5469,-7.0938,5.1641,1.7236,0.2747,0.2703
1635067877012,-4.5977,-6.9023,5.4453,1.3428,0.2747,0.2332
1635067877020,-4.6797,-6.9297,5.4219,1.0361,0.2534,0.2065
1635067877025,-4.9063,-7.6055,5.1641,0.8843,0.1981,0.1725
1635067877050,-4.9102,-8.3750,5.0938,0.9653,0.1492,0.1246
1635067877069,-4.5703,-8.5703,5.3984,1.2871,0.1428,0.1151
1635067877073,-4.4531,-7.8945,5.8242,1.6533,0.1864,0.1097
1635067877079,-4.5742,-6.7500,6.2656,1.8779,0.2098,0.1055
1635067877084,-4.4570,-5.6992,6.5742,1.8604,0.2184,0.0916
1635067877088,-4.3164,-4.9961,6.4609,1.6299,0.2227,0.0693
1635067877099,-4.3359,-5.1758,6.1523,1.2939,0.2120,0.0533
1635067877104,-4.6133,-5.8047,5.8867,0.9033,0.2024,0.0257
1635067877129,-4.6602,-6.0547,5.5820,0.5884,0.2247,0.0140
1635067877134,-4.6016,-5.7969,5.4609,0.4023,0.2693,0.0161
1635067877138,-4.6211,-5.7539,5.5156,0.3459,0.2737,0.0310
1635067877150,-4.7422,-6.0938,5.8086,0.3684,0.2418,0.0512
1635067877154,-4.7773,-6.4336,6.2188,0.4663,0.2098,0.0533
1635067877179,-4.7422,-6.3047,6.6094,0.6831,0.1918,0.0597
1635067877184,-4.6758,-5.7773,6.9805,0.6831,0.1918,0.0597
1635067877188,-4.7773,-6.1719,6.6602,0.7671,0.0492,0.0182
1635067877200,-4.6797,-5.7617,6.6055,0.7788,0.1311,0.0054
1635067877205,-5.2852,-5.2227,6.4570,0.5547,0.1248,0.0895
1635067877230,-4.9453,-5.7148,6.1445,0.4429,0.0503,0.0278
1635067877234,-4.6758,-6.0000,5.9219,0.3684,0.0598,0.0214
1635067877250,-4.6250,-5.7813,5.8359,0.3438,0.0917,0.0384
1635067877255,-4.8633,-5.2344,5.8945,0.2502,0.1375,0.0140
1635067877260,-5.6406,-5.7813,6.5039,-0.0125,0.0960,-0.0392
1635067877270,-5.4688,-6.4297,6.7109,-0.2732,0.0386,-0.0978
1635067877274,-4.9961,-6.4102,6.8789,-0.2944,0.0417,-0.1094
1635067877300,-4.9219,-6.4180,6.8047,-0.1615,0.0535,-0.1137
1635067877304,-4.6797,-6.2734,6.3750,0.0173,0.0588,-0.1148
1635067877309,-4.4336,-5.7852,6.1953,0.2343,0.0620,-0.0903
1635067877320,-4.5039,-5.6016,6.3633,0.4204,0.0290,-0.0435
1635067877324,-4.4453,-5.3867,6.1211,0.5874,0.0332,-0.0233
1635067877350,-4.8516,-5.4883,5.9141,0.6919,0.0503,-0.0254
1635067877354,-5.2539,-5.8047,6.0469,0.6777,0.0162,-0.0499
1635067877359,-5.0391,-6.1523,6.1211,0.6792,0.0013,-0.0648
1635067877370,-4.6992,-5.7695,5.9922,0.6841,0.0673,-0.0999
1635067877374,-4.9258,-5.4727,6.2344,0.6035,0.1046,-0.1265
1635067877400,-4.8828,-5.5664,6.2969,0.4417,0.1003,-0.1499
1635067877404,-4.6563,-5.5469,6.2969,0.3162,0.1141,-0.1637
1635067877409,-4.6016,-5.4219,6.3164,0.2491,0.1311,-0.1552
1635067877420,-4.5117,-5.1484,6.2852,0.1843,0.1545,-0.1328
1635067877424,-4.6055,-4.9258,6.4102,0.1066,0.1428,-0.1105
1635067877450,-4.7500,-5.0820,6.5039,0.0832,0.0811,-0.0743
1635067877454,-4.8047,-5.3906,6.6094,0.1417,0.0205,-0.0541
1635067877459,-4.7031,-5.3633,6.7305,0.2247,0.0013,-0.0435
1635067877470,-4.8359,-5.3242,6.6289,0.2534,-0.0029,-0.0446
1635067877487,-4.8320,-5.4492,6.3672,0.1907,-0.0210,-0.0541
1635067877493,-4.6172,-5.3984,6.1914,0.1098,-0.0263,-0.0637
1635067877501,-4.5430,-5.2031,6.2930,0.0471,-0.0146,-0.0531
1635067877512,-4.6836,-5.2305,6.4297,-0.0370,-0.0093,-0.0392
1635067877518,-4.6797,-5.2734,6.4258,-0.1019,-0.0019,-0.0297
1635067877530,-4.6172,-5.1289,6.3711,-0.1317,0.0067,-0.0201
1635067877535,-4.6211,-5.2188,6.3711,-0.1498,-0.0114,-0.0137
1635067877575,-4.6797,-5.3438,6.2617,-0.1392,-0.0242,-0.0094
1635067877580,-4.9219,-5.5313,6.5742,-0.1083,-0.0348,-0.0052
1635067877584,-5.1133,-5.6563,6.7070,-0.1604,-0.0497,-0.0360
1635067877590,-5.1367,-5.9141,6.2813,-0.2615,-0.0465,-0.0765
1635067877595,-5.0430,-6.0547,5.9805,-0.3284,-0.0327,-0.0988
1635067877599,-4.9883,-6.0859,6.1914,-0.3083,-0.0285,-0.0945
1635067877610,-5.0547,-5.8125,6.6211,-0.2859,-0.0051,-0.0754
1635067877615,-5.4961,-5.4961,6.8945,-0.3616,-0.0040,-0.0839
1635067877640,-6.0352,-5.6445,7.3242,-0.4604,-0.0933,-0.0839
1635067877660,-6.5430,-6.1523,7.8398,-0.4807,-0.2263,-0.0594
1635067877664,-7.2031,-6.5781,7.8047,-0.5361,-0.3350,-0.0616
1635067877670,-7.8398,-6.8789,7.1992,-0.7329,-0.4348,-0.1360
1635067877675,-7.9883,-7.3984,6.6016,-1.0781,-0.5698,-0.2690
1635067877679,-7.6172,-7.9766,6.2617,-1.5596,-0.6836,-0.4319
1635067877690,-7.0195,-8.2344,6.1836,-2.1191,-0.7402,-0.6157
1635067877709,-6.3945,-8.2031,6.2500,-2.6855,-0.7773,-0.7788
1635067877715,-6.0430,-8.5156,6.3398,-3.1855,-0.8008,-0.9351
1635067877719,-5.9180,-8.8203,6.2930,-3.6230,-0.7979,-1.1045
1635067877730,-5.8242,-9.1250,6.0391,-3.9297,-0.7964,-1.2705
1635067877735,-5.4453,-9.7109,5.4219,-4.0117,-0.8052,-1.4170
1635067877760,-4.8047,-10.0938,4.6250,-3.8457,-0.7827,-1.5400
1635067877775,-3.9941,-9.9844,3.8770,-3.4434,-0.7188,-1.6211
1635067877779,-3.1719,-9.4922,3.2500,-2.9453,-0.6294,-1.6709
1635067877786,-2.2695,-9.0234,2.4961,-2.4941,-0.4871,-1.7002
1635067877791,-1.7783,-8.5938,1.8262,-2.1895,-0.2986,-1.7246
1635067877800,-1.3877,-8.0391,1.2686,-2.0527,-0.1242,-1.6855
1635067877805,-1.0049,-7.5000,1.0674,-2.0273,0.0524,-1.6328
1635067877831,-0.6631,-6.6406,1.1006,-2.0918,0.2216,-1.5723
1635067877835,-0.3613,-6.1406,1.0527,-2.1973,0.3779,-1.4629
1635067877840,-0.3398,-6.2891,0.8306,-2.3398,0.5269,-1.3486
1635067877850,-0.2727,-6.6328,0.4932,-2.3555,0.6533,-1.2324
1635067877855,0.0072,-7.1797,0.5337,-2.0059,0.7695,-1.0996
1635067877881,0.2871,-7.5391,1.0361,-1.3447,0.8662,-0.9585
1635067877886,0.4907,-7.4492,1.6133,-0.5508,0.9502,-0.8223
1635067877890,0.4548,-7.1484,2.0254,0.2035,1.0293,-0.6904
1635067877901,0.1460,-7.0508,2.2637,0.7896,1.0586,-0.5669
1635067877905,-0.1508,-6.9063,2.5273,1.1543,1.0508,-0.4617
1635067877931,-0.2825,-6.2656,2.8574,1.3066,1.0488,-0.3594
1635067877935,-0.3447,-5.5898,3.0781,1.2246,1.0449,-0.2393
1635067877940,-0.3972,-4.9102,3.0645,0.8994,1.0254,-0.1052
1635067877951,-0.4021,-4.1055,2.8535,0.4185,1.0029,0.0384
1635067877955,-0.5171,-3.5625,2.8164,-0.0562,0.9609,0.1906
1635067877981,-0.9956,-4.1992,3.3008,-0.3594,0.8354,0.3225
1635067877986,-1.9912,-6.1758,3.9180,-0.4817,0.6792,0.4192
1635067877997,-3.1465,-7.9609,4.5156,-0.5083,0.5430,0.4768
1635067878005,-4.0547,-8.9531,4.8516,-0.5244,0.4099,0.4895
1635067878010,-4.4805,-8.8750,4.8477,-0.7070,0.2683,0.4714
1635067878022,-4.6328,-8.0703,4.4453,-1.1172,0.1354,0.4619
1635067878027,-4.7422,-7.8398,4.1680,-1.6240,-0.0061,0.4353
1635067878052,-4.7930,-8.5625,4.0391,-2.2129,-0.1519,0.3862
1635067878056,-4.9648,-9.7422,3.7012,-2.7813,-0.2498,0.2959
1635067878061,-5.1797,-11.0156,3.1973,-3.1602,-0.3413,0.1714
1635067878077,-5.1484,-11.4922,2.7578,-3.3145,-0.4380,0.0820
1635067878082,-4.8320,-10.9063,2.4336,-3.2656,-0.5146,0.0278
1635067878092,-4.4531,-10.0625,2.2813,-3.1445,-0.6069,-0.0073
1635067878097,-4.1211,-9.5547,2.0117,-3.0879,-0.7124,-0.0584
1635067878122,-3.8340,-9.3281,1.6035,-3.0781,-0.8042,-0.1116
1635067878135,-3.5664,-9.3438,1.1201,-3.0137,-0.8701,-0.1265
1635067878140,-3.2988,-9.3125,0.7134,-2.8359,-0.9287,-0.1169
1635067878146,-3.0254,-9.2422,0.5815,-2.2500,-1.0186,-0.0712
1635067878150,-2.8262,-8.9219,0.5957,-2.2500,-1.0186,-0.0712
1635067878162,-2.7012,-8.4063,0.4978,-1.6992,-1.0762,0.0257
1635067878166,-2.6133,-7.7227,0.0886,-1.3369,-1.1250,0.0948
1635067878192,-2.5176,-7.8281,-0.1005,-0.9351,-1.1611,0.1693
1635067878196,-2.4512,-7.8086,-0.2346,-0.5527,-1.1855,0.2363
1635067878201,-2.4199,-7.8672,-0.5098,-0.1987,-1.1904,0.3013
1635067878212,-2.4531,-8.0391,-0.9502,0.0651,-1.1670,0.3735
1635067878216,-2.6465,-8.0156,-1.4932,0.2991,-1.1348,0.4480
1635067878242,-2.7930,-8.3984,-1.9150,0.7002,-1.1084,0.5352
1635067878246,-2.7813,-8.8359,-1.9814,1.1836,-1.0898,0.6138
1635067878251,-2.6328,-8.5000,-1.7568,1.6758,-1.0615,0.6895
1635067878262,-2.5801,-7.9336,-1.4316,2.1406,-1.0049,0.7861
1635067878266,-2.6621,-7.5508,-1.1826,2.4473,-0.9351,0.8843
1635067878292,-2.7852,-7.5078,-1.1006,2.5645,-0.8560,0.9473
1635067878296,-2.9492,-7.7617,-1.2471,2.5996,-0.7720,0.9907
1635067878301,-3.1641,-8.3984,-1.3643,2.7012,-0.6826,1.0381
1635067878312,-3.4180,-9.1094,-1.1133,2.7969,-0.6021,1.0625
1635067878316,-3.6797,-9.6484,-0.7563,2.8828,-0.5337,1.0635
1635067878342,-3.8242,-9.7266,-0.4619,2.9434,-0.4478,1.0400
1635067878346,-3.8242,-8.9531,-0.3567,2.9063,-0.3423,1.0156
1635067878351,-3.8984,-8.5547,0.0239,2.7910,-0.2434,1.0098
1635067878362,-4.0938,-8.9141,0.5889,2.5859,-0.1848,0.9502
1635067878367,-4.2734,-9.4375,0.8164,2.3008,-0.1390,0.8682
1635067878393,-4.3320,-10.0391,0.8882,2.0234,-0.0923,0.7979
1635067878397,-4.2188,-10.3125,0.9189,1.8174,-0.0423,0.7065
1635067878402,-4.0391,-9.9609,1.1055,1.6777,0.0098,0.6333
1635067878412,-3.8652,-9.3438,1.4580,1.5918,0.0598,0.5928
1635067878432,-3.7715,-8.8125,1.9580,1.5078,0.1120,0.5503
1635067878437,-3.8555,-8.4844,2.2031,1.3516,0.1620,0.5034
1635067878444,-3.9727,-8.6641,2.4434,1.1699,0.1663,0.4661
1635067878452,-4.0547,-8.9609,2.8164,0.9888,0.1577,0.4172
1635067878457,-4.1172,-8.8906,2.9961,0.8037,0.1683,0.3555
1635067878489,-4.1914,-8.7109,3.1992,0.6118,0.1672,0.3032
1635067878494,-4.1758,-8.4063,3.3516,0.3801,0.1514,0.2544
1635067878501,-4.0781,-8.0625,3.3438,0.1321,0.1290,0.2192
1635067878506,-3.9902,-8.0391,3.2715,-0.0391,0.0981,0.2023
1635067878511,-3.8848,-8.2031,3.3828,-0.0828,0.0833,0.1831
1635067878522,-3.8867,-8.2109,3.3652,0.0066,0.0939,0.1842
1635067878528,-3.9141,-8.1328,3.4922,0.1992,0.0907,0.2043
1635067878552,-3.9629,-8.0703,3.6289,0.4204,0.0737,0.2065
1635067878557,-4.0313,-8.0078,3.7383,0.6001,0.0673,0.1948
1635067878561,-4.0898,-7.9531,3.7188,0.7056,0.0694,0.1768
1635067878572,-4.1680,-7.9609,3.7324,0.7651,0.0673,0.1544
1635067878577,-4.1563,-7.8594,3.7988,0.7695,0.0790,0.1256
1635067878602,-4.1836,-7.6719,3.7676,0.7046,0.1067,0.1012
1635067878611,-4.2891,-7.4688,3.6816,0.5854,0.1300,0.1129
1635067878616,-4.4492,-7.2930,3.6367,0.4673,0.1492,0.1405
1635067878623,-4.6172,-7.2109,3.6191,0.3801,0.1577,0.1661
1635067878627,-4.8164,-7.2344,3.8223,0.2981,0.1439,0.1736
1635067878653,-4.8750,-7.1719,4.0195,0.2013,0.1257,0.1639
1635067878658,-4.8711,-7.0078,4.1602,0.0757,0.1109,0.1587
1635067878662,-4.7852,-7.0117,4.1680,-0.0806,0.0917,0.1512
1635067878673,-4.7461,-7.2461,4.1172,-0.2571,0.0705,0.1278
1635067878677,-4.7070,-7.3750,3.9453,-0.4126,0.0684,0.1065
1635067878703,-4.6602,-7.4141,3.8125,-0.5146,0.0768,0.1012
1635067878707,-4.6289,-7.4805,3.7559,-0.5347,0.0684,0.0991
1635067878712,-4.6055,-7.5039,3.7148,-0.4849,0.0588,0.1118
1635067878723,-4.6406,-7.5000,3.6289,-0.3679,0.0513,0.1353
1635067878727,-4.7773,-7.5742,3.6445,-0.2114,0.0226,0.1522
1635067878753,-4.8477,-7.6484,3.6074,-0.0732,-0.0072,0.1565
1635067878758,-4.9531,-7.5703,3.5645,-0.0040,-0.0285,0.1479
1635067878762,-5.0430,-7.6250,3.5430,-0.0189,-0.0487,0.1299
1635067878773,-5.0391,-7.7617,3.5059,-0.0955,-0.0710,0.0991
1635067878777,-4.9375,-7.7227,3.4883,-0.1965,-0.0774,0.0810
1635067878803,-4.8828,-7.6367,3.4570,-0.3201,-0.0699,0.0629
1635067878808,-4.8477,-7.6250,3.3867,-0.4414,-0.0646,0.0406
1635067878812,-4.8867,-7.7578,3.2793,-0.5146,-0.0604,0.0246
1635067878824,-4.7852,-7.8516,3.2070,-0.5112,-0.0583,0.0193
1635067878828,-4.8359,-7.9727,3.2305,-0.3892,-0.0540,0.0299
1635067878853,-4.9688,-8.0156,3.2793,-0.2168,-0.0444,0.0384
1635067878857,-5.0156,-7.8203,3.3848,-0.0349,-0.0380,0.0512
1635067878862,-4.9883,-7.5742,3.4844,0.1215,-0.0253,0.0618
1635067878873,-4.9180,-7.3164,3.2813,0.1960,-0.0051,0.0629
1635067878878,-4.9492,-7.2617,3.1348,0.2343,0.0024,0.0608
1635067878903,-4.8945,-7.4141,3.0938,0.2747,0.0067,0.0565
1635067878908,-4.9258,-7.3477,3.0176,0.2737,0.0460,0.0214
1635067878915,-5.1758,-7.6172,3.0234,0.2119,0.0705,-0.0126
1635067878923,-5.4531,-7.9258,3.3008,0.1577,0.0503,-0.0265
1635067878928,-5.4258,-8.1016,3.5664,0.2002,0.0258,-0.0265
1635067878954,-5.1445,-7.7227,3.5176,0.2715,0.0428,-0.0328
1635067878958,-5.1367,-7.2773,3.5488,0.2822,0.0588,-0.0392
1635067878963,-5.1680,-7.2109,3.7402,0.2949,0.0247,-0.0265
1635067878973,-5.0117,-7.1836,3.8984,0.3342,-0.0093,-0.0052
1635067878979,-5.0703,-7.0078,4.0977,0.2822,-0.0061,-0.0243
1635067879006,-5.3477,-7.1953,3.9609,0.1449,-0.0189,-0.0605
1635067879011,-5.6992,-7.6758,3.6016,0.0151,-0.0433,-0.0818
1635067879015,-5.9414,-8.0000,3.4102,-0.0806,-0.0742,-0.0999
1635067879025,-5.8633,-8.0781,3.4590,-0.1615,-0.1146,-0.1434
1635067879029,-5.7305,-8.2031,3.8320,-0.2434,-0.1487,-0.1786
1635067879054,-5.7734,-8.2813,4.1484,-0.3499,-0.1764,-0.2020
1635067879059,-5.8906,-8.3828,4.2227,-0.4753,-0.2168,-0.2435
1635067879063,-6.0195,-8.6797,4.2852,-0.6084,-0.2551,-0.2913
1635067879074,-6.2422,-8.7500,4.1484,-0.7754,-0.2795,-0.3584
1635067879079,-6.4180,-8.8594,3.8027,-0.9458,-0.3147,-0.4456
1635067879107,-6.4258,-9.1797,3.5020,-1.1201,-0.3508,-0.5571
1635067879115,-6.2344,-9.3359,3.2070,-1.2998,-0.3730,-0.6777
1635067879120,-5.9180,-9.6172,2.9160,-1.3984,-0.3774,-0.7808
1635067879126,-5.6875,-9.8594,2.9980,-1.4238,-0.3860,-0.9009
1635067879131,-5.4063,-9.9609,3.2070,-1.4229,-0.3945,-0.9829
1635067879144,-5.1797,-9.9688,3.4004,-1.4531,-0.3765,-1.0713
1635067879150,-4.8906,-10.0938,3.1758,-1.7217,-0.3062,-1.2910
1635067879174,-4.0313,-9.9531,2.2109,-1.8193,-0.2487,-1.3574
1635067879178,-3.4629,-9.6328,1.5459,-1.8652,-0.1582,-1.4102
1635067879183,-2.9434,-9.3672,0.8643,-1.8818,-0.0540,-1.4639
1635067879193,-2.4141,-9.1563,0.1268,-1.8350,0.0705,-1.4785
1635067879202,-1.8672,-9.0234,-0.6177,-1.6533,0.2024,-1.4639
1635067879224,-1.3906,-8.9141,-0.9526,-1.3438,0.3374,-1.4209
1635067879228,-1.1729,-8.5313,-1.1914,-1.0010,0.4907,-1.3604
1635067879232,-1.0791,-8.1563,-1.0313,-0.6924,0.6196,-1.2949
1635067879243,-0.9692,-7.8672,-0.6509,-0.5425,0.7310,-1.2383
1635067879246,-0.9717,-7.4805,-0.4812,-0.5679,0.8608,-1.1875
1635067879273,-0.9600,-7.2188,-0.4714,-0.6787,0.9780,-1.1162
1635067879276,-0.8379,-7.2188,-0.5215,-0.7563,1.0830,-1.0215
1635067879280,-0.7466,-7.1680,-0.2346,-0.7041,1.1855,-0.9150
1635067879304,-0.8115,-7.1484,0.3613,-0.5137,1.2803,-0.7842
1635067879309,-1.0029,-7.3320,0.6963,-0.2285,1.3301,-0.6401
1635067879314,-1.1914,-7.7031,1.0215,0.1460,1.2949,-0.5054
1635067879324,-1.2656,-8.1172,1.3760,0.5737,1.2227,-0.4021
1635067879330,-1.2920,-8.1172,1.5557,0.9492,1.1611,-0.3435
1635067879355,-1.3213,-7.3086,1.6035,1.1797,1.0967,-0.2808
1635067879360,-1.4287,-6.0273,1.5918,1.2285,1.0371,-0.1946
1635067879364,-1.7451,-4.9766,1.7549,1.1152,0.9790,-0.0988
1635067879374,-2.3887,-4.5781,2.1855,0.8906,0.8750,0.0193
1635067879379,-2.9375,-4.6680,2.5781,0.5684,0.7397,0.1373
1635067879404,-3.4082,-4.9766,3.0332,0.1875,0.6064,0.2225
1635067879409,-3.9082,-5.8008,3.2988,-0.2030,0.4736,0.2671
1635067879414,-4.3906,-7.2969,3.2285,-0.6968,0.3301,0.2566
1635067879425,-4.9336,-8.9531,3.1133,-1.2100,0.1694,0.1788
1635067879430,-5.2031,-10.3203,2.9453,-1.5635,-0.0295,0.1022
1635067879455,-5.0117,-10.7656,2.6445,-1.7793,-0.2114,0.0587
1635067879460,-4.6289,-10.3203,2.5371,-1.8486,-0.3477,0.0310
1635067879464,-4.3281,-9.6563,2.4395,-1.8574,-0.4880,0.0150
1635067879475,-4.0664,-9.1406,2.1582,-1.9268,-0.6201,-0.0126
1635067879481,-3.8203,-8.6953,1.8936,-2.0664,-0.7368,-0.0307
1635067879508,-3.5977,-8.4844,1.4863,-2.2148,-0.8350,-0.0190
1635067879509,-3.4746,-8.5703,1.1367,-2.3125,-0.9028,-0.0275
1635067879512,-3.3770,-8.8828,0.9360,-2.3164,-0.9883,-0.0382
1635067879539,-3.0703,-9.0469,0.8926,-2.2129,-1.0684,-0.0201
1635067879540,-2.7949,-8.9688,0.8330,-1.9326,-1.1113,0.0044
1635067879542,-2.5605,-8.8906,0.6318,-1.4893,-1.1426,0.0331
1635067879568,-2.3555,-8.8438,0.3877,-0.9575,-1.1650,0.0842
1635067879570,-2.1973,-8.5781,0.0670,-0.3667,-1.1738,0.1671
1635067879572,-2.0723,-8.1016,-0.2561,0.2693,-1.1729,0.2778
1635067879598,-1.9697,-7.5742,-0.7158,0.8525,-1.1475,0.4097
1635067879600,-1.9746,-7.2344,-1.3262,1.3311,-1.0879,0.5488
1635067879602,-2.0332,-7.2852,-1.7949,1.7568,-1.0244,0.6797
1635067879628,-2.1738,-7.5469,-1.6367,2.1230,-0.9434,0.8076
1635067879630,-2.4551,-7.6680,-1.1826,2.3535,-0.8232,0.9077
1635067879632,-2.8750,-7.7461,-0.8354,2.4648,-0.6987,0.9727
1635067879658,-3.1074,-7.9766,-0.4834,2.4922,-0.6123,1.0361
1635067879660,-3.0547,-8.2344,-0.2274,2.5000,-0.5308,1.0850
1635067879662,-2.9902,-8.6484,-0.1963,2.5664,-0.4243,1.1172
1635067879689,-3.1289,-9.2500,-0.1125,2.6934,-0.3125,1.1465
1635067879690,-3.3262,-9.5625,-0.1484,2.8027,-0.1923,1.1582
1635067879692,-3.5254,-9.4219,-0.2512,2.8770,-0.0688,1.1318
1635067879719,-3.6641,-9.0938,-0.0526,2.8809,0.0428,1.0938
1635067879720,-3.8340,-9.0469,0.4883,2.7988,0.1194,1.0488
1635067879722,-3.9609,-9.3047,1.1465,2.6445,0.1641,0.9771
1635067879750,-4.0781,-9.5000,1.9482,2.4707,0.2024,0.9014
1635067879752,-4.1797,-9.5938,2.7402,2.3438,0.2258,0.8418
1635067879754,-4.2109,-9.5938,3.1719,2.2930,0.2290,0.7930
1635067879776,-4.1992,-9.5000,3.2656,2.3164,0.2195,0.7534
1635067879778,-4.1055,-9.1406,3.1035,2.3516,0.2195,0.7192
1635067879779,-4.2852,-8.7813,2.9824,2.3809,0.2109,0.6831
1635067879806,-4.6875,-8.9688,3.2988,2.4238,0.1598,0.6255
1635067879807,-4.8672,-9.1250,3.5742,2.3828,0.1088,0.5254
1635067879808,-4.7734,-8.8750,3.7793,2.2871,0.0971,0.4246
1635067879839,-4.5625,-8.4922,4.1992,2.1289,0.0950,0.3555
1635067879841,-4.4102,-7.9570,4.4336,1.8457,0.1024,0.3171
1635067879842,-4.4531,-7.6094,4.5313,1.4795,0.1343,0.2639
1635067879869,-4.6055,-7.5000,4.5078,1.0566,0.1577,0.2054
1635067879871,-4.6055,-7.4297,4.3633,0.6460,0.1705,0.1671
1635067879872,-4.5078,-7.2773,4.2578,0.3057,0.1886,0.1395
1635067879899,-4.4375,-7.0195,4.2109,0.0726,0.2141,0.1214
1635067879901,-4.5313,-6.9688,4.2266,-0.0125,0.2195,0.1235
1635067879902,-4.6758,-7.3516,4.4883,0.0673,0.1769,0.1310
1635067879929,-4.7617,-7.8281,4.7109,0.2791,0.1205,0.1246
1635067879931,-4.7734,-8.1328,4.9883,0.5845,0.0801,0.1193
1635067879932,-4.7500,-7.9141,5.2148,0.8867,0.0641,0.1193
1635067879959,-4.7383,-7.4063,5.2188,1.0967,0.0641,0.1129
1635067879961,-4.7188,-6.8750,5.0898,1.1523,0.0641,0.0948
1635067879962,-4.6875,-6.4414,5.0195,1.0811,0.0556,0.0767
1635067879990,-4.6875,-6.2266,4.9531,0.9097,0.0535,0.0608
1635067879991,-4.7383,-6.1328,4.8594,0.6929,0.0609,0.0427
1635067879993,-4.8047,-6.2422,4.7773,0.4907,0.0673,0.0342
1635067880021,-4.8281,-6.3828,4.8086,0.3289,0.0705,0.0310
1635067880023,-4.8594,-6.4727,4.9609,0.2173,0.0652,0.0331
1635067880025,-4.9531,-6.5352,5.1914,0.1503,0.0503,0.0374
1635067880050,-5.0313,-6.6797,5.3711,0.1215,0.0269,0.0352
1635067880052,-5.0273,-6.8984,5.4023,0.1460,-0.0125,0.0278
1635067880053,-4.8555,-6.9609,5.3125,0.2301,-0.0338,0.0299
1635067880079,-4.6094,-6.7266,5.0781,0.3354,-0.0125,0.0352
1635067880081,-4.8047,-6.4844,5.2188,0.3770,-0.0008,0.0310
1635067880083,-5.0313,-6.7109,5.2383,0.2854,-0.0189,0.0044
1635067880109,-4.9336,-6.6523,5.2109,0.1396,-0.0316,-0.0222
1635067880111,-4.7422,-6.5703,5.1992,0.0279,-0.0210,-0.0126
1635067880113,-4.8086,-6.5039,5.2500,-0.0774,-0.0093,-0.0180
1635067880140,-4.9102,-6.4063,5.2344,-0.1699,-0.0040,-0.0169
1635067880141,-4.8984,-6.3984,5.0938,-0.2073,0.0013,-0.0031
1635067880143,-4.8594,-6.6328,4.9727,0.0375,-0.0253,0.0395
1635067880170,-4.6836,-6.3594,5.1680,0.3162,-0.0210,0.1055
1635067880171,-5.1641,-6.4883,5.4336,0.5269,-0.0370,0.1118
1635067880173,-5.6680,-6.6719,5.6563,0.4727,-0.0593,0.0065
1635067880200,-5.5820,-6.9063,5.7305,0.2756,-0.1115,-0.0914
1635067880201,-5.1172,-7.0508,5.5469,0.0960,-0.1539,-0.1020
1635067880203,-4.7656,-7.2852,5.4648,0.1013,-0.1572,-0.1020
1635067880230,-4.5000,-6.9375,5.3477,0.1704,-0.1210,-0.1105
1635067880231,-4.5000,-6.2695,5.3164,0.1661,-0.0635,-0.1010
1635067880233,-4.6875,-5.9648,5.2422,0.0215,-0.0380,-0.1052
1635067880260,-4.6875,-6.0039,5.0078,-0.1636,-0.0423,-0.1148
1635067880263,-4.4688,-6.2813,4.8047,-0.2371,-0.0423,-0.0967
1635067880265,-4.2734,-6.5000,4.8828,-0.1667,-0.0295,-0.0648
1635067880291,-4.2031,-6.3047,4.9063,-0.0338,0.0067,-0.0286
1635067880293,-4.3242,-6.0859,4.8281,0.1364,0.0417,0.0108
1635067880295,-4.4648,-6.0977,4.9063,0.3003,0.0524,0.0320
1635067880317,-4.5117,-6.0781,4.9766,0.4429,0.0556,0.0512
1635067880318,-4.4883,-6.2344,5.0430,0.5938,0.0588,0.0842
1635067880320,-4.5508,-6.1563,5.1953,0.6885,0.0747,0.1065
1635067880347,-4.6289,-5.5898,5.3555,0.6802,0.0971,0.1129
1635067880348,-4.5195,-4.6602,5.3281,0.4993,0.1365,0.1002
1635067880350,-5.1445,-5.0352,5.7188,0.0981,0.1152,0.0948
1635067880380,-5.8477,-7.2578,5.9219,-0.2849,-0.0146,0.0352
1635067880382,-4.8828,-7.8359,5.0938,-0.3103,-0.0540,0.0140
1635067880383,-4.2188,-6.3594,4.6953,0.0141,0.1067,0.1076
1635067880410,-5.1367,-6.2930,5.1406,0.2258,0.1577,0.0927
1635067880412,-5.7734,-7.0781,5.5742,0.1555,0.0471,0.0065
1635067880413,-5.5938,-7.6133,5.9141,0.1981,-0.0178,0.0012
1635067880440,-5.1523,-7.7578,5.8164,0.3704,0.0215,-0.0541
1635067880442,-4.8672,-7.0508,5.5273,0.5576,0.0886,-0.1052
1635067880443,-4.9844,-6.8008,5.4141,0.7075,0.1130,-0.1116
1635067880470,-5.1484,-7.0859,5.3555,0.7354,0.1056,-0.1946
1635067880472,-4.9023,-7.2227,5.2109,0.7759,0.1046,-0.2583
1635067880473,-4.5117,-7.0859,5.2344,0.9141,0.1523,-0.2529
1635067880500,-4.5859,-6.4570,5.2461,1.0225,0.2120,-0.2499
1635067880502,-4.7734,-5.8789,5.5977,1.0156,0.2173,-0.2329
1635067880504,-4.6680,-4.9531,5.8164,0.7505,0.2365,-0.2264
1635067880531,-4.6953,-4.0742,5.7695,0.1843,0.2727,-0.2424
1635067880533,-5.1641,-3.7715,5.8281,-0.5903,0.2471,-0.2329
1635067880534,-5.5938,-4.0234,5.7305,-1.4551,0.1672,-0.1957
1635067880561,-5.8984,-4.4688,5.1875,-2.3633,0.0950,-0.2106
1635067880563,-6.0859,-5.8672,5.2227,-3.1055,-0.0529,-0.2456
1635067880564,-5.9961,-7.7852,5.5898,-3.4570,-0.2625,-0.2286
1635067880590,-5.8633,-9.0859,5.9375,-3.3984,-0.3901,-0.1829
1635067880592,-5.9727,-9.2422,6.3086,-3.1504,-0.4561,-0.1860
1635067880594,-6.2930,-8.9375,6.6328,-2.9746,-0.5435,-0.2446
1635067880620,-6.7148,-8.8516,6.2148,-3.0742,-0.6592,-0.3508
1635067880622,-6.8867,-9.2031,5.2930,-3.3516,-0.7744,-0.5039
1635067880624,-6.6914,-9.9688,4.4688,-3.6309,-0.8745,-0.7021
1635067880647,-6.2617,-10.7813,3.7148,-3.8613,-0.9233,-0.9268
1635067880648,-5.6328,-11.3594,3.0352,-4.0273,-0.9009,-1.1260
1635067880649,-5.2617,-11.7813,2.6465,-4.0156,-0.8350,-1.2900
1635067880677,-5.0078,-12.1484,2.3301,-3.8242,-0.7666,-1.4307
1635067880678,-4.4961,-12.2891,2.1328,-3.4336,-0.7095,-1.5381
1635067880679,-3.8301,-12.2578,1.9316,-2.8203,-0.6475,-1.5859
1635067880707,-3.2090,-11.7500,1.5293,-2.1406,-0.5537,-1.6357
1635067880708,-2.5938,-10.8203,0.8496,-1.5098,-0.4380,-1.7012
1635067880709,-1.8770,-9.7813,0.2106,-1.0273,-0.3198,-1.7568
1635067880743,-1.1172,-8.7422,-0.2847,-0.7051,-0.1954,-1.7881
1635067880745,-0.4954,-8.0313,-0.4834,-0.5200,-0.0540,-1.7822
1635067880746,-0.0909,-7.5938,-0.6392,-0.4456,0.1173,-1.7373
1635067880769,0.1125,-7.4141,-0.8447,-0.4104,0.2832,-1.6572
1635067880775,0.1866,-7.4648,-0.9624,-0.3455,0.4280,-1.5615
1635067880781,0.3184,-7.0586,-0.9907,-0.2296,0.5830,-1.4482
1635067880789,0.4978,-6.5039,-0.7969,-0.0327,0.7490,-1.3135
1635067880806,0.6436,-6.2031,-0.4954,0.1907,0.9058,-1.1836
1635067880813,0.4619,-6.4102,0.1675,0.4131,1.0293,-1.0449
1635067880820,0.0909,-6.7813,0.5195,0.6675,1.1221,-0.9063
1635067880828,-0.2058,-7.0430,0.8569,0.9258,1.2100,-0.7700
1635067880835,-0.3638,-6.5742,1.3496,1.0947,1.2695,-0.6499
1635067880847,-0.3423,-5.5742,1.7979,1.1748,1.3027,-0.5254
1635067880852,-0.4548,-4.6289,2.0918,1.1006,1.3340,-0.3743
1635067880877,-0.6177,-4.0273,2.1582,0.8906,1.3350,-0.2361
1635067880881,-0.7705,-3.9375,2.1035,0.6489,1.2998,-0.1052
1635067880885,-1.0723,-4.2461,2.2539,0.4727,1.2441,0.0374
1635067880896,-1.5889,-4.6055,2.8984,0.4131,1.1807,0.1703
1635067880902,-2.6895,-5.6523,3.6875,0.4375,1.0674,0.2747
1635067880927,-4.1211,-7.7656,4.0625,0.4131,0.8906,0.3013
1635067880931,-5.0586,-9.2813,4.2969,0.1832,0.7036,0.2449
1635067880935,-5.3477,-9.3984,4.4063,-0.1647,0.5449,0.1969
1635067880947,-5.2344,-8.8594,4.5117,-0.6509,0.3833,0.2034
1635067880951,-5.0313,-8.5078,4.5078,-1.3115,0.1949,0.2108
1635067880977,-4.7305,-8.8281,4.0195,-1.9619,0.0045,0.1512
1635067880981,-4.3633,-9.7266,3.6523,-2.4805,-0.1539,0.0693
1635067880997,-4.2070,-10.5156,3.3965,-2.8320,-0.3040,0.0065
1635067881003,-4.0977,-10.9531,3.0039,-2.9668,-0.4392,-0.0520
1635067881010,-4.0000,-10.8359,2.6348,-2.9492,-0.5605,-0.1084
1635067881016,-3.7813,-10.1094,2.2227,-2.8809,-0.6763,-0.1360
1635067881022,-3.5469,-9.4688,1.8164,-2.8066,-0.7891,-0.1425
1635067881047,-3.3457,-9.4375,1.6494,-2.7285,-0.9043,-0.1648
1635067881052,-3.0859,-9.4922,1.7715,-2.6816,-1.0195,-0.1924
1635067881056,-2.7910,-9.2891,1.6465,-2.6172,-1.1025,-0.1849
1635067881067,-2.6211,-9.0938,1.4102,-2.4844,-1.1494,-0.1583
1635067881071,-2.4844,-8.7500,1.0957,-2.2988,-1.1934,-0.1445
1635067881097,-2.3672,-8.4219,0.5674,-2.0801,-1.2246,-0.1020
1635067881102,-2.3047,-8.2578,-0.1484,-1.7598,-1.2383,-0.0541
1635067881106,-2.2227,-8.5781,-0.6846,-1.2617,-1.2500,-0.0084
1635067881117,-2.0410,-8.5781,-1.3096,-0.7222,-1.2285,0.0650
1635067881121,-1.9248,-8.1641,-2.0957,-0.1561,-1.1680,0.1661
1635067881147,-1.9678,-8.3828,-2.1895,0.9375,-1.0967,0.3831
1635067881151,-2.0039,-8.5156,-2.0078,0.9375,-1.0967,0.3831
1635067881156,-1.9844,-7.8906,-1.5703,1.5537,-0.9531,0.5552
1635067881167,-1.7070,-7.5078,-1.2803,1.7090,-0.9146,0.6426
1635067881172,-1.5605,-6.9805,-1.0840,1.7227,-0.8647,0.7554
1635067881197,-1.6396,-6.6836,-0.9814,1.6914,-0.8115,0.8760
1635067881202,-1.8721,-7.1406,-1.0908,1.7324,-0.7700,0.9756
1635067881206,-2.1055,-7.9844,-1.0908,1.8037,-0.7212,1.0547
1635067881217,-2.1289,-8.1484,-1.1895,1.8633,-0.6602,1.1289
1635067881222,-2.0254,-8.1328,-1.2637,1.9932,-0.5996,1.2119
1635067881247,-2.0547,-8.2031,-1.3906,2.1602,-0.5137,1.2891
1635067881252,-2.3867,-8.3750,-1.3184,2.2813,-0.4082,1.3398
1635067881256,-2.7480,-8.5391,-1.1680,2.2422,-0.2998,1.3281
1635067881267,-3.0449,-8.2969,-1.1318,2.0254,-0.1945,1.2617
1635067881272,-3.1523,-8.0313,-0.9336,1.7949,-0.1252,1.2275
1635067881297,-3.0859,-8.0781,-0.6846,1.6377,-0.0795,1.2100
1635067881302,-3.1953,-8.7813,-0.1652,1.5791,-0.0338,1.1699
1635067881306,-3.5684,-9.8984,0.3638,1.5820,0.0205,1.0918
1635067881317,-3.8320,-10.7109,0.6748,1.6104,0.0726,0.9873
1635067881322,-3.9063,-10.9297,0.7134,1.6680,0.1257,0.8843
1635067881347,-3.8145,-10.8516,0.8403,1.7549,0.1652,0.8022
1635067881352,-3.8398,-10.4844,1.1006,1.7998,0.2035,0.7461
1635067881366,-3.9414,-9.8594,1.3740,1.7207,0.2642,0.6885
1635067881372,-4.1367,-9.0781,1.5127,1.5176,0.3291,0.6245
1635067881376,-4.3008,-8.4297,1.6895,1.2695,0.3577,0.5786
1635067881392,-4.2773,-8.1328,2.0469,1.0654,0.3599,0.5552
1635067881397,-4.2109,-8.3047,2.3164,0.9004,0.3716,0.5288
1635067881408,-4.2305,-8.7813,2.3711,0.7324,0.3938,0.4524
1635067881413,-4.2852,-9.1641,2.2520,0.5703,0.4131,0.3704
1635067881438,-4.2969,-9.3203,2.2539,0.4460,0.4280,0.3330
1635067881442,-4.3164,-9.1719,2.3516,0.3608,0.4438,0.3022
1635067881447,-4.2891,-8.7578,2.4863,0.3162,0.4641,0.2715
1635067881458,-4.2773,-8.2813,2.7969,0.2832,0.4727,0.2566
1635067881462,-4.3203,-7.8359,2.9980,0.2258,0.4822,0.2500
1635067881489,-4.3984,-7.3750,3.0645,0.1620,0.4961,0.2512
1635067881534,-4.5156,-7.1367,3.1328,0.1300,0.4844,0.2725
1635067881538,-4.5664,-7.2148,3.1328,0.1471,0.4482,0.2810
1635067881545,-4.6719,-7.5313,3.1016,0.2471,0.4023,0.2766
1635067881551,-4.8320,-8.2031,3.2793,0.4302,0.3354,0.2810
1635067881560,-4.9883,-8.6328,3.5840,0.6270,0.2715,0.2532
1635067881573,-5.1445,-8.6797,3.8809,0.8203,0.2344,0.2267
1635067881593,-5.3672,-8.4063,4.0977,0.9014,0.2162,0.2097
1635067881598,-5.4805,-7.9258,4.1641,0.8320,0.1981,0.1768
1635067881603,-5.4453,-7.4648,3.9082,0.6460,0.1875,0.1459
1635067881607,-5.2930,-7.0898,3.5059,0.4226,0.1790,0.1278
1635067881612,-5.1484,-6.9453,3.1602,0.2354,0.1812,0.1182
1635067881616,-5.1250,-7.2695,3.1289,0.1162,0.1747,0.1086
1635067881621,-5.1992,-7.6641,3.3438,0.0673,0.1460,0.0927
1635067881626,-5.3359,-7.8945,3.6016,0.1194,0.1067,0.0842
1635067881631,-5.5703,-8.2734,4.1211,0.2556,0.0567,0.0831
1635067881642,-5.6875,-8.3359,4.4258,0.3684,0.0173,0.0544
1635067881646,-5.6523,-8.1406,4.4883,0.4290,-0.0104,0.0374
1635067881658,-5.1914,-7.5117,3.8945,0.4141,-0.0082,0.0118
1635067881662,-4.9961,-7.2227,3.6797,0.4014,-0.0274,0.0278
1635067881689,-5.1641,-7.3477,3.5215,0.3716,-0.0338,0.0437
1635067881694,-5.0703,-7.0313,3.2656,0.3162,-0.0019,0.0246
1635067881700,-5.2109,-6.7695,3.3320,0.1726,0.0364,-0.0063
1635067881709,-5.3477,-7.0977,3.5059,-0.0710,0.0215,-0.0403
1635067881713,-5.1445,-7.3203,3.4375,-0.2179,-0.0104,-0.0414
1635067881746,-5.0547,-7.6797,3.5039,-0.1466,-0.0093,-0.0094
1635067881753,-5.2305,-7.8320,3.6914,-0.0157,0.0045,-0.0158
1635067881760,-5.2930,-7.6094,3.6641,0.0768,0.0045,-0.0180
1635067881768,-5.2969,-7.5313,3.5781,0.1289,-0.0040,-0.0041
1635067881775,-5.2930,-7.6523,3.4805,0.1620,-0.0253,-0.0126
1635067881794,-5.3438,-7.7188,3.5254,0.2236,-0.0455,-0.0265
1635067881799,-5.4922,-7.7188,3.5879,0.2927,-0.0614,-0.0297
1635067881804,-5.3984,-7.5742,3.5391,0.3523,-0.0604,-0.0478
1635067881818,-5.2266,-7.2344,3.6289,0.3801,-0.0497,-0.0541
1635067881823,-5.2813,-6.9805,3.6074,0.3567,-0.0465,-0.0499
1635067881831,-5.2930,-7.0742,3.3750,0.3013,-0.0551,-0.0435
1635067881836,-5.1055,-7.1055,3.1992,0.3035,-0.0540,-0.0318
1635067881850,-4.9844,-7.1055,3.3516,0.3418,-0.0465,-0.0211
1635067881854,-4.9766,-7.1719,3.4004,0.3555,-0.0306,-0.0265
1635067881878,-4.9648,-7.0781,3.3398,0.3982,-0.0082,-0.0328
1635067881883,-5.0000,-7.0508,3.3652,0.4875,0.0141,-0.0148
1635067881887,-5.1250,-7.2813,3.4492,0.5908,0.0258,0.0012
1635067881898,-5.3281,-7.5742,3.5117,0.7119,0.0279,0.0118
1635067881903,-5.4453,-7.4883,3.7402,0.8545,0.0226,0.0172
1635067881939,-5.4531,-7.2813,4.0859,0.9268,0.0067,0.0161
1635067881944,-5.3867,-7.1992,4.1133,0.8887,-0.0104,0.0054
1635067881949,-5.2188,-7.0469,3.9766,0.8130,-0.0189,-0.0126
1635067881955,-5.0195,-6.8398,3.8965,0.6992,-0.0168,-0.0190
1635067881960,-4.9648,-6.7578,3.8008,0.5298,-0.0072,-0.0328
1635067881969,-4.9180,-6.9922,3.7051,0.3406,-0.0072,-0.0541
1635067881974,-4.8125,-7.2656,3.5859,0.1843,0.0035,-0.0701
1635067881999,-4.6758,-7.1172,3.5449,0.0747,0.0311,-0.0733
1635067882004,-4.6367,-6.7891,3.7285,0.0247,0.0343,-0.0541
1635067882010,-4.7773,-6.9453,3.9902,0.0566,0.0141,-0.0180
1635067882019,-4.9102,-7.5781,3.9941,0.2247,-0.0019,-0.0031
1635067882024,-4.6523,-7.9766,3.9902,0.5205,-0.0061,0.0140
1635067882049,-4.3164,-7.6367,3.9707,0.8589,0.0290,0.0257
1635067882054,-4.3125,-6.8086,4.0313,1.0693,0.0811,0.0342
1635067882058,-4.5547,-6.1055,4.0547,1.0645,0.1024,0.0448
1635067882069,-4.6172,-5.8750,4.0664,0.8823,0.1152,0.0246
1635067882073,-4.9531,-6.2930,4.1719,0.6089,0.1077,-0.0201
1635067882099,-5.1641,-7.3594,4.4063,0.4194,0.0545,-0.0403
1635067882103,-5.0078,-7.7227,4.7500,0.4150,0.0396,-0.0488
1635067882108,-4.7656,-7.2813,4.8867,0.5737,0.0822,-0.0275
1635067882119,-4.9648,-6.4414,4.9297,0.5532,0.0503,-0.0190
1635067882123,-4.9648,-6.4414,4.9297,0.5532,0.0503,-0.0190
1635067882149,-4.8516,-7.0547,4.8477,0.5288,-0.0274,-0.0456
1635067882154,-5.0000,-7.2266,4.9766,0.6426,-0.0402,-0.0499
1635067882158,-5.1602,-7.4023,5.1250,0.8311,-0.0540,-0.0616
1635067882169,-5.1797,-7.1914,5.1484,1.0000,-0.0455,-0.0775
1635067882174,-5.1328,-7.0039,5.0938,1.1240,-0.0380,-0.0828
1635067882199,-4.9883,-6.9023,4.9414,1.2158,-0.0338,-0.0999
1635067882204,-4.8984,-6.9063,4.9414,1.3037,-0.0210,-0.1158
1635067882208,-4.7930,-6.7695,4.8398,1.3672,0.0109,-0.1318
1635067882219,-4.8359,-6.4375,4.9102,1.4053,0.0354,-0.1425
1635067882224,-4.9219,-6.3008,5.2383,1.4131,0.0354,-0.1499
1635067882250,-4.9258,-6.1992,5.3281,1.3896,0.0503,-0.1520
1635067882254,-4.9023,-6.0469,5.3867,1.4180,0.0641,-0.1425
1635067882258,-4.7578,-5.8438,5.4805,1.4805,0.0652,-0.1350
1635067882269,-4.7383,-5.7344,5.4023,1.5332,0.0598,-0.1265
1635067882274,-4.7695,-5.8203,5.5938,1.5898,0.0396,-0.1169
1635067882300,-4.7227,-5.6680,5.8359,1.6055,0.0407,-0.1127
1635067882304,-4.8281,-5.6641,6.0742,1.6143,0.0407,-0.1127
1635067882308,-5.0586,-6.0664,6.4922,1.6777,-0.0082,-0.1254
1635067882320,-4.4219,-6.2383,5.7734,1.9834,-0.0019,-0.1765
1635067882324,-4.9180,-5.2617,6.4258,2.0625,0.0609,-0.0935
1635067882350,-5.0156,-5.0508,6.5664,2.1328,0.0098,-0.0573
1635067882354,-4.9336,-5.4180,6.5000,2.1289,-0.0231,-0.1425
1635067882359,-4.9102,-5.6953,6.5742,2.1309,-0.0444,-0.1808
1635067882370,-4.6602,-5.7695,6.7539,2.1660,-0.0359,-0.2233
1635067882374,-4.5352,-5.3203,6.7266,2.1680,0.0311,-0.2605
1635067882400,-4.6289,-4.7188,6.7617,2.1484,0.0801,-0.2615
1635067882415,-4.5938,-3.9766,6.8516,2.0605,0.1173,-0.2637
1635067882420,-4.5625,-3.4219,7.0859,1.9072,0.1248,-0.2637
1635067882425,-4.6914,-3.2031,7.3164,1.7070,0.0928,-0.2361
1635067882430,-4.6563,-3.0898,7.2227,1.5078,0.0492,-0.1808
1635067882440,-4.4688,-3.0664,7.2930,1.3545,0.0130,-0.1212
1635067882445,-4.5469,-2.9980,7.5625,1.1699,-0.0093,-0.0850
1635067882470,-4.7852,-2.7832,7.7578,0.8896,-0.0231,-0.0509
1635067882475,-4.5313,-2.4316,7.9688,0.5244,-0.0210,-0.0041
1635067882479,-4.5273,-2.3438,6.2109,-0.0253,0.0396,0.0012
1635067882491,-5.4453,-4.0703,6.9258,-0.3721,-0.0646,0.0193
1635067882495,-4.5977,-3.7480,7.7617,-0.2551,-0.0423,0.0906
1635067882521,-4.3359,-1.5293,7.8242,-0.1317,0.1013,0.1874
1635067882532,-5.1563,-1.2754,7.6250,-0.3508,0.0673,0.2289
1635067882537,-5.4453,-3.1953,7.6094,-0.6670,-0.0678,0.1991
1635067882544,-5.1523,-3.9629,7.5938,-0.7935,-0.0795,0.1895
1635067882550,-5.2695,-3.8086,7.5508,-0.8179,-0.0327,0.2151
1635067882562,-5.3789,-4.1055,7.8164,-0.9126,-0.0359,0.1874
1635067882567,-5.2031,-4.2734,7.8867,-1.0293,-0.0157,0.1267
1635067882581,-5.4648,-4.2031,7.6445,-1.2842,-0.0136,0.0757
1635067882586,-5.4570,-4.6250,7.4492,-1.4980,-0.0433,0.0448
1635067882611,-5.2305,-5.0469,7.5313,-1.6074,-0.0593,0.0246
1635067882615,-5.2070,-4.6875,7.7891,-1.6426,-0.0455,0.0320
1635067882620,-5.2617,-4.0469,7.8008,-1.7178,-0.0380,0.0469
1635067882630,-5.3555,-4.0820,7.4570,-1.8848,-0.0806,0.0437
1635067882635,-5.2813,-4.5625,6.9492,-2.0840,-0.1412,0.0320
1635067882675,-5.2227,-5.2734,6.5625,-2.2168,-0.1848,0.0076
1635067882679,-5.4336,-6.0625,6.4375,-2.2949,-0.2231,-0.0509
1635067882684,-5.4023,-6.4609,6.5977,-2.3633,-0.2561,-0.0935
1635067882689,-5.1992,-6.4844,6.8828,-2.3906,-0.2817,-0.1233
1635067882694,-5.0508,-6.2891,7.1758,-2.3750,-0.3167,-0.1445
1635067882700,-4.9414,-6.0547,7.0547,-2.3477,-0.3594,-0.1573
1635067882705,-4.6445,-6.0859,6.7070,-2.2344,-0.4158,-0.1520
1635067882741,-4.2813,-6.5313,6.1992,-2.0000,-0.4614,-0.1190
1635067882745,-3.9805,-7.1211,5.6602,-1.6318,-0.4731,-0.0871
1635067882749,-3.7480,-7.1875,5.2422,-1.2002,-0.4146,-0.0701
1635067882755,-3.9355,-6.9180,5.1484,-0.8379,-0.3264,-0.0690
1635067882760,-4.8320,-7.3828,5.4258,-0.6021,-0.3030,-0.1063
1635067882771,-5.6875,-8.3906,5.7031,-0.5244,-0.3188,-0.1797
1635067882775,-6.1406,-8.7734,5.9219,-0.5796,-0.3071,-0.2988
1635067882801,-6.4648,-8.8750,6.0234,-0.7637,-0.3008,-0.4468
1635067882805,-6.5742,-9.0313,6.2109,-1.1289,-0.3220,-0.6328
1635067882810,-6.5625,-9.6484,6.1445,-1.5947,-0.3765,-0.8306
1635067882821,-6.3867,-10.2734,5.6328,-2.0156,-0.4211,-1.0225
1635067882826,-5.9961,-10.6328,5.3164,-2.2441,-0.4402,-1.2061
1635067882851,-5.6367,-10.9609,5.1133,-2.3066,-0.4434,-1.3770
1635067882864,-5.3945,-11.0938,4.7773,-2.3535,-0.4146,-1.5566
1635067882868,-5.0508,-10.9297,4.4688,-2.4141,-0.3774,-1.7158
1635067882873,-4.5508,-10.1250,4.2734,-2.5059,-0.3242,-1.8350
1635067882877,-3.7656,-9.0313,4.0820,-2.6250,-0.2625,-1.9209
1635067882901,-3.1113,-8.2734,3.6719,-2.8105,-0.1934,-1.9766
1635067882907,-2.6465,-7.9141,3.0703,-3.0195,-0.1050,-2.0234
1635067882911,-1.9414,-7.7773,2.1289,-3.1348,0.0258,-2.0254
1635067882921,-1.2305,-7.6367,0.7637,-3.0371,0.1960,-1.9639
1635067882926,-0.7227,-7.6250,0.1245,-2.6836,0.3291,-1.8613
1635067882951,-0.0981,-7.4414,0.0837,-2.2207,0.4568,-1.7529
1635067882956,0.1197,-6.9141,0.3328,-1.7842,0.6426,-1.6201
1635067882960,-0.0814,-6.5742,0.7539,-1.3711,0.7769,-1.4404
1635067882972,-0.2202,-6.4531,1.5322,-1.0322,0.8525,-1.2656
1635067882976,-0.1412,-6.1758,2.0801,-0.7583,0.9058,-1.0938
1635067883002,-0.0311,-6.0898,2.3340,-0.4861,0.9268,-0.9180
1635067883009,0.1029,-5.9492,2.5371,-0.1945,0.9409,-0.7764
1635067883013,0.2896,-5.8477,2.1426,0.1790,0.9634,-0.6372
1635067883023,0.3687,-6.3828,1.4648,1.2324,0.9087,-0.3647
1635067883028,0.3687,-6.3828,1.4648,1.2324,0.9087,-0.3647
1635067883052,0.0311,-6.4727,2.2031,2.3906,0.8589,-0.1882
1635067883057,-0.5215,-5.6875,2.9023,2.5039,0.8491,-0.0967
1635067883061,-1.1152,-4.5313,3.7617,2.1602,0.7993,-0.0094
1635067883072,-1.4434,-3.2559,4.5195,1.4346,0.6865,0.0778
1635067883076,-1.6445,-3.1758,4.9219,0.4302,0.5610,0.1885
1635067883102,-2.2754,-4.7109,4.6289,-0.7627,0.4321,0.2343
1635067883106,-2.9727,-7.3516,4.1758,-1.8125,0.2693,0.2214
