1635067814665,-1.6299,1.0791,9.8594,-0.0753,0.0088,-0.0243
1635067814667,-1.9170,0.9790,9.8438,-0.1541,0.0354,0.0023
1635067814669,-2.5176,0.6987,9.6094,-0.1444,0.0109,-0.0126
1635067814688,-2.0820,0.7158,9.6719,-0.0466,-0.0146,-0.0403
1635067814689,-1.8027,0.7852,9.7266,-0.0040,0.0162,-0.0222
1635067814740,-1.9678,0.8496,9.6719,-0.0093,0.0184,-0.0180
1635067814741,-2.0645,0.8760,9.7266,-0.0051,-0.0051,-0.0392
1635067814743,-2.0195,0.9121,9.7656,-0.0115,-0.0019,-0.0403
1635067814744,-1.9297,0.9385,9.7813,-0.0189,0.0013,-0.0350
1635067814745,-1.8721,0.9766,9.8125,-0.0370,-0.0051,-0.0360
1635067814775,-1.9053,0.9717,9.7813,-0.0721,-0.0072,-0.0297
1635067814777,-1.9248,0.9097,9.7109,-0.0944,-0.0104,-0.0318
1635067814778,-1.8906,0.7920,9.6719,-0.0923,-0.0157,-0.0456
1635067814792,-1.8857,0.6895,9.6953,-0.0753,-0.0146,-0.0563
1635067814795,-1.8857,0.5981,9.7031,-0.0476,-0.0136,-0.0679
1635067814798,-1.8789,0.5718,9.7266,-0.0125,-0.0104,-0.0850
1635067814809,-1.8789,0.6987,9.7500,0.0226,-0.0051,-0.0924
1635067814811,-1.8506,0.8354,9.7656,0.0406,0.0003,-0.0945
1635067814837,-1.8291,0.9502,9.7578,0.0332,0.0013,-0.1073
1635067814839,-1.8262,0.9668,9.7344,-0.0200,0.0056,-0.1339
1635067814842,-1.8213,0.9165,9.7344,-0.0285,0.0077,-0.1477
1635067814855,-1.8477,0.8882,9.7500,-0.0317,0.0130,-0.1616
1635067814858,-1.8525,0.8784,9.7734,-0.0359,0.0130,-0.1743
1635067814882,-1.8574,0.7778,9.7734,-0.0413,0.0141,-0.1914
1635067814890,-1.8477,0.6631,9.7969,-0.0359,0.0141,-0.2106
1635067814891,-1.8379,0.5693,9.7969,-0.0125,0.0152,-0.2212
1635067814904,-1.8164,0.5791,9.7969,0.0321,0.0258,-0.2307
1635067814908,-1.7637,0.6484,9.7813,0.0832,0.0354,-0.2435
1635067814938,-1.7285,0.7876,9.7656,0.1119,0.0428,-0.2583
1635067814943,-1.7402,0.9214,9.7891,0.1215,0.0471,-0.2764
1635067814960,-1.7764,1.0459,9.8125,0.1151,0.0513,-0.2944
1635067814964,-1.7734,1.0771,9.8438,0.0832,0.0535,-0.3115
1635067814968,-1.7402,0.9907,9.8281,0.0449,0.0524,-0.3340
1635067814986,-1.7285,0.8042,9.8359,0.0247,0.0513,-0.3542
1635067814987,-1.7422,0.6270,9.8125,0.0321,0.0482,-0.3723
1635067814988,-1.7666,0.6221,9.7813,0.0662,0.0460,-0.3796
1635067815018,-1.7402,0.7324,9.7344,0.1109,0.0439,-0.3828
1635067815020,-1.7637,0.8975,9.7109,0.1321,0.0417,-0.3840
1635067815021,-1.7881,0.9766,9.7031,0.1151,0.0311,-0.3882
1635067815043,-1.7783,0.9453,9.6797,0.0864,0.0173,-0.3945
1635067815045,-1.8027,0.8833,9.6563,0.0651,0.0045,-0.3860
1635067815048,-1.7813,0.8042,9.6719,0.0556,-0.0104,-0.3711
1635067815074,-1.6826,0.7466,9.6797,0.0481,-0.0178,-0.3638
1635067815075,-1.5889,0.6772,9.6406,0.0385,-0.0242,-0.3552
1635067815076,-1.5889,0.5981,9.5938,0.0449,-0.0348,-0.3403
1635067815104,-1.6084,0.5479,9.5547,0.0630,-0.0444,-0.3296
1635067815105,-1.6416,0.5674,9.5313,0.0757,-0.0551,-0.3169
1635067815106,-1.6416,0.5742,9.5313,0.0715,-0.0678,-0.2966
1635067815138,-1.6826,0.5864,9.4844,0.0534,-0.0784,-0.2817
1635067815139,-1.7188,0.5625,9.4219,0.0268,-0.0923,-0.2678
1635067815141,-1.7637,0.5098,9.4297,-0.0061,-0.1050,-0.2489
1635067815168,-1.8145,0.4260,9.4453,-0.0285,-0.1136,-0.2255
1635067815170,-1.8594,0.3088,9.4297,-0.0508,-0.1221,-0.2063
1635067815171,-1.9199,0.2369,9.4063,-0.0742,-0.1327,-0.1860
1635067815196,-1.9697,0.2106,9.3750,-0.0912,-0.1381,-0.1594
1635067815198,-2.0059,0.2585,9.3672,-0.1147,-0.1390,-0.1339
1635067815200,-2.0293,0.3447,9.3750,-0.1476,-0.1359,-0.1052
1635067815223,-2.0781,0.4883,9.3828,-0.1976,-0.1327,-0.0733
1635067815225,-2.0840,0.5122,9.3672,-0.2678,-0.1306,-0.0307
1635067815227,-2.1035,0.3518,9.2734,-0.3508,-0.1252,0.0023
1635067815254,-2.1270,0.0551,9.1719,-0.4126,-0.1221,0.0235
1635067815256,-2.1250,-0.1843,9.1328,-0.4285,-0.1221,0.0597
1635067815257,-2.1211,-0.3303,9.2031,-0.4114,-0.1179,0.1108
1635067815286,-2.1172,-0.3374,9.2891,-0.3955,-0.1104,0.1587
1635067815288,-2.1895,-0.1866,9.3984,-0.4050,-0.1125,0.2129
1635067815290,-2.3027,-0.0622,9.5078,-0.4626,-0.1232,0.2820
1635067815320,-2.4531,-0.0981,9.5469,-0.5605,-0.1476,0.3491
1635067815322,-2.5254,-0.3135,9.4219,-0.6753,-0.1764,0.3979
1635067815323,-2.5039,-0.6104,9.3516,-0.7700,-0.2072,0.4502
1635067815348,-2.5137,-0.8091,9.2891,-0.8223,-0.2306,0.5127
1635067815349,-2.5801,-0.9312,9.4141,-0.8340,-0.2517,0.5830
1635067815351,-2.5449,-0.9165,9.4609,-0.8540,-0.2742,0.6436
1635067815375,-2.4980,-0.6870,9.5547,-0.9028,-0.2891,0.7046
1635067815376,-2.5352,-0.6748,9.6406,-1.0000,-0.3157,0.7524
1635067815378,-2.5586,-0.9766,9.6406,-1.1172,-0.3518,0.7915
1635067815406,-2.5137,-1.0146,9.4141,-1.1709,-0.3657,0.8203
1635067815408,-2.5625,-1.0576,9.3906,-1.1670,-0.3945,0.8896
1635067815409,-2.5508,-1.1201,9.3203,-1.1465,-0.4199,0.9502
1635067815436,-2.4609,-1.0625,9.2656,-1.1113,-0.4263,0.9844
1635067815437,-2.3926,-1.0869,9.2656,-1.0967,-0.4275,1.0430
1635067815439,-2.3047,-1.2207,9.2344,-1.1016,-0.4263,1.0918
1635067815466,-2.2012,-1.3096,9.2656,-1.0898,-0.4221,1.1250
1635067815468,-2.1563,-1.2949,9.2969,-1.0508,-0.4126,1.1855
1635067815469,-2.1465,-1.2754,9.3438,-1.0039,-0.4019,1.2588
1635067815496,-2.1250,-1.3359,9.3594,-0.9624,-0.3945,1.3184
1635067815498,-2.1172,-1.3398,9.3672,-0.9106,-0.3848,1.3672
1635067815500,-2.1816,-1.3809,9.4219,-0.8496,-0.3657,1.4297
1635067815526,-2.2480,-1.4404,9.5078,-0.8081,-0.3562,1.5059
1635067815527,-2.2832,-1.5342,9.6406,-0.7563,-0.3582,1.5684
1635067815529,-2.3223,-1.6416,9.7188,-0.6968,-0.3572,1.6230
1635067815553,-2.3984,-1.7256,9.7656,-0.6372,-0.3572,1.6768
1635067815555,-2.4707,-1.7471,9.8281,-0.5806,-0.3604,1.7246
1635067815556,-2.5488,-1.7520,9.9531,-0.5425,-0.3657,1.7783
1635067815584,-2.6055,-1.7207,10.0313,-0.5200,-0.3699,1.8311
1635067815585,-2.6367,-1.7686,10.0391,-0.5083,-0.3667,1.8643
1635067815586,-2.7578,-1.9414,10.0234,-0.4956,-0.3635,1.8730
1635067815618,-2.7500,-2.0508,9.9453,-0.4680,-0.3540,1.8623
1635067815626,-2.7109,-1.9775,9.8828,-0.4167,-0.3188,1.8486
1635067815627,-2.7832,-2.0176,9.9609,-0.3477,-0.2849,1.8418
1635067815647,-2.7832,-2.1230,9.9063,-0.3030,-0.2571,1.8066
1635067815648,-2.7891,-2.0645,9.8750,-0.2720,-0.2200,1.7666
1635067815650,-2.8203,-1.8066,9.9219,-0.2306,-0.1827,1.7588
1635067815676,-2.8379,-1.3838,9.9609,-0.1987,-0.1465,1.7705
1635067815678,-2.9395,-1.0430,10.0078,-0.1965,-0.1199,1.7979
1635067815680,-3.0039,-1.0000,10.0391,-0.2539,-0.1104,1.8320
1635067815706,-3.0332,-1.1514,9.9219,-0.3477,-0.1083,1.8447
1635067815708,-3.0332,-1.4316,9.8438,-0.4148,-0.1115,1.8447
1635067815710,-2.9766,-1.6494,9.7813,-0.4114,-0.1157,1.8613
1635067815736,-2.9512,-1.7881,9.7500,-0.3477,-0.1210,1.8936
1635067815738,-2.9590,-1.8643,9.8203,-0.2668,-0.1221,1.9199
1635067815740,-2.9961,-1.7520,9.8281,-0.1987,-0.1210,1.9473
1635067815766,-3.0977,-1.4717,9.8516,-0.1530,-0.1273,1.9893
1635067815768,-3.1641,-1.2900,9.8828,-0.1295,-0.1412,2.0352
1635067815770,-3.2461,-1.2520,9.8281,-0.1498,-0.1636,2.0723
1635067815797,-3.2910,-1.3613,9.7656,-0.1924,-0.1902,2.0996
1635067815798,-3.2793,-1.5654,9.6406,-0.2147,-0.2179,2.1191
1635067815800,-3.2383,-1.6084,9.4922,-0.2040,-0.2477,2.1406
1635067815826,-3.1855,-1.5273,9.5000,-0.1636,-0.2742,2.1758
1635067815828,-3.1680,-1.3525,9.5000,-0.1381,-0.2944,2.1973
1635067815830,-3.1660,-1.1318,9.4844,-0.1519,-0.3083,2.2090
1635067815856,-3.1387,-1.0029,9.4297,-0.2030,-0.3284,2.2168
1635067815858,-2.9199,-1.1533,9.2266,-0.3296,-0.3530,2.2285
1635067815860,-2.8242,-1.3164,9.1016,-0.3572,-0.3550,2.2266
1635067815886,-2.7090,-1.3760,9.0547,-0.3455,-0.3562,2.2305
1635067815888,-2.5898,-1.4287,9.0938,-0.3179,-0.3550,2.2344
1635067815890,-2.4297,-1.4697,9.2266,-0.3083,-0.3604,2.2246
1635067815917,-2.2324,-1.4404,9.3203,-0.3169,-0.3689,2.2051
1635067815918,-2.0547,-1.3477,9.3828,-0.3318,-0.3743,2.1875
1635067815920,-1.9648,-1.2734,9.4219,-0.3616,-0.3848,2.1777
1635067815946,-1.9121,-1.1582,9.5000,-0.3892,-0.3923,2.1641
1635067815948,-1.9531,-1.0576,9.4375,-0.4221,-0.3977,2.1504
1635067815950,-2.0313,-1.0840,9.3125,-0.4700,-0.4189,2.1328
1635067815977,-1.9863,-1.1416,9.2109,-0.5127,-0.4487,2.1133
1635067815978,-1.9268,-1.3232,9.2891,-0.5444,-0.4880,2.0938
1635067815980,-1.8096,-1.4385,9.2656,-0.5742,-0.5239,2.0664
1635067816004,-1.6631,-1.5010,9.3281,-0.5859,-0.5552,2.0391
1635067816006,-1.5098,-1.5938,9.4297,-0.5903,-0.5869,2.0254
1635067816007,-1.3594,-1.6611,9.5078,-0.6030,-0.6211,2.0059
1635067816037,-1.2158,-1.5029,9.4219,-0.6230,-0.6392,1.9854
1635067816038,-1.1270,-1.3447,9.5547,-0.6338,-0.6602,1.9824
1635067816040,-1.0771,-1.3379,9.5859,-0.6719,-0.6826,1.9756
1635067816070,-1.2275,-1.4766,9.6719,-0.7275,-0.7134,1.9531
1635067816072,-1.3330,-2.0781,9.6797,-0.7437,-0.7798,1.9102
1635067816075,-1.1992,-2.3965,9.7031,-0.7148,-0.8306,1.8389
1635067816098,-1.0264,-2.2734,9.8047,-0.6465,-0.8467,1.8184
1635067816101,-0.9600,-2.0469,9.8906,-0.6230,-0.8677,1.8193
1635067816103,-0.8999,-1.7666,9.7734,-0.6572,-0.8965,1.7793
1635067816127,-0.8091,-1.7354,9.6328,-0.7202,-0.9253,1.7363
1635067816128,-0.6582,-1.7520,9.4609,-0.7881,-0.9487,1.6992
1635067816130,-0.5073,-1.7549,9.3906,-0.8081,-0.9575,1.6553
1635067816155,-0.4619,-1.9482,9.3828,-0.7852,-0.9585,1.6172
1635067816156,-0.4309,-1.9775,9.3438,-0.7510,-0.9497,1.5781
1635067816157,-0.4045,-2.0195,9.4922,-0.7007,-0.9390,1.5430
1635067816185,-0.4595,-2.2637,9.7422,-0.6709,-0.9287,1.5029
1635067816186,-0.5454,-2.6133,9.9453,-0.6401,-0.9414,1.4385
1635067816187,-0.4260,-2.6582,9.9922,-0.5732,-0.9541,1.3770
1635067816217,-0.2561,-2.2168,10.0313,-0.5190,-0.9434,1.3555
1635067816219,-0.1245,-1.5938,10.1094,-0.5254,-0.9341,1.3516
1635067816221,-0.0862,-1.4004,9.9922,-0.6104,-0.9414,1.3096
1635067816247,-0.1388,-1.6729,9.7969,-0.7285,-0.9639,1.2402
1635067816249,-0.1604,-2.1250,9.6563,-0.7744,-0.9883,1.1787
1635067816250,-0.0886,-2.6113,9.6719,-0.7158,-0.9922,1.1250
1635067816277,0.0311,-2.7109,9.7656,-0.5986,-0.9741,1.0605
1635067816279,0.0311,-2.4395,9.8906,-0.4626,-0.9668,1.0186
1635067816281,-0.0048,-2.0156,10.0000,-0.3828,-0.9805,0.9980
1635067816307,0.0694,-1.6826,9.9609,-0.3933,-1.0020,0.9609
1635067816309,0.2751,-1.5918,9.8984,-0.4680,-1.0195,0.9058
1635067816311,0.4045,-1.9316,9.7734,-0.5605,-1.0293,0.8726
1635067816337,0.4573,-2.2969,9.5859,-0.6221,-1.0332,0.8491
1635067816339,0.5576,-2.6133,9.6719,-0.5786,-1.0234,0.8320
1635067816341,0.6196,-2.9531,9.7031,-0.5020,-0.9849,0.8130
1635067816367,0.5386,-2.9863,9.5625,-0.4529,-0.9434,0.7842
1635067816369,0.3901,-2.9805,9.5703,-0.3999,-0.9326,0.7734
1635067816371,0.3230,-3.1074,9.5781,-0.3284,-0.9404,0.7661
1635067816397,0.2512,-3.1563,9.7109,-0.2688,-0.9507,0.7354
1635067816399,0.3662,-3.1816,9.8203,-0.2339,-0.9805,0.6895
1635067816401,0.4524,-2.9414,9.4922,-0.2380,-0.9551,0.6616
1635067816427,0.3374,-2.8281,9.3359,-0.2561,-0.9585,0.6724
1635067816429,0.3687,-3.1973,9.1797,-0.3328,-0.9712,0.6631
1635067816431,0.6030,-3.4648,8.8516,-0.3945,-0.9551,0.6138
1635067816457,0.6367,-3.6855,8.6406,-0.3914,-0.9106,0.5903
1635067816459,0.4475,-3.9844,8.3516,-0.3486,-0.8911,0.5703
1635067816461,0.4453,-4.0703,8.2500,-0.2742,-0.8667,0.5596
1635067816487,0.5000,-4.2266,8.2891,-0.1859,-0.8052,0.5522
1635067816489,0.5649,-4.3945,8.6016,-0.1625,-0.7573,0.5205
1635067816491,0.6484,-4.5078,8.5469,-0.1699,-0.7241,0.5171
1635067816518,0.6343,-4.7656,8.4453,-0.0955,-0.6870,0.5469
1635067816520,0.7803,-4.6680,8.4531,0.0236,-0.6304,0.5830
1635067816522,0.7876,-4.0078,8.4375,0.0321,-0.5454,0.6416
1635067816548,0.6245,-3.4355,8.1875,-0.0806,-0.4912,0.6885
1635067816549,0.5146,-3.3555,7.9648,-0.2477,-0.4871,0.7227
1635067816551,0.4858,-3.7617,7.8047,-0.3999,-0.4934,0.7563
1635067816578,0.6748,-4.1172,7.9219,-0.5273,-0.4744,0.7407
1635067816580,0.8354,-4.2773,8.2813,-0.6050,-0.4509,0.6821
1635067816581,0.8066,-4.2969,8.4297,-0.6719,-0.4541,0.6787
1635067816608,0.9404,-4.2969,8.3281,-0.6826,-0.4595,0.7227
1635067816610,1.0029,-4.3984,8.1328,-0.6455,-0.4434,0.7500
1635067816611,1.1006,-4.2656,7.8477,-0.6211,-0.4294,0.7446
1635067816639,1.2568,-4.4023,7.6055,-0.6074,-0.4094,0.7344
1635067816641,1.2803,-4.8242,7.4023,-0.6284,-0.3743,0.7002
1635067816645,1.2949,-4.9414,7.2461,-0.6563,-0.3315,0.6499
1635067816699,1.2920,-4.8477,7.2227,-0.6177,-0.2827,0.6235
1635067816703,1.2832,-4.7695,7.2930,-0.5166,-0.2423,0.6011
1635067816712,1.4795,-4.3633,7.4141,-0.4126,-0.1764,0.5767
1635067816714,1.5439,-4.1289,7.6602,-0.3647,-0.1019,0.5737
1635067816716,1.4697,-4.2617,7.7891,-0.3945,-0.0795,0.5864
1635067816727,1.3838,-4.5742,7.8086,-0.4934,-0.0561,0.5371
1635067816729,1.3594,-4.8398,7.7031,-0.6113,-0.0093,0.4917
1635067816732,1.5098,-4.8594,7.5547,-0.7095,0.0768,0.4768
1635067816738,1.3574,-4.6758,7.1250,-0.7603,0.1396,0.4714
1635067816740,1.1943,-4.7148,7.0547,-0.7646,0.1365,0.4949
1635067816766,0.8711,-4.9258,7.5938,-0.7783,0.1268,0.5415
1635067816769,0.6484,-5.0547,7.9492,-0.7925,0.1141,0.5298
1635067816772,0.6177,-5.2500,8.5156,-0.8315,0.1237,0.4895
1635067816796,0.7227,-4.8828,8.6406,-1.0664,0.1375,0.4800
1635067816797,0.6938,-4.6250,8.4219,-1.3672,0.1120,0.4971
1635067816798,0.5767,-5.1641,8.2656,-1.6455,0.0567,0.5010
1635067816828,0.6318,-5.5195,7.9492,-1.9063,0.0322,0.5000
1635067816829,0.5454,-5.6328,7.6680,-2.0840,0.0343,0.5288
1635067816830,0.3254,-5.7500,7.6211,-2.3965,0.0247,0.5918
1635067816861,-0.0024,-6.1836,6.9375,-2.5586,0.0258,0.6074
1635067816862,-0.1125,-6.6172,6.7852,-2.7051,0.0013,0.6201
1635067816863,-0.1221,-7.1055,6.6172,-2.8125,-0.0465,0.6289
1635067816891,0.1532,-7.2461,6.2656,-2.8164,-0.0817,0.6406
1635067816892,0.3542,-7.0625,5.9883,-2.7031,-0.0583,0.6938
1635067816893,0.1724,-6.8789,5.7813,-2.6250,-0.0242,0.7500
1635067816914,-0.0191,-6.8828,5.3594,-2.6699,-0.0136,0.7480
1635067816921,-0.0168,-7.2969,4.9141,-2.7617,-0.0104,0.7183
1635067816923,0.1101,-7.8047,4.4922,-2.8164,0.0067,0.7139
1635067816946,0.1388,-8.3594,4.2070,-2.7793,0.0354,0.7310
1635067816958,0.1173,-8.8438,4.1289,-2.6875,0.0779,0.7344
1635067816960,0.0455,-8.9063,4.1211,-2.5840,0.1290,0.7280
1635067816961,-0.0766,-8.7656,4.1172,-2.4746,0.1694,0.7407
1635067816993,-0.0191,-8.4375,3.9180,-2.3770,0.2013,0.7607
1635067816995,0.0766,-7.8906,3.6738,-2.2383,0.2322,0.7852
1635067817001,0.0909,-7.2109,3.4785,-2.0195,0.2365,0.8447
1635067817007,0.1771,-6.7344,3.1387,-1.7666,0.2610,0.9238
1635067817009,-0.0144,-6.8750,2.7617,-1.6064,0.3354,0.9502
1635067817044,-0.4429,-7.5391,2.3594,-1.5322,0.3875,0.9160
1635067817051,-0.5840,-8.1172,2.1777,-1.4492,0.4036,0.8843
1635067817054,-0.5693,-8.6563,2.0391,-1.2607,0.4290,0.8862
1635067817077,-0.4236,-8.9688,1.8164,-0.9731,0.4673,0.8809
1635067817079,-0.5337,-9.0078,1.9961,-0.6382,0.4834,0.8896
1635067817086,-0.7827,-9.3672,2.1758,-0.2040,0.4885,0.8950
1635067817093,-0.8257,-9.4063,2.3066,0.2024,0.5088,0.8481
1635067817101,-0.7251,-8.7734,2.6875,0.5459,0.5195,0.8438
1635067817109,-0.7588,-8.3047,3.2344,0.7725,0.5132,0.8716
1635067817111,-0.8975,-7.9297,3.4785,0.7100,0.5503,0.8457
1635067817142,-1.2354,-7.6445,3.3652,0.3801,0.6055,0.8291
1635067817143,-1.6328,-7.7852,3.1406,-0.0189,0.6362,0.8408
1635067817156,-1.8740,-8.2734,2.8848,-0.3667,0.6235,0.8276
1635067817174,-1.9600,-8.9141,2.8359,-0.5605,0.6025,0.8159
1635067817175,-2.0918,-9.7266,2.7930,-0.5562,0.5874,0.8301
1635067817177,-2.3438,-10.4063,2.7891,-0.4487,0.6011,0.8384
1635067817190,-2.6543,-10.4531,3.0176,-0.3550,0.6260,0.8213
1635067817191,-2.8496,-9.9141,3.1113,-0.3147,0.6504,0.8130
1635067817221,-2.9063,-9.5703,3.3105,-0.3796,0.6460,0.8140
1635067817225,-2.9688,-9.5000,3.3984,-0.5659,0.6396,0.7861
1635067817228,-3.0332,-9.2891,3.4375,-0.7275,0.6396,0.7407
1635067817241,-2.8789,-9.2734,3.4355,-0.7158,0.6494,0.7129
1635067817244,-2.7910,-9.3203,3.6914,-0.5796,0.6450,0.6968
1635067817268,-2.9297,-9.2969,3.9883,-0.3284,0.6387,0.7002
1635067817271,-3.1875,-9.5234,4.2930,-0.0179,0.6299,0.7100
1635067817273,-3.4785,-9.4609,4.4531,0.2629,0.6299,0.6992
1635067817304,-3.6055,-9.0859,4.4570,0.5767,0.6299,0.6865
1635067817306,-3.6270,-9.0234,4.4570,0.9214,0.6226,0.6787
1635067817308,-3.7051,-9.0000,4.3477,1.1777,0.6396,0.6270
1635067817317,-3.9551,-8.6094,4.3398,1.3311,0.6650,0.5596
1635067817318,-4.2266,-8.1328,4.6602,1.4463,0.6567,0.5107
1635067817348,-4.4141,-7.7813,5.0000,1.5342,0.6362,0.4683
1635067817349,-4.6289,-7.4844,5.4531,1.6279,0.6128,0.4438
1635067817351,-4.8750,-7.2266,5.9297,1.7617,0.5503,0.4575
1635067817377,-5.0469,-7.2734,6.2891,1.9482,0.4641,0.5020
1635067817378,-5.1719,-7.6602,6.4297,2.1211,0.3982,0.5254
1635067817389,-5.3008,-7.8672,6.3008,2.2500,0.3811,0.5098
1635067817409,-5.4219,-7.7227,5.9883,2.2871,0.3982,0.4939
1635067817411,-5.4180,-6.9414,5.6094,2.1406,0.4280,0.4810
1635067817412,-5.2813,-5.9844,5.4570,1.8164,0.4619,0.4524
1635067817437,-5.1875,-5.3906,5.4063,1.2871,0.4854,0.4023
1635067817438,-5.1211,-5.4609,5.3789,0.6831,0.4758,0.3362
1635067817440,-4.9336,-5.8633,5.5508,0.1598,0.4429,0.2947
1635067817468,-4.5742,-6.1953,5.7148,-0.1699,0.4290,0.2896
1635067817469,-4.1914,-6.3516,5.8164,-0.3179,0.4343,0.3086
1635067817471,-3.9336,-6.4492,5.7734,-0.3838,0.4482,0.3428
1635067817500,-3.9297,-6.6992,5.6055,-0.4189,0.4568,0.3491
1635067817507,-3.9609,-6.9570,5.5078,-0.4189,0.4353,0.3447
1635067817508,-3.8613,-7.1289,5.2969,-0.3530,0.4216,0.3682
1635067817520,-3.7285,-7.3164,5.1680,-0.2125,0.4045,0.3821
1635067817522,-3.6660,-7.1367,5.2031,-0.0274,0.3875,0.3853
1635067817550,-3.8633,-6.9258,5.2852,0.1790,0.3801,0.4033
1635067817551,-4.1133,-6.8359,5.1992,0.3289,0.3706,0.4087
1635067817552,-4.2422,-6.8477,4.9102,0.4333,0.3567,0.3970
1635067817581,-4.3008,-7.0664,4.8789,0.5576,0.3247,0.3979
1635067817582,-4.3633,-7.2773,5.0625,0.6704,0.2896,0.3938
1635067817583,-4.5078,-7.1289,5.2930,0.7363,0.2854,0.3757
1635067817610,-4.6406,-6.8164,5.4063,0.7192,0.2908,0.3533
1635067817612,-4.7109,-6.6406,5.4180,0.5947,0.2886,0.3171
1635067817614,-4.7500,-6.5586,5.3320,0.4045,0.3035,0.2820
1635067817642,-4.8047,-6.7344,5.1133,0.2141,0.3013,0.2576
1635067817648,-4.7773,-6.9023,4.7891,0.0811,0.3120,0.2522
1635067817649,-4.9453,-6.8320,4.6445,0.0747,0.3237,0.2693
1635067817660,-5.0156,-6.5664,4.7969,0.2045,0.2971,0.3086
1635067817662,-5.0508,-6.4141,5.1797,0.3833,0.2747,0.3374
1635067817689,-5.1992,-6.3633,5.4297,0.4812,0.2301,0.3298
1635067817691,-5.1875,-6.2344,5.4766,0.4961,0.1918,0.3086
1635067817692,-5.0977,-6.0117,5.4453,0.3918,0.1875,0.2798
1635067817719,-5.1367,-5.8203,5.5352,0.1769,0.1588,0.2438
1635067817721,-5.0313,-6.0469,5.0859,-0.0710,0.1300,0.1991
1635067817722,-4.9961,-6.2656,4.6563,-0.2837,0.1194,0.1587
1635067817751,-5.2031,-6.8281,5.0820,-0.3284,0.0971,0.1619
1635067817753,-5.0156,-7.0313,5.1914,-0.3306,0.1248,0.1310
1635067817754,-4.8477,-6.5195,5.0703,-0.3115,0.1801,0.1225
1635067817779,-4.6055,-5.7656,4.9531,-0.2913,0.2258,0.1682
1635067817780,-4.5508,-5.0391,4.9180,-0.3860,0.2705,0.1937
1635067817782,-4.8984,-5.1016,4.6016,-0.5337,0.2705,0.1746
1635067817811,-5.3281,-6.5000,4.8672,-0.6772,0.1875,0.1353
1635067817813,-5.7969,-8.0000,4.8281,-0.5562,0.2184,0.0214
1635067817814,-6.3906,-8.3672,5.6367,-0.4478,0.2556,-0.0637
1635067817838,-6.4688,-7.4570,5.5352,-0.3711,0.2247,-0.0669
1635067817840,-6.3945,-6.6406,5.2695,-0.2859,0.1801,-0.0435
1635067817844,-6.1367,-6.5938,4.9102,-0.2360,0.1183,-0.0658
1635067817865,-6.2148,-6.6836,4.8516,-0.2157,0.0620,-0.0871
1635067817871,-7.0469,-7.5039,5.2539,-0.2561,-0.0040,-0.0945
1635067817872,-7.9023,-7.9570,5.5586,-0.3933,-0.0561,-0.1296
1635067817896,-8.4531,-7.2031,5.4336,-0.8115,-0.0572,-0.2583
1635067817897,-9.0391,-8.0859,5.1836,-1.4121,-0.1604,-0.4255
1635067817898,-9.3984,-10.0234,4.7773,-1.9395,-0.3315,-0.5498
1635067817926,-8.9531,-11.1094,4.7227,-2.0957,-0.4104,-0.6924
1635067817932,-8.3125,-10.7734,4.8906,-2.0527,-0.4041,-0.8477
1635067817934,-8.2344,-10.0938,5.1250,-2.0586,-0.4146,-1.0166
1635067817957,-8.2813,-10.2266,5.0586,-2.2363,-0.4944,-1.2158
1635067817959,-7.8359,-10.8984,4.3516,-2.4648,-0.5679,-1.4248
1635067817962,-7.2422,-10.9609,3.4902,-2.5625,-0.5654,-1.5996
1635067817990,-6.6367,-10.5234,2.9590,-2.5000,-0.5049,-1.7148
1635067817997,-6.2734,-10.1328,2.5840,-2.4961,-0.4136,-1.8281
1635067818002,-5.9219,-9.5234,2.2070,-2.6523,-0.3147,-1.9443
1635067818008,-5.0273,-9.1953,1.6660,-2.8086,-0.2434,-2.0156
1635067818012,-3.9336,-9.2578,1.3164,-2.8145,-0.1805,-2.0664
1635067818037,-2.8320,-8.9063,1.2705,-2.5957,-0.0774,-2.0586
1635067818042,-2.0293,-8.1094,1.1416,-2.2402,0.0737,-1.9951
1635067818047,-1.4668,-7.2617,0.5913,-1.9063,0.2301,-1.8965
1635067818064,-0.9478,-6.8438,-0.3159,-1.6123,0.3833,-1.7891
1635067818069,-0.2800,-6.4375,-1.1465,-1.4229,0.5396,-1.6680
1635067818077,0.3110,-5.9922,-1.7881,-1.2305,0.6973,-1.5107
1635067818083,0.7227,-5.7734,-1.9336,-1.0039,0.8706,-1.3369
1635067818109,0.8447,-5.6133,-1.6826,-0.8359,1.0605,-1.1797
1635067818115,0.7036,-5.3984,-1.1563,-0.7783,1.2129,-1.0254
1635067818121,0.5435,-5.3711,-0.6987,-0.7241,1.3330,-0.8672
1635067818128,0.3687,-5.7695,-0.3208,-0.6265,1.4355,-0.6997
1635067818152,0.2035,-6.3828,0.2969,-0.4478,1.4746,-0.5273
1635067818158,0.1986,-7.1523,0.8975,-0.1444,1.4561,-0.3904
1635067818171,0.1508,-7.9453,1.3213,0.2056,1.3945,-0.2957
1635067818176,-0.0024,-7.9531,1.3379,0.5776,1.3428,-0.2329
1635067818189,-0.2632,-7.2852,1.1699,0.9863,1.2842,-0.1733
1635067818195,-0.3542,-6.4023,0.9478,1.2588,1.2158,-0.1127
1635067818208,-0.5840,-5.5625,0.8906,1.2334,1.1729,-0.0743
1635067818216,-1.3447,-4.9570,1.0957,0.9355,1.1338,-0.0084
1635067818220,-2.4199,-5.2148,1.5342,0.4514,1.0293,0.1033
1635067818225,-3.3223,-6.2109,1.8262,-0.1509,0.8687,0.1948
1635067818238,-3.9395,-7.4219,2.4004,-0.7070,0.6729,0.2300
1635067818243,-4.1133,-8.4922,2.8906,-1.1445,0.4470,0.2576
1635067818270,-4.0898,-9.3281,2.8867,-1.4473,0.2642,0.2352
1635067818276,-4.1406,-9.9219,2.9434,-1.7021,0.0886,0.1554
1635067818281,-4.0664,-10.1719,2.8945,-1.9473,-0.1093,0.0938
1635067818289,-3.8398,-10.0234,2.8262,-2.1211,-0.2954,0.0395
1635067818292,-3.5234,-9.6875,2.6992,-2.2344,-0.4646,-0.0254
1635067818321,-3.1719,-9.5547,2.4258,-2.3145,-0.6187,-0.0722
1635067818323,-2.8672,-9.2344,2.0313,-2.4277,-0.7446,-0.0903
1635067818331,-2.5586,-8.6172,1.6729,-2.4531,-0.8711,-0.0712
1635067818339,-2.2656,-8.6406,1.6582,-2.3203,-1.0039,-0.0275
1635067818342,-2.0039,-8.9063,1.7471,-2.1426,-1.1025,-0.0297
1635067818372,-1.7520,-8.9453,1.7832,-1.8896,-1.1787,-0.0488
1635067818382,-1.4580,-8.7969,1.5918,-1.5732,-1.2686,-0.0180
1635067818386,-1.4053,-8.6094,1.4219,-1.2207,-1.3574,0.0608
1635067818394,-1.4844,-8.3125,0.9814,-0.8628,-1.4150,0.1671
1635067818400,-1.6133,-8.1172,0.3662,-0.4541,-1.4199,0.2438
1635067818414,-1.6104,-8.1406,-0.1891,-0.1157,-1.4209,0.3076
1635067818419,-1.4170,-7.8867,-1.1299,0.1300,-1.4121,0.4055
1635067818436,-1.1416,-7.7617,-2.0176,0.4375,-1.3740,0.5151
1635067818440,-0.9263,-7.9570,-2.6094,0.8130,-1.3164,0.6353
1635067818451,-0.7993,-8.1641,-2.5898,1.2148,-1.2520,0.7563
1635067818456,-0.8999,-8.2813,-2.2109,1.5469,-1.1777,0.8726
1635067818473,-1.3164,-8.5234,-1.9033,1.7227,-1.0898,0.9771
1635067818478,-2.0703,-8.7578,-1.6182,1.6309,-0.9858,1.0322
1635067818499,-2.8574,-8.8828,-1.3066,1.3340,-0.8862,1.0479
1635067818505,-3.2930,-9.0078,-1.1992,0.8950,-0.8125,1.0469
1635067818514,-3.3086,-8.8438,-1.3545,0.3735,-0.7456,1.0215
1635067818521,-3.0938,-8.0000,-2.0391,-0.1040,-0.6602,0.9980
1635067818529,-3.0156,-7.4375,-2.5664,-0.3733,-0.5869,1.0107
1635067818536,-3.2422,-7.9570,-2.6797,-0.4465,-0.5435,1.0547
1635067818551,-3.6660,-8.8516,-2.4961,-0.3201,-0.5122,1.0703
1635067818558,-4.1523,-9.5938,-2.0625,0.0321,-0.5073,1.0752
1635067818572,-4.4336,-10.3047,-1.8506,0.4663,-0.4849,1.0430
1635067818577,-4.7969,-10.7344,-1.7520,0.7417,-0.4275,0.9512
1635067818593,-5.2852,-10.4531,-1.5586,0.7813,-0.3594,0.8457
1635067818599,-5.5508,-9.8281,-1.4336,0.6938,-0.2976,0.7905
1635067818637,-5.4531,-9.1641,-1.6895,0.5522,-0.2317,0.7642
1635067818638,-5.3750,-8.9219,-1.8555,0.4385,-0.1667,0.7471
1635067818646,-5.4453,-8.7656,-1.6250,0.3662,-0.1242,0.7290
1635067818653,-5.4688,-8.4688,-1.2471,0.3567,-0.1029,0.7129
1635067818654,-5.4336,-8.2891,-0.8833,0.3853,-0.0870,0.7012
1635067818669,-5.4922,-8.2500,-0.5454,0.3567,-0.0699,0.6650
1635067818675,-5.7188,-8.4531,-0.4644,0.2396,-0.0348,0.6021
1635067818682,-5.9219,-8.6328,-0.3901,0.0279,0.0003,0.5288
1635067818688,-5.9648,-8.6797,-0.2130,-0.2200,0.0184,0.4543
1635067818693,-5.8438,-8.6797,-0.5195,-0.4446,0.0503,0.3884
1635067818722,-5.5430,-8.8359,-0.8594,-0.5508,0.0747,0.3428
1635067818726,-5.2695,-9.4688,-0.7969,-0.4167,0.0801,0.3469
1635067818731,-5.3555,-9.4219,-0.3088,-0.1295,0.0396,0.3577
1635067818739,-5.2969,-8.3750,0.3926,0.2896,-0.0189,0.3628
1635067818743,-5.2539,-7.2969,0.7373,0.5674,-0.0433,0.3777
1635067818768,-5.4219,-7.0234,0.7036,0.5322,-0.0518,0.3726
1635067818773,-5.5703,-7.5273,0.5889,0.2874,-0.0604,0.3203
1635067818780,-5.5625,-8.1016,0.4644,0.0204,-0.0593,0.2766
1635067818788,-5.4688,-8.3438,0.3589,-0.2030,-0.0370,0.2576
1635067818791,-5.3984,-8.2656,0.3088,-0.2030,-0.0370,0.2576
1635067818825,-5.1328,-7.3594,-0.3064,-0.3201,0.0354,0.2500
1635067818826,-4.9844,-7.3164,-0.3135,-0.3616,0.0417,0.2798
1635067818827,-4.9102,-7.2891,-0.3135,-0.3210,0.0535,0.3225
1635067818849,-5.1406,-7.5703,0.0024,-0.2583,0.0822,0.3181
1635067818850,-5.5742,-8.2891,0.2155,-0.3635,0.0684,0.2374
1635067818851,-5.9375,-8.7656,0.4045,-0.5562,0.0524,0.1587
1635067818879,-5.7930,-8.5391,0.5361,-0.7051,0.0120,0.1310
1635067818881,-5.2734,-8.1484,-0.0479,-0.7827,-0.0040,0.1246
1635067818881,-5.0898,-7.8984,-0.3972,-0.8433,-0.0061,0.1033
1635067818913,-5.0508,-7.9961,-0.4692,-0.9063,-0.0285,0.1097
1635067818914,-5.1328,-8.4609,-0.5215,-0.9512,-0.0295,0.1161
1635067818916,-5.3555,-8.8984,-0.5938,-1.0039,-0.0348,0.0799
1635067818943,-5.5742,-8.7969,-0.7422,-1.0918,-0.0316,0.0246
1635067818944,-5.6914,-8.2656,-0.8281,-1.2451,-0.0306,-0.0424
1635067818946,-5.6797,-7.8789,-0.8379,-1.4492,-0.0295,-0.0733
1635067818973,-5.5430,-7.7813,-0.8569,-1.5654,-0.0263,-0.0743
1635067818974,-5.2461,-7.9336,-0.9312,-1.5361,-0.0210,-0.0733
1635067818976,-5.0820,-8.0313,-0.9048,-1.4395,-0.0146,-0.0914
1635067819003,-5.0000,-7.8906,-1.0342,-1.3643,-0.0114,-0.0999
1635067819005,-5.0430,-7.9023,-1.1846,-1.3467,-0.0242,-0.0988
1635067819006,-5.0586,-8.1797,-1.3115,-1.3740,-0.0593,-0.1031
1635067819033,-5.1172,-8.1797,-1.4863,-1.3906,-0.0774,-0.1073
1635067819035,-5.1563,-7.8789,-1.6777,-1.3604,-0.0731,-0.1254
1635067819036,-5.1563,-7.6680,-1.9678,-1.3574,-0.0657,-0.1403
1635067819063,-5.0781,-7.7031,-2.0488,-1.3428,-0.0742,-0.1190
1635067819065,-4.9648,-7.9609,-2.0117,-1.2168,-0.0848,-0.0701
1635067819066,-4.8672,-8.1641,-2.0195,-0.9956,-0.0774,-0.0318
1635067819093,-4.8086,-8.0156,-1.9512,-0.7358,-0.0668,-0.0094
1635067819095,-4.7734,-7.7617,-1.9219,-0.4861,-0.0561,0.0161
1635067819096,-4.7031,-7.3945,-1.9844,-0.3157,-0.0508,0.0289
1635067819123,-4.6992,-7.2578,-2.0898,-0.2157,-0.0402,0.0384
1635067819125,-4.7617,-7.3711,-2.4336,-0.1785,-0.0210,0.0352
1635067819126,-4.9297,-7.6172,-2.6465,-0.1732,-0.0061,0.0416
1635067819153,-5.0586,-7.5430,-2.8379,-0.1785,0.0045,0.0491
1635067819155,-5.0664,-7.2344,-2.7715,-0.1625,0.0120,0.0533
1635067819157,-5.1914,-7.2344,-2.4121,-0.1753,0.0077,0.0544
1635067819187,-5.2422,-7.5625,-2.0117,-0.2742,-0.0295,0.0299
1635067819189,-5.1523,-7.7578,-1.8936,-0.3413,-0.0901,0.0161
1635067819190,-5.1484,-7.6523,-1.7188,-0.2786,-0.1465,0.0512
1635067819216,-5.2188,-7.5313,-1.6924,-0.1040,-0.1816,0.0714
1635067819218,-5.2461,-7.5273,-1.9004,0.1226,-0.1954,0.0778
1635067819220,-5.1172,-7.5703,-2.2715,0.3621,-0.1805,0.0873
1635067819245,-5.0469,-7.0781,-2.6523,0.5332,-0.1295,0.0969
1635067819247,-5.1797,-6.9609,-2.6523,0.6792,-0.0891,0.1362
1635067819249,-5.1641,-6.9648,-2.4629,0.7554,-0.0721,0.1565
1635067819271,-5.2539,-6.7266,-2.1152,0.8101,-0.0508,0.1565
1635067819272,-5.6680,-7.3672,-1.5537,0.8735,-0.0433,0.1437
1635067819273,-5.9258,-8.1719,-1.6611,0.9653,-0.0455,0.1416
1635067819301,-6.5938,-8.6719,-1.7354,1.0693,-0.0051,0.1002
1635067819302,-7.6133,-8.8047,-1.6396,1.0938,0.0482,0.0225
1635067819303,-8.3828,-8.8281,-1.3428,0.9780,0.0811,-0.0754
1635067819333,-8.5078,-8.5313,-1.3477,0.7129,0.1099,-0.2244
1635067819335,-8.2813,-8.3750,-1.8359,0.3918,0.1523,-0.3691
1635067819336,-7.9961,-8.7344,-2.5371,0.0609,0.2087,-0.5073
1635067819363,-7.7539,-9.3984,-2.8672,-0.1667,0.2693,-0.6401
1635067819365,-7.8398,-10.1719,-2.9824,-0.1550,0.3503,-0.7607
1635067819367,-8.2344,-10.6016,-2.8320,-0.0402,0.4375,-0.9033
1635067819393,-8.8516,-10.6328,-2.4863,0.0406,0.5269,-1.0674
1635067819395,-9.1563,-10.3828,-2.5156,0.0194,0.6108,-1.2178
1635067819397,-9.1094,-9.6875,-2.5195,-0.1051,0.7065,-1.3682
1635067819423,-8.7188,-9.0625,-2.5352,-0.2773,0.7974,-1.4619
1635067819425,-7.9023,-8.8906,-2.4824,-0.4392,0.8535,-1.5400
1635067819426,-6.8281,-9.0938,-2.6855,-0.5293,0.8984,-1.5889
1635067819453,-6.0234,-9.2578,-3.1719,-0.5752,0.9634,-1.5957
1635067819455,-5.4141,-8.9453,-3.5371,-0.5825,1.0469,-1.5615
1635067819457,-4.7109,-8.3438,-4.2930,-0.5425,1.1416,-1.5195
1635067819483,-4.2344,-7.7930,-4.1406,-0.4744,1.2354,-1.4795
1635067819485,-3.7285,-7.3516,-3.5645,-0.3604,1.2988,-1.3896
1635067819487,-2.8867,-7.2891,-2.9590,-0.1658,1.2998,-1.2852
1635067819513,-1.9727,-7.2227,-2.7695,0.1098,1.2939,-1.1797
1635067819515,-1.1611,-7.1680,-3.2051,0.4844,1.2988,-1.0586
1635067819517,-0.4619,-7.2305,-3.4102,0.8843,1.2969,-0.9126
1635067819543,0.1891,-7.0859,-3.3301,1.2510,1.3184,-0.7593
1635067819545,0.5386,-6.8398,-3.7129,1.5752,1.3818,-0.6104
1635067819547,0.6367,-6.8008,-3.6953,1.7832,1.4102,-0.4658
1635067819573,0.6938,-6.5703,-2.8887,1.8623,1.4111,-0.3286
1635067819575,0.6318,-6.2422,-2.0645,1.8418,1.4111,-0.2158
1635067819577,0.4189,-5.7617,-0.6724,1.6406,1.3594,-0.1445
1635067819603,0.2585,-5.0625,0.6699,1.2734,1.2695,-0.0765
1635067819605,0.2944,-4.2930,1.1914,0.8037,1.1475,-0.0094
1635067819607,0.1891,-3.9609,1.0957,0.3342,1.0195,0.0661
1635067819633,-0.1388,-4.0820,0.6367,-0.1030,0.8940,0.1736
1635067819635,-0.3374,-4.7617,-0.2369,-0.4231,0.7622,0.2321
1635067819637,-0.5288,-6.1875,-0.6963,-0.5244,0.6279,0.2363
1635067819664,-0.9023,-7.8984,-0.4883,-0.4807,0.4790,0.2395
1635067819665,-1.2686,-8.9844,-0.0958,-0.4253,0.3174,0.2384
1635067819667,-1.5225,-9.2656,0.3398,-0.4158,0.1566,0.2278
1635067819696,-1.7188,-8.8984,0.7661,-0.5200,-0.0157,0.2043
1635067819698,-1.8789,-8.1875,0.8545,-0.7891,-0.1902,0.1937
1635067819700,-2.0918,-7.8867,0.6436,-1.1465,-0.3540,0.1969
1635067819725,-2.2520,-7.9336,0.4260,-1.5400,-0.5049,0.1980
1635067819726,-2.5273,-8.1172,-0.1149,-1.9004,-0.6157,0.1565
1635067819728,-2.8027,-8.5547,-0.7422,-2.1445,-0.7124,0.0703
1635067819756,-2.8066,-9.2500,-0.9312,-2.2754,-0.8198,0.0054
1635067819758,-2.5742,-9.5313,-1.0576,-2.3086,-0.9170,-0.0190
1635067819760,-2.2559,-9.5625,-1.4600,-2.0703,-1.0059,-0.0275
1635067819785,-1.9434,-9.7344,-1.8477,-1.5059,-1.0879,-0.0094
1635067819787,-1.7070,-9.6484,-1.9648,-0.7603,-1.1387,0.0544
1635067819789,-1.6299,-9.4219,-2.2969,0.0587,-1.1670,0.1405
1635067819811,-1.6016,-9.2734,-2.7578,0.8066,-1.1689,0.2214
1635067819812,-1.8242,-8.7734,-3.0566,1.3477,-1.1006,0.3181
1635067819813,-2.1699,-7.8516,-3.1387,1.7891,-1.0107,0.4321
1635067819841,-2.5781,-7.1094,-2.8477,2.2266,-0.9487,0.5703
1635067819842,-2.9707,-6.7422,-2.4199,3.0820,-0.7500,0.8394
1635067819843,-3.5234,-7.0117,-2.0000,3.6191,-0.7007,0.9185
1635067819874,-3.6797,-8.6797,-1.3496,4.1641,-0.6870,1.0156
1635067819875,-3.5273,-9.3359,-1.2471,4.6602,-0.6367,1.1055
1635067819877,-3.5781,-9.6172,-1.2490,4.9609,-0.5103,1.1182
1635067819904,-3.6836,-9.0938,-1.2256,4.9844,-0.3508,1.0732
1635067819905,-3.8203,-8.5391,-1.1533,4.8320,-0.1796,1.0439
1635067819907,-4.1445,-8.6641,-0.6318,4.5430,-0.0199,0.9961
1635067819934,-4.4922,-8.9844,0.2727,4.1328,0.0917,0.9448
1635067819935,-4.7383,-9.3359,0.9287,3.8535,0.1417,0.9121
1635067819937,-4.7656,-9.5469,1.5459,3.8320,0.1545,0.8833
1635067819964,-4.6992,-9.6563,1.8887,3.9688,0.1981,0.8213
1635067819965,-4.7773,-9.8672,2.1289,4.0781,0.2396,0.7471
1635067819967,-4.9570,-9.9375,2.2754,4.0742,0.2598,0.6704
1635067819994,-5.0938,-9.5234,2.4980,3.9570,0.2810,0.5767
1635067819996,-5.1875,-8.7188,2.9629,3.7129,0.2939,0.5088
1635067819997,-5.1914,-8.2422,3.4531,3.3555,0.2842,0.4426
1635067820024,-5.2461,-8.0469,3.5352,2.9414,0.2908,0.3596
1635067820025,-5.3789,-8.1328,3.4648,2.6133,0.2993,0.3203
1635067820027,-5.3438,-8.2969,3.7441,2.4609,0.2842,0.3140
1635067820054,-5.1211,-7.9453,3.8672,2.4336,0.3035,0.3140
1635067820055,-5.1602,-7.2891,4.0117,2.4395,0.3193,0.3311
1635067820057,-5.3242,-6.6133,4.3711,2.3105,0.3120,0.3298
1635067820084,-5.4844,-5.9648,4.6641,1.9443,0.2993,0.2927
1635067820086,-5.7383,-5.6641,4.9102,1.4160,0.2512,0.2384
1635067820088,-5.8359,-6.1289,4.7695,0.8535,0.1949,0.1799
1635067820114,-5.8984,-6.9609,4.5703,0.4172,0.1503,0.1161
1635067820115,-5.6953,-7.5313,4.3945,0.2450,0.1003,0.0938
1635067820117,-5.3320,-7.4648,4.5234,0.3418,0.1322,0.1140
1635067820144,-5.2070,-6.8047,5.0000,0.5693,0.1981,0.1533
1635067820145,-5.1523,-6.0586,5.1367,0.7427,0.2407,0.1885
1635067820147,-5.2500,-5.7227,5.0938,0.7993,0.2365,0.2235
1635067820172,-5.2500,-5.6406,5.1680,0.7588,0.2056,0.2352
1635067820179,-5.1641,-5.3125,5.4141,0.6323,0.2003,0.2214
1635067820181,-5.1641,-4.9453,5.4805,0.3982,0.1949,0.2043
1635067820192,-5.2188,-4.9883,5.0977,0.1024,0.1981,0.2002
1635067820194,-5.6953,-5.7148,4.8984,-0.2328,0.2035,0.1362
1635067820224,-5.9258,-7.1016,4.7852,-0.4775,0.1641,0.0714
1635067820226,-5.4453,-7.4492,4.8672,-0.4880,0.1577,0.0597
1635067820227,-5.0039,-6.6914,5.1641,-0.3169,0.2067,0.0873
1635067820254,-5.4297,-6.0898,5.3828,-0.2413,0.2279,0.0959
1635067820256,-5.8984,-6.4141,5.6250,-0.3179,0.1534,0.0895
1635067820257,-5.7539,-6.7656,5.8047,-0.3977,0.0768,0.0597
1635067820286,-5.4648,-7.1133,5.6133,-0.3499,0.0460,0.0448
1635067820288,-5.0898,-7.0000,5.0156,-0.2455,0.0567,0.0342
1635067820290,-4.9688,-6.2227,4.6758,-0.1816,0.1013,0.0320
1635067820314,-5.3086,-5.8281,4.7188,-0.2434,0.0992,0.0320
1635067820315,-5.6992,-6.1055,4.8047,-0.3828,0.0588,0.0012
1635067820317,-5.8398,-6.7500,5.0156,-0.4763,0.0226,-0.0243
1635067820342,-5.8125,-7.2031,5.0742,-0.4595,0.0194,-0.0446
1635067820343,-5.8398,-7.1563,5.2383,-0.3328,0.0258,-0.0499
1635067820344,-5.8594,-6.6016,5.4063,-0.2030,0.0322,-0.0499
1635067820373,-6.0117,-6.2695,5.5195,-0.1625,0.0120,-0.0584
1635067820375,-6.2344,-6.4258,5.3984,-0.1987,-0.0338,-0.0712
1635067820376,-6.3242,-6.7383,5.4375,-0.3052,-0.0625,-0.0978
1635067820404,-6.6289,-6.9336,5.5664,-0.4722,-0.1040,-0.1488
1635067820406,-7.0195,-7.2891,4.9375,-0.5425,-0.1381,-0.1733
1635067820407,-7.3828,-7.9258,5.2344,-0.6294,-0.1785,-0.2126
1635067820434,-7.6602,-8.0391,5.4297,-0.8096,-0.2114,-0.3413
1635067820436,-7.9258,-8.0156,5.2539,-1.0234,-0.2751,-0.4617
1635067820437,-7.7969,-8.0156,5.2813,-1.2305,-0.3647,-0.5894
1635067820464,-7.4609,-8.2969,5.2656,-1.4453,-0.4478,-0.7256
1635067820466,-7.1719,-8.8203,5.0508,-1.6494,-0.4998,-0.8604
1635067820467,-7.0781,-9.3516,4.7656,-1.8232,-0.5273,-0.9917
1635067820494,-6.9414,-9.2422,4.4922,-2.0039,-0.5273,-1.0898
1635067820496,-6.6445,-8.9922,4.1563,-2.2051,-0.5166,-1.1885
1635067820498,-6.3906,-8.9844,3.5449,-2.4766,-0.4988,-1.3252
1635067820524,-5.9570,-8.9375,3.0195,-2.7578,-0.4744,-1.4551
1635067820526,-5.4297,-8.8125,2.7832,-2.9805,-0.4253,-1.5615
1635067820527,-4.8516,-8.4531,2.8496,-3.1699,-0.3689,-1.6406
1635067820553,-4.3594,-8.4063,2.7012,-3.2520,-0.3071,-1.6582
1635067820554,-3.8672,-8.5313,2.2852,-3.1816,-0.2295,-1.6699
1635067820555,-3.1563,-8.4531,1.4619,-2.9063,-0.1179,-1.6592
1635067820582,-2.5977,-8.5391,0.6509,-2.4375,-0.0008,-1.6152
1635067820583,-2.2012,-8.8359,0.0431,-1.9521,0.1056,-1.5762
1635067820583,-1.6611,-8.7656,-0.6460,-1.5225,0.2439,-1.5332
1635067820613,-1.2490,-8.1797,-0.7876,-1.1230,0.3992,-1.4482
1635067820614,-0.9502,-7.1289,-0.5146,-0.8711,0.5366,-1.3154
1635067820616,-0.7275,-6.2695,-0.1268,-0.8223,0.6558,-1.1572
1635067820643,-0.7202,-5.7266,0.5337,-0.9404,0.7417,-0.9966
1635067820649,-0.6367,-5.6680,0.6128,-1.0977,0.8154,-0.8179
1635067820656,-0.6152,-6.3086,0.5361,-1.1104,0.8735,-0.6563
1635067820701,-0.6772,-7.4492,0.5000,-0.8765,0.9121,-0.5010
1635067820702,-0.7349,-8.4375,0.4475,-0.3625,0.9336,-0.3467
1635067820707,-0.6821,-8.6328,0.5552,0.3140,0.9150,-0.2169
1635067820715,-0.5171,-7.8281,0.8232,0.9482,0.9048,-0.1328
1635067820720,-0.4500,-6.1758,1.2803,1.2139,0.9033,-0.0786
1635067820727,-0.5840,-4.5703,1.7832,1.0576,0.8833,-0.0297
1635067820731,-0.8232,-3.3945,2.1660,0.5938,0.8086,0.0214
1635067820742,-1.0430,-3.0137,2.4629,0.0194,0.6982,0.1140
1635067820746,-1.4531,-3.9141,2.5449,-0.6030,0.5845,0.2151
1635067820754,-2.0176,-6.1289,2.5000,-1.1123,0.4204,0.2576
1635067820762,-2.2344,-8.1641,2.2227,-1.4404,0.2450,0.2810
1635067820775,-2.4219,-9.4375,2.1289,-1.4922,0.0928,0.3032
1635067820780,-2.6523,-10.0938,2.4336,-1.4326,-0.0583,0.3257
1635067820794,-2.8262,-9.8359,2.7637,-1.3916,-0.2146,0.3352
1635067820799,-2.8008,-9.1953,2.7168,-1.3262,-0.3647,0.3469
1635067820813,-2.7285,-8.7891,2.6582,-1.3096,-0.4944,0.3330
1635067820818,-2.5820,-8.2188,2.6250,-1.4404,-0.6060,0.2842
1635067820833,-2.4785,-8.0703,2.3184,-1.6328,-0.6997,0.2554
1635067820841,-2.5566,-8.6406,1.8027,-1.8223,-0.7783,0.2161
1635067820854,-2.4961,-9.3828,1.6064,-1.9883,-0.8945,0.1619
1635067820862,-2.1074,-9.8984,1.7109,-1.9990,-0.9849,0.1533
1635067820874,-1.8887,-9.8906,2.0938,-1.3350,-1.0879,0.2585
1635067820879,-1.8066,-9.3281,2.4043,-1.3350,-1.0879,0.2585
1635067820895,-1.5674,-8.1250,1.0791,-0.2795,-1.1836,0.4299
1635067820900,-1.4453,-8.0625,0.2751,0.2119,-1.2158,0.5269
1635067820913,-1.4404,-8.0703,-0.3589,0.6035,-1.2080,0.6470
1635067820923,-1.5918,-8.2891,-0.8018,0.9204,-1.1338,0.7651
1635067820933,-2.0527,-8.8047,-0.5938,1.1836,-1.0527,0.8735
1635067820941,-2.7695,-9.2891,-0.0814,1.3730,-0.9893,0.9736
1635067820954,-3.4688,-9.8516,0.4260,1.5088,-0.9253,1.0586
1635067820959,-4.0313,-10.2422,0.5864,1.6074,-0.8784,1.1133
1635067820976,-4.2891,-10.2969,0.2896,1.6855,-0.8359,1.1211
1635067820981,-4.2969,-9.9063,-0.1340,1.6191,-0.7744,1.0918
1635067820994,-4.1055,-8.8281,-0.7466,1.2979,-0.6753,1.0586
1635067820999,-3.9160,-7.2539,-1.2061,0.7153,-0.5591,1.0313
1635067821012,-4.0859,-6.6523,-1.3379,-0.0636,-0.4443,1.0049
1635067821018,-4.6289,-7.5039,-1.6064,-0.9585,-0.3423,0.9287
1635067821045,-5.2227,-9.2188,-1.8809,-1.6963,-0.2827,0.8140
1635067821055,-5.4844,-10.7031,-1.8066,-2.0313,-0.2369,0.7100
1635067821062,-5.5938,-11.2813,-1.3760,-1.9268,-0.2008,0.6396
1635067821074,-5.5820,-11.2734,-0.6152,-1.4707,-0.2094,0.5918
1635067821079,-5.4961,-10.5938,0.0551,-0.9614,-0.2466,0.5332
1635067821089,-5.4258,-9.4844,0.1460,-0.5698,-0.2764,0.4958
1635067821094,-5.3789,-8.8359,-0.2656,-0.2869,-0.3083,0.4736
1635067821105,-5.2539,-8.3047,-0.7876,-0.1243,-0.3125,0.4226
1635067821109,-5.1680,-7.8008,-1.4385,-0.0444,-0.2603,0.3745
1635067821125,-5.2383,-7.7656,-1.8672,-0.0274,-0.1785,0.3491
1635067821129,-5.3672,-8.0469,-2.0625,-0.0402,-0.0721,0.3054
1635067821146,-5.6016,-8.5391,-1.8857,0.0087,0.0450,0.2798
1635067821156,-5.8672,-9.0391,-0.9648,0.1545,0.1109,0.2820
1635067821177,-5.9531,-9.0625,-0.2512,0.4248,0.1492,0.2671
1635067821178,-5.8984,-8.7266,0.2346,0.6802,0.1534,0.2500
1635067821194,-5.6680,-8.2734,0.6030,0.8940,0.1173,0.2406
1635067821205,-5.3906,-7.9102,0.5957,1.0186,0.0960,0.2310
1635067821211,-5.3008,-7.6094,0.4858,0.9844,0.0907,0.2267
1635067821214,-5.3008,-7.1602,0.3015,0.8066,0.1088,0.2183
1635067821217,-5.2617,-6.8945,-0.1866,0.6045,0.1790,0.2172
1635067821243,-5.2539,-7.1055,-0.5361,0.3833,0.2365,0.2108
1635067821244,-5.1680,-7.4883,-0.4236,0.2013,0.2629,0.2054
1635067821245,-5.1484,-7.8047,-0.3901,0.1758,0.2959,0.2076
1635067821276,-5.2344,-8.3359,0.1005,0.3757,0.2588,0.2374
1635067821278,-5.1367,-8.5859,0.9097,0.7129,0.1812,0.2693
1635067821279,-4.9883,-7.9336,1.3857,1.0420,0.1279,0.2820
1635067821306,-5.1406,-7.2773,1.7305,1.1250,0.1141,0.2512
1635067821308,-5.6211,-7.7070,1.6846,0.8438,0.0737,0.1650
1635067821310,-5.8359,-8.5234,1.4102,0.3960,-0.0029,0.1044
1635067821337,-5.6406,-8.5703,1.0742,0.1098,-0.0285,0.0703
1635067821338,-5.3125,-8.4844,0.9385,-0.0285,-0.0295,0.0427
1635067821340,-5.2383,-8.1484,0.7300,-0.1444,-0.0104,0.0289
1635067821367,-5.2539,-7.9570,0.8066,-0.2242,0.0024,0.0267
1635067821368,-5.1484,-8.0781,1.0820,-0.2656,-0.0168,0.0363
1635067821370,-5.1367,-8.4375,1.4287,-0.2168,-0.0285,0.0608
1635067821397,-5.1133,-8.5234,1.7354,-0.1008,-0.0476,0.0671
1635067821398,-4.4023,-7.2539,1.1348,0.0545,-0.0465,0.0810
1635067821400,-4.1914,-6.0820,0.5146,0.1661,0.0301,0.1022
1635067821427,-5.1250,-7.3242,0.5410,-0.0391,0.0428,0.0352
1635067821428,-5.3984,-9.2891,0.0072,-0.1125,-0.0136,0.0342
1635067821430,-5.5703,-10.4844,0.3064,0.3130,-0.0370,0.1108
1635067821457,-5.5391,-9.7734,1.2207,0.7920,-0.0476,0.0618
1635067821459,-5.6133,-8.0391,1.6729,0.9653,-0.0253,-0.0041
1635067821460,-5.6172,-7.0586,1.5723,0.7803,-0.0178,-0.0105
1635067821487,-5.2734,-7.1094,1.2324,0.4194,-0.0402,-0.0105
1635067821489,-4.7656,-7.5938,1.0869,0.0992,-0.0476,-0.0371
1635067821490,-4.6250,-7.6133,1.1895,-0.1232,-0.0348,-0.0616
1635067821517,-5.1953,-7.7734,1.5625,-0.1423,-0.0178,-0.0541
1635067821519,-5.0547,-7.0508,1.0508,0.0981,-0.0168,0.0193
1635067821521,-4.9648,-6.8086,1.2256,0.4482,0.0258,0.0001
1635067821547,-5.4492,-7.3867,1.1875,0.3928,-0.0253,-0.0648
1635067821549,-5.6406,-7.9258,1.0410,0.5566,-0.0817,-0.0009
1635067821551,-5.5586,-8.2969,1.4502,0.8716,-0.1168,0.0873
1635067821577,-5.5703,-7.9570,1.5029,0.9800,-0.0668,-0.0041
1635067821579,-6.0156,-7.1484,1.2803,0.7983,-0.0178,-0.0286
1635067821581,-6.0156,-6.7539,1.4932,0.5864,-0.0306,0.0289
1635067821607,-5.7070,-6.4922,1.5752,0.3757,-0.0412,0.0023
1635067821609,-5.6563,-6.7813,1.7158,0.1672,-0.0593,-0.0169
1635067821611,-5.7734,-7.3945,1.8115,0.0832,-0.1157,0.0150
1635067821637,-5.7305,-7.8398,1.6611,0.1396,-0.1625,0.0289
1635067821639,-5.4453,-7.7539,1.4580,0.2556,-0.1838,0.0491
1635067821641,-5.0938,-7.5117,1.2041,0.3875,-0.1902,0.0969
1635067821668,-5.0039,-7.4336,1.7109,0.3918,-0.1710,0.1044
1635067821670,-5.6133,-6.8945,2.1875,0.1396,-0.1370,0.0501
1635067821672,-5.9297,-7.1563,1.7451,-0.1487,-0.1498,0.0969
1635067821704,-5.9844,-7.8398,1.7285,-0.3743,-0.1774,0.1044
1635067821707,-6.0898,-8.6875,1.6729,-0.4731,-0.1742,0.0118
1635067821710,-6.3281,-8.9453,1.6875,-0.4924,-0.1721,-0.0988
1635067821733,-6.2773,-8.4063,1.7520,-0.5200,-0.1965,-0.1434
1635067821735,-5.9609,-8.3203,1.5703,-0.5264,-0.2114,-0.1531
1635067821737,-5.6016,-8.6484,1.4746,-0.4700,-0.2263,-0.1924
1635067821757,-5.3672,-8.9375,1.5059,-0.3252,-0.2349,-0.2223
1635067821760,-5.1914,-8.9688,1.5010,-0.1274,-0.2189,-0.2489
1635067821772,-5.0508,-8.7656,1.4863,0.0056,-0.1805,-0.2935
1635067821780,-5.0977,-8.4531,1.5439,-0.1785,-0.1146,-0.3489
1635067821805,-5.3359,-8.3438,1.5439,-0.1785,-0.1146,-0.3489
1635067821807,-5.6758,-8.5234,1.3525,-0.6953,-0.0402,-0.4478
1635067821810,-6.3555,-8.7500,0.9048,-0.9028,-0.0210,-0.5093
1635067821811,-6.4844,-9.3594,0.6196,-1.0732,0.0056,-0.6030
1635067821839,-6.6523,-9.7656,0.6392,-1.1533,0.0396,-0.7139
1635067821842,-6.7188,-10.4609,0.6436,-1.1396,0.0694,-0.8022
1635067821844,-6.8398,-10.9297,0.6680,-1.1172,0.1226,-0.9502
1635067821864,-6.8477,-11.0469,0.5625,-1.0898,0.1726,-1.0850
1635067821873,-6.6367,-11.1406,0.1843,-1.1084,0.2238,-1.2178
1635067821884,-6.4102,-10.8594,-0.2394,-1.2158,0.2854,-1.3701
1635067821891,-6.0469,-10.4063,-0.3567,-1.3262,0.3291,-1.4844
1635067821897,-5.4727,-10.0234,-0.6963,-1.4287,0.3865,-1.5430
1635067821904,-4.9180,-9.6484,-0.9956,-1.4648,0.4685,-1.5586
1635067821909,-4.2891,-9.0547,-1.1943,-1.4229,0.5376,-1.5078
1635067821936,-3.6426,-8.8438,-1.9150,-1.3057,0.6333,-1.4678
1635067821941,-2.9766,-9.0078,-2.4395,-1.0146,0.7344,-1.4746
1635067821945,-2.3008,-9.0078,-3.1094,-0.5806,0.8618,-1.4111
1635067821957,-1.8555,-9.1328,-3.2344,-0.0147,0.9824,-1.3213
1635067821962,-1.6182,-8.9063,-2.6191,0.5439,1.0723,-1.2598
1635067821985,-1.4932,-8.2266,-1.8262,0.9697,1.1738,-1.1689
1635067821987,-1.3691,-7.5352,-1.3281,1.2021,1.2510,-1.0400
1635067822005,-1.0098,-6.6836,-0.9717,1.2285,1.2754,-0.9458
1635067822009,-0.5674,-5.7813,-0.7876,1.1387,1.3018,-0.8223
1635067822014,-0.2751,-5.3164,-0.6343,0.9888,1.3301,-0.6519
1635067822025,-0.1436,-5.4453,-0.4548,0.8599,1.3555,-0.4968
1635067822030,-0.2369,-6.2031,-0.2466,0.8140,1.3760,-0.3669
1635067822054,-0.4907,-7.1289,0.2847,0.8823,1.3369,-0.2318
1635067822058,-0.6582,-7.9844,0.7681,1.1221,1.2500,-0.0999
1635067822062,-0.7300,-7.9844,0.7900,1.5059,1.1563,-0.0222
1635067822084,-0.6699,-7.0430,1.1387,1.9492,1.0586,0.0331
1635067822090,-0.6846,-6.1758,1.7207,2.2539,0.9800,0.0884
1635067822094,-0.9551,-5.2227,2.2500,2.2422,0.8896,0.1086
1635067822104,-1.1699,-4.1914,2.7754,2.0176,0.7705,0.1405
1635067822108,-1.3096,-3.6758,2.9395,1.5928,0.6729,0.2183
1635067822134,-1.7881,-4.4844,3.0996,0.9863,0.5620,0.2756
1635067822138,-2.3242,-6.2500,3.2500,0.2439,0.4087,0.2766
1635067822142,-2.7148,-7.7656,3.3887,-0.4285,0.2247,0.2607
1635067822164,-2.9121,-8.9609,3.2207,-0.9233,0.0598,0.2734
1635067822167,-3.0586,-9.4922,2.9707,-1.3213,-0.0933,0.2469
1635067822170,-3.0996,-9.7422,2.9707,-1.5977,-0.2805,0.1906
1635067822194,-2.9629,-9.9688,2.8027,-1.7910,-0.4731,0.1256
1635067822197,-2.7637,-10.0547,2.5176,-1.9746,-0.6104,0.0661
1635067822201,-2.6875,-9.9609,2.3770,-2.2031,-0.7017,0.0310
1635067822224,-2.6836,-9.8203,2.0742,-2.4941,-0.7925,-0.0190
1635067822227,-2.6523,-9.7734,2.0371,-2.8164,-0.8926,-0.0945
1635067822230,-2.5410,-9.6094,2.3789,-3.1621,-1.0010,-0.1733
1635067822254,-2.3711,-9.5859,2.2109,-3.4238,-1.0801,-0.2350
1635067822257,-2.2012,-10.3516,1.5508,-3.3418,-1.1729,-0.2668
1635067822260,-1.8887,-11.3750,0.9624,-2.8242,-1.2539,-0.3232
1635067822284,-1.5195,-11.4766,0.3088,-1.9561,-1.2891,-0.3850
1635067822287,-1.2227,-10.8203,-0.2441,-0.9170,-1.3037,-0.3923
1635067822291,-1.0000,-9.7031,-0.5264,-0.0093,-1.3086,-0.3574
1635067822316,-0.7969,-8.3594,-1.0527,0.6055,-1.2930,-0.2817
1635067822321,-0.5239,-7.5078,-1.5752,0.8984,-1.2617,-0.1765
1635067822326,-0.2537,-6.8945,-2.0645,0.8174,-1.2021,-0.0531
1635067822336,-0.2561,-6.5313,-2.3301,0.5459,-1.1084,0.1108
1635067822341,-0.7563,-6.8125,-0.7422,0.3333,-1.0469,0.2469
1635067822366,-1.5361,-6.9766,1.9551,0.0226,-1.0625,0.3789
1635067822371,-2.3477,-7.3789,2.2188,-0.2423,-1.1299,0.5586
1635067822376,-3.1406,-8.6172,1.0645,-0.1764,-1.1709,0.6021
1635067822386,-3.6797,-10.1406,-0.0191,0.1438,-1.2178,0.5469
1635067822396,-3.4844,-10.8359,-1.1797,0.6694,-1.2529,0.5044
1635067822419,-2.9531,-10.6797,-1.7930,1.3350,-1.2090,0.4971
1635067822422,-2.5195,-9.9141,-2.3887,2.0078,-1.0664,0.5151
1635067822424,-2.4570,-9.3594,-2.4863,2.5293,-0.9136,0.5552
1635067822449,-2.6875,-9.2578,-2.3770,2.8027,-0.7700,0.6162
1635067822452,-3.0684,-8.8984,-2.3809,2.7715,-0.6006,0.6875
1635067822453,-3.4961,-8.4766,-2.1367,2.5977,-0.4595,0.7876
1635067822480,-3.7715,-8.5000,-1.6367,2.4707,-0.3765,0.8735
1635067822482,-4.0625,-8.8438,-0.6436,2.3984,-0.3198,0.9204
1635067822483,-4.5000,-9.0313,0.7515,2.3926,-0.2688,0.9512
1635067822512,-4.8672,-8.8594,1.4102,2.4648,-0.2179,0.9717
1635067822514,-4.8711,-8.3359,1.2109,2.5820,-0.1572,0.9673
1635067822516,-4.5352,-7.6250,0.7490,2.7070,-0.0848,0.9214
1635067822542,-4.1055,-7.1055,0.2035,2.7754,0.0098,0.8887
1635067822544,-4.0195,-7.4766,-0.0120,2.8047,0.1024,0.8843
1635067822546,-4.3516,-8.7500,0.0790,2.8398,0.1864,0.8872
1635067822568,-4.9023,-9.6328,0.5313,2.8379,0.2971,0.8628
1635067822569,-5.4141,-9.6328,0.9814,2.7617,0.4343,0.7993
1635067822570,-5.8242,-8.8203,1.3379,2.5410,0.5596,0.7100
1635067822598,-5.9297,-7.6680,1.8213,2.1172,0.6479,0.6245
1635067822599,-5.7383,-6.6680,2.3164,1.5322,0.6895,0.5503
1635067822600,-5.4180,-6.3086,2.8066,0.9419,0.6875,0.4854
1635067822630,-5.1875,-6.5430,2.9551,0.4812,0.6748,0.4385
1635067822632,-5.1172,-7.2383,2.9844,0.2693,0.6377,0.4299
1635067822634,-5.2500,-8.0469,3.1758,0.3206,0.5684,0.4268
1635067822660,-5.4492,-8.6563,3.5684,0.5386,0.4897,0.4097
1635067822662,-5.7578,-8.6250,4.1836,0.7725,0.4141,0.3821
1635067822664,-5.9727,-8.1641,4.8320,0.9321,0.3269,0.3362
1635067822693,-5.9531,-7.7305,4.7969,0.9629,0.2747,0.3118
1635067822697,-5.4414,-7.3281,4.3555,0.9463,0.2396,0.2246
1635067822699,-5.0820,-7.0508,4.0117,0.9971,0.2544,0.2108
1635067822721,-5.0703,-6.9883,3.8418,1.0742,0.2791,0.2310
1635067822723,-5.1641,-6.8906,4.0664,1.1533,0.2832,0.2438
1635067822724,-5.1992,-6.4453,4.3086,1.1738,0.3088,0.2449
1635067822751,-5.3789,-5.7188,4.5039,1.0586,0.3408,0.2183
1635067822752,-5.9414,-5.0313,5.1992,0.6973,0.3535,0.1874
1635067822754,-7.0508,-6.7383,5.8789,0.1704,0.2471,0.0980
1635067822781,-7.1406,-8.8906,5.2383,-0.2539,0.0747,-0.0435
1635067822782,-6.2383,-9.8438,4.4297,0.0066,-0.0295,-0.0435
1635067822784,-5.3789,-9.6563,4.4727,0.7139,0.0109,-0.0275
1635067822811,-5.6016,-8.5078,5.7070,1.3574,0.0609,-0.0563
1635067822812,-5.1953,-6.4141,5.5000,1.7305,0.1003,-0.0243
1635067822814,-4.9336,-4.7500,4.9688,1.6455,0.1886,-0.0169
1635067822841,-5.4375,-5.8008,4.6758,1.1143,0.1268,-0.1285
1635067822843,-5.1875,-6.9180,4.3438,0.6143,0.0471,-0.1978
1635067822844,-4.7695,-7.2578,4.1641,0.5620,0.1237,-0.1499
1635067822871,-4.6016,-6.8477,4.2461,0.6206,0.2344,-0.1946
1635067822873,-4.6602,-6.1445,4.6016,0.6035,0.3130,-0.1871
1635067822875,-4.5938,-5.5898,4.3555,0.4663,0.3789,-0.1350
1635067822907,-4.9141,-5.6250,4.5625,0.2607,0.3938,-0.1339
1635067822909,-5.5000,-6.2344,5.2852,-0.0232,0.3088,-0.1296
1635067822911,-5.2695,-6.2461,5.7891,-0.2200,0.2238,-0.1583
1635067822919,-5.0898,-6.4844,5.9922,-0.2688,0.1843,-0.2137
1635067822920,-4.9102,-6.6055,5.8086,-0.2339,0.1268,-0.2244
1635067822948,-4.8867,-6.5430,5.8047,-0.0838,0.0833,-0.1563
1635067822950,-5.0625,-6.1094,5.5703,-0.0370,0.0768,-0.1350
1635067822951,-5.2930,-5.3984,5.1289,-0.2136,0.0662,-0.1488
1635067822979,-5.5469,-4.7578,4.7227,-0.5508,0.0417,-0.1201
1635067822980,-5.9609,-5.0586,4.5273,-0.9233,-0.0285,-0.0871
1635067822982,-6.6523,-6.3555,4.4023,-1.2168,-0.1083,-0.1116
1635067823011,-7.0234,-7.3398,4.5703,-1.3643,-0.1539,-0.1425
1635067823013,-7.4336,-7.4648,5.0234,-1.5244,-0.1710,-0.2169
1635067823015,-7.7305,-7.3594,5.5547,-1.7783,-0.2434,-0.3201
1635067823043,-7.8047,-7.6602,5.4648,-2.0723,-0.3296,-0.4075
1635067823045,-7.6484,-8.0391,5.0000,-2.3203,-0.3933,-0.5273
1635067823047,-7.5195,-8.7422,4.5313,-2.4434,-0.4519,-0.6616
1635067823072,-7.8359,-9.7969,4.0742,-2.4668,-0.5083,-0.8188
1635067823074,-8.3047,-10.1172,3.7617,-2.4824,-0.5146,-1.0000
1635067823075,-8.5938,-9.9766,3.7559,-2.5313,-0.5112,-1.1787
1635067823099,-8.6406,-9.8906,3.8867,-2.7148,-0.5210,-1.3857
1635067823101,-8.4297,-10.0703,3.4277,-3.0293,-0.5083,-1.5820
1635067823102,-8.0313,-10.6797,2.9121,-3.2715,-0.4988,-1.7803
1635067823129,-7.4258,-11.0391,2.5410,-3.3750,-0.4636,-1.9482
1635067823131,-6.5898,-10.9219,2.0391,-3.3477,-0.3987,-2.0488
1635067823133,-5.8516,-10.2734,1.2900,-3.2773,-0.3083,-2.1152
1635067823162,-5.2383,-9.5313,0.9385,-3.2344,-0.2062,-2.1465
1635067823164,-4.5195,-9.1172,0.6196,-3.2305,-0.1125,-2.1152
1635067823165,-3.7109,-8.5781,0.3064,-3.2520,0.0215,-2.0859
1635067823194,-2.9590,-7.8516,-0.4932,-3.2070,0.2141,-2.0430
1635067823196,-2.1113,-7.4570,-1.4141,-3.0742,0.3589,-1.9639
1635067823197,-0.9385,-7.3711,-2.2090,-2.8262,0.4631,-1.8320
1635067823223,0.2035,-7.4414,-3.0449,-2.3594,0.6143,-1.6514
1635067823225,1.0342,-7.6289,-3.7773,-1.6807,0.8140,-1.4521
1635067823226,1.1777,-8.1016,-4.4063,-0.8657,1.0645,-1.1943
1635067823247,0.8784,-8.6797,-4.3164,-0.0189,1.2266,-0.9619
1635067823249,0.8330,-8.6094,-3.3848,0.7505,1.2676,-0.7871
1635067823251,1.0029,-6.9453,-2.1445,1.3496,1.3457,-0.6265
1635067823277,1.1533,-4.5859,-0.9312,1.6016,1.4629,-0.4626
1635067823279,1.2109,-2.6152,0.3494,1.3398,1.5264,-0.2979
1635067823285,1.1582,-2.0996,1.2227,0.7217,1.5439,-0.1094
1635067823309,0.9312,-3.1816,1.5840,-0.0434,1.5283,0.0767
1635067823311,0.6631,-5.0391,1.8789,-0.6357,1.4424,0.2469
1635067823313,0.5840,-6.5352,1.4238,-0.8433,1.3564,0.3894
1635067823339,0.6606,-6.6719,0.5024,-0.6997,1.2559,0.4800
1635067823341,0.4812,-6.6758,0.3757,-0.2805,1.1504,0.5371
1635067823343,-0.1724,-6.7969,0.6392,0.1492,1.0732,0.5405
1635067823373,-0.6294,-6.9414,0.8882,0.4619,0.9502,0.5010
1635067823375,-0.9023,-7.4883,1.4531,0.5503,0.7974,0.5107
1635067823376,-1.1514,-7.7930,2.3457,0.2375,0.6450,0.5171
1635067823403,-1.5391,-7.9609,2.6367,-0.4019,0.4802,0.5044
1635067823404,-1.8525,-8.5859,2.6328,-1.2227,0.2886,0.4458
1635067823406,-2.0410,-9.1406,2.6113,-2.0391,0.0854,0.3713
1635067823433,-2.1816,-9.7578,2.1895,-2.6719,-0.1168,0.3098
1635067823434,-2.2969,-10.6328,1.4697,-3.0449,-0.3198,0.2097
1635067823436,-2.2969,-11.4766,0.6392,-3.1504,-0.5093,0.0629
1635067823463,-2.1563,-11.6172,-0.1604,-3.0352,-0.6582,-0.0658
1635067823465,-2.0781,-11.3594,-0.6436,-2.7695,-0.7710,-0.1552
1635067823466,-1.9248,-11.1328,-0.8882,-2.5000,-0.8794,-0.2446
1635067823493,-1.6182,-10.5391,-1.2227,-2.3457,-0.9668,-0.3562
1635067823495,-1.4102,-10.0781,-1.4697,-2.2383,-1.0186,-0.4202
1635067823496,-1.2637,-10.0078,-1.7422,-2.0859,-1.0742,-0.4500
1635067823523,-0.9888,-10.0547,-1.8096,-1.7461,-1.1338,-0.4829
1635067823525,-0.6055,-9.9141,-1.6826,-0.5137,-1.2529,-0.4189
1635067823526,-0.2058,-8.1719,-1.3047,0.1938,-1.3027,-0.3308
1635067823555,-0.2681,-7.0586,-1.2129,0.8599,-1.3506,-0.1903
1635067823557,-0.2800,-6.3125,-1.4434,1.3525,-1.3838,-0.0041
1635067823559,-0.2920,-5.9570,-1.9795,1.6191,-1.3750,0.1777
1635067823584,-0.3398,-6.0234,-2.4785,1.7822,-1.3438,0.3533
1635067823585,-0.3662,-6.8398,-3.1543,1.9756,-1.2783,0.5586
1635067823587,-0.6870,-8.1563,-3.5996,2.2422,-1.1816,0.7417
1635067823612,-1.2568,-8.7578,-2.9863,2.5645,-1.0850,0.8799
1635067823613,-1.6631,-7.9453,-2.3066,2.8652,-0.9912,1.0283
1635067823614,-1.9941,-6.7500,-1.9531,3.0254,-0.8892,1.1768
1635067823644,-2.4512,-6.2891,-1.5771,2.8770,-0.7627,1.2725
1635067823645,-3.1211,-6.5313,-1.3691,2.4199,-0.6201,1.3115
1635067823647,-3.7656,-7.4414,-1.4287,1.8896,-0.4893,1.3086
1635067823676,-4.2656,-8.5781,-1.4502,1.4365,-0.3765,1.2832
1635067823678,-4.5273,-9.5078,-1.5820,1.1123,-0.3030,1.2646
1635067823680,-4.6094,-10.5391,-1.5869,0.9961,-0.2603,1.2480
1635067823701,-4.8594,-11.2188,-1.4619,1.0459,-0.2136,1.1992
1635067823705,-5.2227,-10.7656,-1.2705,1.2002,-0.1582,1.1387
1635067823706,-5.4258,-9.6641,-1.0625,1.3936,-0.1179,1.1133
1635067823732,-5.4844,-8.7891,-0.7085,1.5059,-0.0870,1.0957
1635067823733,-5.5664,-8.4219,-0.3494,1.4756,-0.0476,1.0635
1635067823734,-5.6484,-8.5625,-0.0766,1.3682,-0.0061,1.0137
1635067823761,-5.6641,-9.0078,0.1938,1.2461,0.0290,0.9492
1635067823763,-5.6680,-9.5000,0.3757,1.1543,0.0801,0.8691
1635067823765,-5.7930,-9.8828,0.3350,1.1074,0.1482,0.7842
1635067823795,-5.9766,-10.0000,0.4907,1.0713,0.1758,0.7300
1635067823797,-6.1758,-9.6953,0.9624,1.0869,0.1609,0.6733
1635067823798,-6.3125,-8.9375,1.2656,1.1143,0.1545,0.6084
1635067823825,-6.4063,-8.1641,1.6250,1.0684,0.1365,0.5640
1635067823827,-6.3438,-7.6719,1.8770,0.9590,0.0779,0.5269
1635067823828,-6.0703,-7.7422,1.7520,0.8428,0.0407,0.4832
1635067823855,-5.7852,-8.0781,1.5771,0.7437,0.0269,0.4353
1635067823857,-5.5195,-8.2109,1.5918,0.6821,0.0311,0.3916
1635067823858,-5.4023,-8.2500,1.7139,0.5830,0.0673,0.3469
1635067823885,-5.5039,-8.1797,1.7041,0.3757,0.1237,0.2864
1635067823887,-5.6250,-7.9219,1.7207,0.1088,0.1726,0.2352
1635067823888,-5.6250,-7.6992,1.9248,-0.1732,0.2067,0.1863
1635067823915,-5.6211,-8.0625,1.4141,-0.4966,0.2279,0.1214
1635067823917,-5.3320,-8.3125,0.8857,-0.6177,0.1843,0.1097
1635067823922,-4.9883,-8.7344,0.9312,-0.3584,0.1237,0.1544
1635067823934,-4.9297,-8.5391,1.4287,0.0162,0.0939,0.1299
1635067823935,-5.3398,-8.3984,2.2227,0.2959,0.0684,0.0927
1635067823966,-5.4922,-8.5313,2.7852,0.3887,0.0067,0.0608
1635067823967,-5.1758,-8.4766,2.2266,0.3652,-0.0263,0.0278
1635067823969,-4.8242,-8.3047,1.4863,0.3630,-0.0146,-0.0052
1635067823996,-4.5742,-8.0000,1.2373,0.3960,0.0152,0.0044
1635067823997,-4.4453,-7.7461,1.2803,0.3950,0.0545,0.0384
1635067823999,-4.5313,-7.5391,1.4619,0.3076,0.0886,0.0576
1635067824026,-4.6016,-7.4688,1.6182,0.2322,0.1099,0.0895
1635067824028,-4.6055,-7.7109,2.0625,0.1758,0.1088,0.1193
1635067824029,-4.6289,-7.8359,2.0820,0.0513,0.1067,0.0927
1635067824056,-4.6680,-7.7461,1.9482,-0.0147,0.0992,0.0810
1635067824058,-4.7734,-7.6523,2.1270,-0.0955,0.0747,0.0980
1635067824061,-4.7070,-7.6172,2.0059,-0.2360,0.0556,0.1044
1635067824088,-4.6680,-7.8672,1.4648,-0.3625,0.0545,0.1214
1635067824090,-4.5781,-8.4531,0.6128,-0.3252,0.0694,0.1310
1635067824092,-4.4648,-9.2266,-0.0215,-0.0817,0.0939,0.1544
1635067824114,-4.5547,-9.3750,0.1771,0.3301,0.1279,0.1554
1635067824115,-5.0859,-9.1641,0.9980,0.7930,0.1598,0.1299
1635067824116,-5.4570,-8.6484,1.8955,0.9980,0.1609,0.0959
1635067824144,-5.7578,-8.4375,2.0625,0.9971,0.1758,0.0576
1635067824145,-5.9961,-8.9766,2.3457,0.9897,0.1482,0.0086
1635067824146,-5.6328,-8.9688,2.3340,1.1221,0.1248,-0.0392
1635067824177,-5.0313,-8.0469,2.1445,1.3271,0.1300,-0.0733
1635067824179,-4.6992,-7.1602,2.4336,1.4404,0.1173,-0.0679
1635067824181,-4.5859,-6.3750,2.6563,1.3916,0.1226,-0.0392
1635067824211,-4.6719,-5.9375,2.3887,1.2588,0.1503,-0.0211
1635067824212,-4.8594,-6.2617,2.5039,1.1504,0.1609,-0.0052
1635067824214,-4.7188,-6.5313,1.8291,1.1250,0.1534,0.0320
1635067824234,-4.7344,-6.7813,2.2617,1.2793,0.1683,0.0693
1635067824235,-5.5391,-7.0898,3.0195,1.3594,0.1886,0.0671
1635067824236,-5.7734,-7.1055,3.1191,1.2988,0.1747,0.0820
1635067824264,-6.0586,-7.2109,3.3418,1.1436,0.1471,0.0799
1635067824265,-6.3672,-7.6055,3.4941,0.8960,0.1024,0.0352
1635067824265,-6.7422,-7.6680,3.6367,0.5918,0.0588,0.0044
1635067824294,-6.8320,-7.3164,3.7383,0.2607,0.0067,-0.0254
1635067824295,-6.7539,-7.0234,3.5645,-0.0615,-0.0412,-0.0797
1635067824296,-6.8789,-7.1055,3.4922,-0.7188,-0.1316,-0.2435
1635067824330,-7.5195,-8.2109,3.2148,-1.0703,-0.1902,-0.3542
1635067824332,-7.6563,-9.4375,3.1406,-1.2539,-0.2507,-0.4797
1635067824334,-7.9453,-10.6172,3.2207,-1.3271,-0.2869,-0.6606
1635067824361,-8.3906,-10.8047,3.2559,-1.3604,-0.2869,-0.8491
1635067824363,-8.4844,-10.0938,3.2031,-1.4375,-0.2849,-1.0371
1635067824364,-8.1016,-9.3438,3.0996,-1.5938,-0.3008,-1.2285
1635067824385,-7.5547,-9.2422,2.8672,-1.7881,-0.3198,-1.3818
1635067824391,-7.0430,-9.5703,2.4727,-1.9336,-0.3147,-1.5107
1635067824397,-6.6914,-9.6797,2.0488,-1.9629,-0.2881,-1.6025
1635067824405,-6.5352,-9.7578,1.6514,-1.9043,-0.2444,-1.6631
1635067824411,-6.4297,-9.9922,1.4053,-1.8955,-0.1902,-1.7539
1635067824425,-6.3125,-10.0703,1.3877,-1.9932,-0.1370,-1.8477
1635067824431,-5.9492,-10.0313,1.3135,-2.1289,-0.0870,-1.9209
1635067824445,-5.2656,-9.6719,1.3906,-2.2598,-0.0391,-1.9766
1635067824451,-4.4023,-9.2031,1.3232,-2.3203,0.0067,-1.9668
1635067824465,-3.5859,-8.6719,1.0146,-2.2813,0.0577,-1.8955
1635067824471,-2.8555,-8.2500,0.6055,-2.1387,0.1109,-1.7803
1635067824485,-2.0371,-8.1328,-0.0909,-1.9170,0.1832,-1.6533
1635067824491,-1.2852,-8.0156,-1.1416,-1.7178,0.3396,-1.5459
1635067824505,-0.9502,-7.9805,-2.3223,-1.4951,0.4993,-1.4209
1635067824511,-0.7085,-8.0391,-2.8652,-1.2041,0.6108,-1.2822
1635067824525,-0.2322,-7.6563,-2.7715,-0.8701,0.7207,-1.1738
1635067824531,0.2896,-7.0859,-2.5586,-0.4285,0.8462,-1.0566
1635067824545,0.5981,-7.3047,-2.2168,0.0832,0.9673,-0.8745
1635067824552,0.8042,-7.6602,-1.8047,0.5757,1.0547,-0.7222
1635067824566,1.0771,-7.7461,-1.5391,1.0859,1.1123,-0.5869
1635067824583,1.2324,-7.5117,-1.2998,1.5088,1.1797,-0.4351
1635067824597,1.1152,-6.9570,-0.7441,1.7129,1.2324,-0.3052
1635067824603,0.8091,-6.4258,0.1699,1.6484,1.2520,-0.1914
1635067824610,0.4763,-5.8594,1.1104,1.3076,1.2139,-0.0999
1635067824618,0.2896,-5.0156,1.6299,0.8887,1.1328,-0.0297
1635067824624,0.2681,-4.4961,1.7109,0.5630,1.0645,0.0640
1635067824636,0.2441,-4.8164,1.5322,0.3289,0.9917,0.1416
1635067824642,0.0431,-5.9297,1.4814,0.1927,0.8696,0.1628
1635067824655,-0.2155,-7.0820,1.5078,0.1503,0.7207,0.1703
1635067824659,-0.5337,-7.9922,1.6104,0.1481,0.5649,0.2214
1635067824691,-0.9189,-8.4219,1.9072,0.0960,0.3982,0.2832
1635067824696,-1.2158,-8.2734,2.1230,-0.0551,0.2290,0.3225
1635067824703,-1.3574,-7.9727,2.2695,-0.3796,0.0630,0.3396
1635067824708,-1.3877,-7.6445,2.3770,-0.8872,-0.1050,0.3501
1635067824714,-1.4648,-7.5703,2.0508,-1.4336,-0.2220,0.3596
1635067824725,-1.6611,-7.8906,1.3838,-1.9297,-0.3157,0.3396
1635067824730,-1.7070,-8.5859,0.6680,-2.3066,-0.4243,0.2820
1635067824762,-1.6201,-9.3750,-0.1125,-2.5488,-0.4956,0.1969
1635067824766,-1.5322,-9.8750,-0.3877,-2.7070,-0.5508,0.1182
1635067824771,-1.3809,-10.0078,0.0814,-2.7969,-0.6274,0.0927
1635067824777,-1.2686,-9.6328,0.6270,-2.8555,-0.7085,0.0671
1635067824781,-1.3545,-9.1641,1.6494,-2.8555,-0.7998,0.0172
1635067824805,-1.5098,-9.0547,1.6875,-2.8203,-0.8828,0.0203
1635067824809,-1.4766,-9.3906,0.4189,-2.4727,-0.9902,0.0374
1635067824814,-1.0938,-9.6719,-1.4668,-1.6836,-1.0879,0.0501
1635067824825,-0.5215,-9.6563,-2.7324,-0.5957,-1.1201,0.1044
1635067824829,-0.2369,-9.3281,-3.2266,0.5947,-1.0801,0.2023
1635067824855,-0.2825,-9.1328,-3.3789,1.7422,-1.0127,0.3279
1635067824860,-0.5239,-8.4297,-2.9844,2.6270,-0.9019,0.4768
1635067824864,-0.8184,-6.9883,-1.9648,3.2051,-0.7593,0.6812
1635067824875,-1.1631,-5.6680,-0.4355,3.5000,-0.6553,0.9106
1635067824880,-1.8242,-5.0859,0.7490,3.5547,-0.5859,1.1182
1635067824905,-2.6641,-5.8789,0.9526,3.5820,-0.5400,1.2988
1635067824910,-2.9746,-7.2109,0.8018,3.7324,-0.5308,1.4346
1635067824914,-2.8906,-8.5234,0.3567,4.0273,-0.4880,1.4883
1635067824925,-2.9023,-9.5313,-0.1005,4.3633,-0.3806,1.5059
1635067824930,-3.1348,-9.7344,-0.2202,4.5859,-0.2200,1.5176
1635067824955,-3.5234,-8.7656,-0.0455,4.5742,-0.0242,1.5059
1635067824960,-3.9805,-7.3438,0.4453,4.2930,0.1652,1.4971
1635067824964,-4.5742,-6.6836,1.1943,3.7148,0.2993,1.4941
1635067824976,-5.1406,-7.2734,1.8574,2.9102,0.3652,1.4375
1635067824980,-5.4922,-8.7813,2.3867,2.1816,0.3823,1.3252
1635067825006,-5.6953,-10.3281,2.6992,1.8262,0.3843,1.2168
1635067825010,-5.6055,-10.9609,2.7422,1.8574,0.3928,1.1367
1635067825015,-5.4844,-10.6797,2.7090,2.1406,0.4099,1.0840
1635067825027,-5.5313,-9.9609,2.9180,2.4746,0.4216,1.0303
1635067825031,-5.7578,-9.0313,3.3125,2.6543,0.4099,0.9556
1635067825056,-6.0820,-8.3203,4.0742,2.6191,0.3491,0.8916
1635067825061,-6.3828,-7.7891,4.6680,2.3379,0.2949,0.8174
1635067825065,-6.5273,-7.6094,4.7930,1.8916,0.2588,0.7119
1635067825076,-6.4805,-8.0469,4.6445,1.4629,0.2098,0.6118
1635067825081,-6.2461,-8.3828,4.4102,1.1680,0.1769,0.5244
1635067825106,-5.8672,-8.1484,4.2578,1.0576,0.1823,0.4661
1635067825111,-5.6719,-7.6055,4.2734,1.0430,0.2098,0.4407
1635067825115,-5.8633,-6.9805,4.5859,0.8652,0.1780,0.4119
1635067825126,-5.8789,-6.9492,4.7070,0.7480,0.1523,0.3811
1635067825131,-5.7969,-6.7773,4.7227,0.6929,0.1417,0.3618
1635067825156,-5.7422,-6.5313,4.7031,0.6406,0.1534,0.3523
1635067825161,-5.7305,-6.2148,4.6875,0.5234,0.1672,0.3235
1635067825165,-5.7305,-6.0977,4.7734,0.3652,0.1566,0.3000
1635067825190,-5.6992,-6.1289,4.7617,0.1886,0.1652,0.2756
1635067825201,-5.8555,-6.3867,4.8242,0.0556,0.1683,0.2469
1635067825213,-5.9922,-6.6016,4.9023,-0.0594,0.1672,0.2161
1635067825218,-6.0352,-6.7344,5.0078,-0.1434,0.1620,0.1810
1635067825224,-5.9609,-6.8477,4.8750,-0.1636,0.1514,0.1576
1635067825230,-5.7578,-6.7227,4.7813,-0.0998,0.1375,0.1342
1635067825235,-5.5703,-6.2813,4.8086,-0.0115,0.1343,0.1235
1635067825247,-5.5938,-6.0547,4.9492,0.0173,0.1152,0.1140
1635067825252,-5.5820,-6.2617,4.7578,0.0109,0.0939,0.1129
1635067825277,-5.4609,-6.5352,4.4414,0.0545,0.0854,0.1076
1635067825282,-5.4805,-6.4063,4.5781,0.0768,0.1067,0.0650
1635067825286,-6.2148,-7.2031,4.9922,-0.0296,0.0620,0.0342
1635067825297,-6.2500,-7.6133,5.0430,-0.1061,0.0205,0.0140
1635067825301,-6.0117,-7.3594,5.1133,-0.0774,0.0343,-0.0116
1635067825327,-5.8477,-6.8828,4.9609,-0.0668,0.0407,-0.0414
1635067825332,-5.9063,-6.7305,4.9336,-0.0774,0.0109,-0.0275
1635067825336,-5.7734,-6.6914,4.9063,-0.0902,-0.0231,-0.0286
1635067825347,-5.4531,-6.6289,4.6211,-0.1030,-0.0370,-0.0509
1635067825352,-5.2305,-6.5703,4.3711,-0.0923,-0.0370,-0.0541
1635067825377,-5.0898,-6.5547,4.2617,-0.0806,-0.0253,-0.0552
1635067825382,-5.0391,-6.3789,4.1992,-0.1168,-0.0008,-0.0775
1635067825386,-5.1172,-6.2461,4.2813,-0.2190,0.0141,-0.0903
1635067825397,-5.1758,-6.1172,4.5195,-0.3616,-0.0029,-0.0818
1635067825402,-5.2031,-6.2891,4.7266,-0.4614,-0.0285,-0.0626
1635067825427,-5.3672,-6.8438,4.5977,-0.5273,-0.0359,-0.0626
1635067825432,-5.4297,-7.2578,4.5078,-0.4966,-0.0518,-0.0797
1635067825436,-5.1992,-7.2148,4.5430,-0.3625,-0.0604,-0.0605
1635067825447,-4.9688,-6.8906,4.5000,-0.2147,-0.0380,-0.0360
1635067825452,-4.9609,-6.4258,4.2383,-0.1115,-0.0051,-0.0201
1635067825478,-5.0703,-6.2188,4.0820,-0.0636,0.0120,0.0033
1635067825482,-5.0117,-6.0430,4.0078,-0.0721,0.0290,-0.0031
1635067825486,-5.0859,-5.9844,4.1055,-0.1072,0.0450,-0.0063
1635067825498,-5.3398,-6.3281,4.1445,-0.1284,0.0375,0.0097
1635067825502,-5.5391,-6.9297,4.1875,-0.1136,0.0311,-0.0052
1635067825528,-5.5391,-7.1758,4.2344,-0.0519,0.0332,-0.0180
1635067825533,-5.4648,-6.9336,4.2539,0.0002,0.0524,-0.0243
1635067825537,-5.4883,-6.6602,4.4023,-0.0179,0.0641,-0.0350
1635067825548,-5.5898,-6.4570,4.5625,-0.1030,0.0545,-0.0328
1635067825553,-5.5273,-6.2656,4.3750,-0.2051,0.0503,-0.0094
1635067825578,-5.4727,-6.1016,4.1602,-0.3115,0.0428,-0.0041
1635067825582,-5.4492,-6.1133,4.0391,-0.4050,0.0258,-0.0041
1635067825587,-5.8281,-6.6094,4.3477,-0.5093,-0.0093,-0.0105
1635067825598,-5.8984,-7.0938,4.1602,-0.6021,-0.0465,-0.0297
1635067825613,-5.6563,-7.1055,3.9453,-0.6147,-0.0423,-0.0541
1635067825618,-5.5273,-6.9336,3.8613,-0.5625,-0.0380,-0.0594
1635067825632,-5.5352,-6.8281,3.8926,-0.4978,-0.0348,-0.0541
1635067825638,-5.5430,-6.6719,3.9590,-0.4636,-0.0295,-0.0467
1635067825643,-5.3477,-6.4414,3.8711,-0.4839,-0.0178,-0.0446
1635067825668,-5.1914,-5.8633,3.8926,-0.5381,0.0013,-0.0339
1635067825682,-5.3711,-5.7734,4.0117,-0.6328,0.0013,0.0033
1635067825693,-5.7813,-6.1328,3.9453,-0.7954,-0.0114,0.0161
1635067825701,-6.1289,-6.7031,3.8750,-0.9624,-0.0391,0.0044
1635067825706,-6.4141,-7.4531,3.9551,-1.0752,-0.0764,-0.0339
1635067825710,-6.7344,-8.1016,4.0859,-1.1289,-0.1083,-0.0839
1635067825719,-7.0313,-8.3438,4.0742,-1.1494,-0.1295,-0.1403
1635067825734,-7.1719,-8.4844,4.0742,-1.1729,-0.1604,-0.2137
1635067825740,-7.3477,-8.6797,4.0508,-1.2529,-0.1848,-0.3074
1635067825744,-7.7344,-9.0469,3.9453,-1.3721,-0.2125,-0.4148
1635067825769,-8.1016,-9.4844,3.7969,-1.5127,-0.2498,-0.5649
1635067825773,-8.3984,-9.9609,3.6621,-1.6602,-0.2922,-0.7446
1635067825778,-8.6328,-10.1719,3.3125,-1.8672,-0.3071,-0.9458
1635067825789,-8.6172,-10.1797,2.8262,-2.0566,-0.3018,-1.1953
1635067825798,-8.1953,-10.2813,2.3125,-2.1758,-0.3103,-1.4102
1635067825809,-7.6133,-10.5469,1.8936,-2.2246,-0.2783,-1.5664
1635067825815,-7.3398,-10.5078,1.4004,-2.2324,-0.1870,-1.6787
1635067825840,-7.1367,-10.1563,1.1846,-2.2520,-0.0710,-1.7822
1635067825844,-6.8867,-9.7891,1.1299,-2.3965,0.0322,-1.8379
1635067825849,-6.7422,-9.4922,1.0293,-2.7324,0.1534,-1.9082
1635067825859,-6.3203,-9.0156,0.6343,-3.1582,0.2727,-1.9961
1635067825864,-5.4023,-8.6484,-0.0215,-3.4316,0.3716,-2.0332
1635067825889,-4.1523,-8.5234,-0.5649,-3.3652,0.4695,-2.0098
1635067825894,-2.9512,-8.3828,-1.1484,-2.9746,0.5674,-1.9326
1635067825898,-1.9512,-8.1094,-1.3428,-2.3281,0.6543,-1.7988
1635067825909,-1.2305,-7.8281,-1.1963,-1.6045,0.7236,-1.6357
1635067825914,-0.9478,-7.6016,-0.7681,-1.0186,0.7886,-1.4658
1635067825939,-1.0078,-7.0625,-0.1986,-0.7168,0.8320,-1.3076
1635067825944,-0.9932,-6.3984,-0.2178,-0.6582,0.8501,-1.1406
1635067825949,-0.5718,-5.7539,-0.5288,-0.6763,0.8906,-0.8511
1635067825963,0.6655,-5.0078,-1.1650,-0.5923,0.9438,-0.6626
1635067825967,0.6655,-5.0078,-1.1650,-0.3765,1.0195,-0.4553
1635067825980,0.9287,-6.3750,-1.7998,0.0417,1.0684,-0.2435
1635067825984,0.6152,-7.6289,-1.6611,0.5737,1.0801,-0.0541
1635067826010,0.1724,-8.6172,-1.0430,1.1494,1.0576,0.0682
1635067826014,-0.2010,-8.5547,0.1843,1.6338,1.0059,0.1459
1635067826026,-0.4092,-7.3711,1.2490,1.9111,0.9365,0.2118
1635067826031,-0.4788,-5.6172,1.9941,1.8799,0.8472,0.2864
1635067826036,-0.3542,-3.6699,2.4141,1.5039,0.7651,0.3596
1635067826060,-0.5073,-2.4863,2.6738,0.8789,0.6802,0.4363
1635067826064,-1.1221,-3.0898,2.6211,0.1481,0.5576,0.4917
1635067826069,-1.9121,-5.3672,2.4219,-0.5903,0.4077,0.5098
1635067826081,-2.6582,-8.1953,1.6826,-1.2041,0.2683,0.4895
1635067826094,-3.1758,-10.6719,0.8232,-1.5547,0.1365,0.4299
1635067826101,-3.5117,-12.0938,0.5957,-1.5684,-0.0072,0.3767
1635067826105,-3.6172,-12.2656,0.7397,-1.2988,-0.1487,0.3545
1635067826130,-3.4805,-11.5313,1.2422,-0.9263,-0.2922,0.3162
1635067826134,-3.4160,-10.3438,1.9121,-0.6904,-0.4221,0.2607
1635067826139,-3.3535,-9.1797,2.1563,-0.7412,-0.5498,0.1863
1635067826150,-3.2480,-8.6406,2.0391,-1.0469,-0.6743,0.0948
1635067826154,-3.2715,-8.8984,1.7109,-1.4805,-0.7900,0.0172
1635067826212,-3.2734,-9.1875,1.1777,-1.9473,-0.8862,-0.0382
1635067826218,-3.1758,-9.2891,0.7061,-2.3105,-0.9614,-0.0967
1635067826225,-2.9180,-9.3828,0.3950,-2.5059,-1.0381,-0.1616
1635067826232,-2.5254,-9.3594,-0.0622,-2.5117,-1.1152,-0.2063
1635067826239,-2.0918,-9.6016,-0.5864,-2.2402,-1.1924,-0.2223
1635067826243,-1.6016,-10.0000,-0.5503,-1.8008,-1.2686,-0.2212
1635067826248,-1.2275,-9.8281,-0.3088,-1.2910,-1.3271,-0.2126
1635067826260,-1.2441,-9.3672,0.0670,-0.6997,-1.3828,-0.1616
1635067826266,-1.3740,-9.0781,0.1508,-0.1721,-1.4414,-0.0775
1635067826271,-1.4404,-8.7188,0.0790,0.2354,-1.4932,0.0033
1635067826275,-1.4219,-8.4375,-0.0958,0.6758,-1.5352,0.1002
1635067826282,-1.3447,-8.2891,-0.5625,1.1572,-1.5508,0.2118
1635067826287,-1.3047,-8.3281,-1.3691,1.6973,-1.5068,0.3149
1635067826313,-1.4404,-8.6953,-2.1055,2.2637,-1.4268,0.4438
1635067826317,-1.6201,-9.0000,-2.7363,2.8203,-1.3164,0.5840
1635067826323,-1.9219,-9.0391,-2.7754,3.2734,-1.1611,0.7119
1635067826331,-2.3926,-8.6172,-2.2480,3.5547,-0.9858,0.8149
1635067826336,-2.8379,-8.0391,-1.4316,3.6621,-0.8369,0.8872
1635067826361,-3.2148,-7.5664,-0.6680,3.5352,-0.7251,0.9404
1635067826366,-3.5215,-7.3164,-0.0718,3.1875,-0.6338,0.9556
1635067826373,-3.7051,-7.5234,0.1364,2.6934,-0.5625,0.9385
1635067826384,-3.7930,-8.2188,0.0766,2.2109,-0.5059,0.9077
1635067826390,-3.9395,-9.2891,-0.0191,1.8906,-0.4583,0.9004
1635067826401,-4.0898,-10.0234,-0.0024,1.7725,-0.4082,0.9077
1635067826406,-4.1250,-9.9688,0.0120,1.8174,-0.3306,0.8906
1635067826432,-4.1406,-9.2891,0.0503,1.8867,-0.2146,0.8691
1635067826438,-4.3477,-8.6406,0.1675,1.8896,-0.0923,0.8589
1635067826443,-4.5938,-8.2656,0.4116,1.8018,-0.0040,0.8330
1635067826451,-4.7852,-8.2344,0.7900,1.6670,0.0577,0.7915
1635067826457,-4.9961,-8.5078,1.2012,1.5674,0.0843,0.7544
1635067826472,-5.1445,-9.1250,1.5225,1.5742,0.1046,0.7236
1635067826477,-5.4414,-9.3359,2.1289,1.5713,0.1428,0.6533
1635067826503,-5.6875,-8.8281,2.4219,1.4922,0.1737,0.5703
1635067826510,-5.7930,-8.2266,2.5840,1.3525,0.1886,0.5244
1635067826514,-5.7266,-7.7422,2.7324,1.1455,0.1790,0.4917
1635067826520,-5.4727,-7.4063,2.3906,0.8916,0.1918,0.4641
1635067826525,-5.3516,-7.4883,2.0605,0.6714,0.2227,0.4299
1635067826551,-5.2969,-7.8672,1.8809,0.5811,0.2258,0.4077
1635067826555,-5.1875,-8.2188,2.0684,0.6777,0.2173,0.4033
1635067826559,-5.0742,-8.0469,2.5078,0.9150,0.2141,0.4065
1635067826570,-5.0547,-7.6680,3.0039,1.1748,0.2109,0.4258
1635067826575,-5.3633,-7.2422,3.4629,1.2402,0.2269,0.4204
1635067826601,-5.7930,-6.6797,3.9063,1.0576,0.2301,0.3672
1635067826617,-5.9414,-6.2695,4.0742,0.7012,0.2078,0.3267
1635067826622,-5.8164,-6.2773,3.8945,0.3140,0.1790,0.3000
1635067826627,-5.5625,-6.5898,3.2598,0.0109,0.1620,0.2747
1635067826632,-5.3398,-7.2227,2.7969,-0.0998,0.1375,0.2607
1635067826641,-5.2070,-7.7031,2.7480,-0.0253,0.1248,0.2480
1635067826645,-5.0156,-7.5859,2.7676,0.1534,0.1332,0.2617
1635067826671,-5.0156,-7.3086,3.4707,0.3450,0.1460,0.2915
1635067826675,-5.3125,-7.3477,4.2773,0.4600,0.1046,0.3054
1635067826682,-5.4414,-6.9609,4.6992,0.4961,0.0747,0.3257
1635067826694,-5.5313,-5.9531,5.1016,0.4568,0.0960,0.3225
1635067826704,-5.8125,-5.8359,4.9336,0.2035,0.1162,0.2852
1635067826712,-6.2734,-7.1367,4.2969,-0.1401,0.0556,0.1842
1635067826718,-6.0781,-8.9922,3.7266,-0.1263,-0.0402,0.1448
1635067826741,-5.2031,-9.3438,3.1328,0.2598,0.0077,0.1331
1635067826746,-5.0938,-8.3906,3.0762,0.7803,0.0928,0.1002
1635067826750,-5.5391,-8.0313,3.6328,1.2529,0.0715,0.0703
1635067826761,-5.6758,-8.0234,4.4766,1.5723,0.0301,0.0448
1635067826766,-5.4492,-8.0000,4.6055,1.8203,0.0705,-0.0169
1635067826791,-5.0469,-7.5078,4.4258,1.9922,0.1694,-0.0765
1635067826796,-5.0820,-7.3281,4.1719,2.1797,0.2524,-0.0679
1635067826800,-5.1602,-7.5195,3.9023,2.4121,0.2939,-0.0818
1635067826811,-4.9531,-7.5352,3.8926,2.7246,0.3142,-0.1148
1635067826816,-4.5703,-6.8125,4.0898,3.0020,0.3789,-0.1669
1635067826841,-4.8906,-5.7578,4.6836,3.0918,0.4546,-0.1808
1635067826846,-5.2031,-4.7148,5.0859,2.8203,0.4717,-0.1456
1635067826850,-5.1719,-3.7383,5.1641,2.2402,0.4653,-0.1328
1635067826862,-5.2617,-3.4746,5.3281,1.5527,0.4163,-0.0818
1635067826866,-5.1992,-3.6191,5.9336,0.8545,0.3630,0.0023
1635067826892,-5.0391,-3.0352,5.5508,0.1364,0.3811,0.0608
1635067826896,-5.4609,-3.1777,5.3516,-0.5723,0.3193,0.1554
1635067826901,-6.4688,-6.0508,5.7891,-1.2275,0.0003,0.3064
1635067826912,-6.5117,-5.5742,6.2383,-1.3125,-0.0199,0.2969
1635067826916,-7.2734,-5.6797,5.7188,-1.5469,-0.0955,0.2756
1635067826942,-7.3477,-6.7188,5.5352,-1.7646,-0.2615,0.2703
1635067826946,-6.7539,-6.6523,5.4609,-1.9385,-0.3062,0.1874
1635067826951,-6.7734,-6.6641,5.1445,-2.1563,-0.3167,0.0906
1635067826962,-6.9648,-7.1797,4.8789,-2.4395,-0.3562,0.0108
1635067826966,-6.9023,-7.6875,4.6875,-2.6738,-0.3796,-0.0658
1635067826998,-6.9453,-8.0625,4.4063,-2.8145,-0.3743,-0.1573
1635067827004,-7.4023,-8.5547,4.3828,-2.8633,-0.3721,-0.2605
1635067827008,-8.1875,-9.4844,4.4727,-2.8457,-0.3870,-0.4031
1635067827014,-8.9063,-10.1563,4.2148,-2.8008,-0.3977,-0.6201
1635067827018,-9.0000,-10.5313,3.8301,-2.6836,-0.4221,-0.8672
1635067827043,-8.5859,-10.8594,3.5566,-2.4941,-0.4434,-1.0986
1635067827049,-8.0078,-10.8828,3.4297,-2.2461,-0.4307,-1.3018
1635067827054,-7.4609,-10.6016,3.3848,-1.9395,-0.3816,-1.4629
1635067827063,-6.9688,-10.1563,3.2090,-1.6807,-0.3413,-1.5811
1635067827069,-6.5156,-9.8906,2.7227,-1.5918,-0.2881,-1.6406
1635067827092,-6.4414,-9.7031,1.9248,-1.7021,-0.1913,-1.7168
1635067827096,-6.2344,-9.5078,1.1035,-1.9414,-0.0880,-1.8350
1635067827101,-5.7617,-9.0859,0.3184,-2.1855,0.0226,-1.9121
1635067827112,-5.3125,-9.1797,0.1724,-2.2598,0.1311,-1.9561
1635067827116,-4.6602,-9.3984,0.4260,-2.2051,0.2227,-1.9883
1635067827143,-3.9688,-9.5547,0.7490,-1.9990,0.3408,-1.9902
1635067827147,-3.5352,-9.6484,1.0127,-1.6680,0.4397,-1.9492
1635067827151,-3.0566,-9.6250,1.0576,-1.2803,0.4939,-1.8564
1635067827162,-2.6035,-9.0781,0.9478,-0.9277,0.5557,-1.7764
1635067827166,-2.1523,-8.1328,0.7300,-0.7134,0.6055,-1.6982
1635067827197,-1.5391,-7.1055,0.1938,-0.6719,0.6704,-1.6104
1635067827199,-0.8882,-6.3008,-0.6509,-0.6904,0.7725,-1.5342
1635067827200,-0.3254,-6.1953,-1.2275,-0.6074,0.8672,-1.4131
1635067827213,0.1915,-6.4141,-1.6201,-0.3882,0.9727,-1.2686
1635067827214,0.5361,-6.7969,-1.6660,0.0013,1.0850,-1.1250
1635067827246,0.6680,-7.0000,-0.9888,0.5522,1.1621,-0.9639
1635067827247,0.6987,-6.7813,0.3757,1.1191,1.2002,-0.7744
1635067827249,0.7085,-6.3477,1.3330,1.5176,1.2334,-0.6094
1635067827276,0.6987,-6.1016,2.0684,1.7178,1.2373,-0.5166
1635067827277,0.6416,-5.2539,2.3711,1.7002,1.2168,-0.4189
1635067827279,0.5981,-4.3867,2.2031,1.5850,1.1621,-0.2754
1635067827307,0.5601,-3.9902,1.8574,1.4600,1.0938,-0.1339
1635067827308,0.4883,-3.5137,1.5869,1.3682,1.0410,0.0278
1635067827310,0.1436,-3.4063,1.8145,1.3320,0.9878,0.2343
1635067827337,-0.7061,-4.1563,2.6270,1.2109,0.9165,0.4268
1635067827339,-1.7236,-5.3086,3.4492,0.9473,0.8013,0.5469
1635067827340,-2.4219,-6.3398,4.0938,0.6108,0.6514,0.6201
1635067827367,-2.8125,-7.0313,4.4883,0.2173,0.4812,0.6606
1635067827369,-3.0918,-7.3672,4.5508,-0.2455,0.2949,0.6895
1635067827371,-3.4512,-7.7578,4.5586,-0.7412,0.1077,0.6821
1635067827398,-3.8027,-8.4297,4.3594,-1.2959,-0.0678,0.6172
1635067827399,-4.1133,-9.1016,3.9277,-1.8691,-0.2317,0.5215
1635067827401,-4.1523,-9.7891,3.4531,-2.3496,-0.3901,0.4055
1635067827428,-3.9180,-10.2031,2.9648,-2.7012,-0.5356,0.2969
1635067827429,-3.5273,-10.3594,2.5000,-2.8887,-0.6646,0.2278
1635067827431,-3.1875,-10.4063,2.0098,-2.9863,-0.7700,0.1703
1635067827458,-2.8984,-10.1797,1.7715,-3.0391,-0.8574,0.1044
1635067827460,-2.6777,-9.5703,1.8262,-3.0586,-0.9478,0.0767
1635067827461,-2.4727,-8.8359,2.1230,-3.0508,-1.0645,0.1022
1635067827488,-2.2715,-8.4531,2.4258,-2.9648,-1.2012,0.1362
1635067827490,-2.0410,-8.5391,2.2695,-2.8359,-1.2803,0.2002
1635067827491,-2.1328,-8.8906,1.2754,-2.5625,-1.3057,0.2002
1635067827518,-2.3887,-9.8750,0.4763,-2.0996,-1.3369,0.1395
1635067827520,-2.7715,-10.4453,-0.0431,-1.5957,-1.3467,0.1437
1635067827522,-2.9844,-9.9219,-0.6748,-1.0537,-1.2900,0.2118
1635067827548,-2.8145,-8.8438,-1.2734,-0.4946,-1.1973,0.2715
1635067827550,-2.6230,-7.9453,-1.7764,-0.0604,-1.0820,0.3247
1635067827552,-2.6445,-7.8672,-2.1602,0.2407,-0.9639,0.4065
1635067827578,-2.6797,-8.4141,-2.5352,0.5054,-0.8550,0.4810
1635067827580,-2.7207,-8.9688,-2.5879,0.8418,-0.7603,0.5566
1635067827582,-2.7480,-8.9922,-1.9463,1.1924,-0.6680,0.6523
1635067827611,-3.0469,-8.4609,-0.5024,1.4912,-0.6060,0.7227
1635067827613,-3.5645,-8.2422,0.3972,1.6865,-0.5732,0.8228
1635067827615,-3.9766,-8.5625,0.4763,1.7832,-0.5508,0.9121
1635067827637,-4.0977,-8.9531,0.0837,1.8867,-0.5239,0.9302
1635067827639,-3.9766,-9.2969,-0.7178,2.0391,-0.4795,0.9302
1635067827640,-3.6797,-9.1016,-1.5059,2.1797,-0.3879,0.9448
1635067827666,-3.4844,-8.7188,-2.0098,2.3887,-0.2593,0.9844
1635067827667,-3.5586,-8.5547,-2.0957,2.5742,-0.1093,1.0244
1635067827668,-3.9238,-8.5391,-1.8838,2.5879,0.0567,1.0205
1635067827696,-4.3906,-8.4922,-1.4766,2.4297,0.2130,0.9790
1635067827697,-4.7070,-8.2891,-0.8115,2.1992,0.3247,0.9321
1635067827699,-4.8281,-8.1172,-0.1532,1.9668,0.3950,0.8833
1635067827729,-4.8008,-7.9570,0.4668,1.6904,0.4482,0.8149
1635067827732,-4.7930,-7.8828,0.8164,1.3936,0.4907,0.7524
1635067827733,-4.9492,-8.1094,1.1777,1.1260,0.5044,0.6914
1635067827759,-5.2227,-8.4844,1.3545,0.8994,0.4939,0.6191
1635067827761,-5.4375,-8.9766,1.4531,0.8193,0.3716,0.5063
1635067827762,-5.6758,-9.8906,1.7568,0.9590,0.3108,0.4629
1635067827789,-5.6523,-9.8125,1.8906,1.1689,0.2747,0.4395
1635067827791,-5.5664,-9.4531,2.1055,1.4297,0.2269,0.4160
1635067827792,-5.3867,-8.8750,2.3477,1.6709,0.1747,0.3767
1635067827822,-5.2461,-7.8281,2.6445,1.7617,0.1514,0.3279
1635067827824,-5.1602,-6.8242,3.1074,1.6416,0.1248,0.2969
1635067827826,-5.1055,-6.3828,3.2480,1.2285,0.1300,0.2756
1635067827849,-5.3164,-6.6719,3.1758,0.6309,0.1588,0.1619
1635067827851,-5.3477,-7.3828,2.8125,0.0396,0.1460,0.0544
1635067827853,-5.1055,-8.0625,2.6621,-0.3635,0.1322,0.0363
1635067827879,-4.8672,-8.6016,2.4648,-0.5010,0.1598,0.0427
1635067827881,-4.6875,-8.8047,2.4512,-0.4380,0.1897,0.0522
1635067827883,-4.7344,-8.4063,2.6895,-0.2615,0.1981,0.0884
1635067827909,-4.7656,-8.0781,3.1074,0.0087,0.1683,0.1479
1635067827911,-4.7344,-7.7813,3.4258,0.1992,0.1449,0.1682
1635067827913,-4.7539,-7.3516,3.4922,0.2450,0.1311,0.1522
1635067827940,-4.7852,-7.1992,3.4160,0.1907,0.1056,0.1628
1635067827941,-4.8555,-7.1602,3.3457,0.0162,0.0864,0.1565
1635067827943,-5.0195,-7.1250,3.2871,-0.2168,0.0705,0.1299
1635067827970,-5.0664,-7.2539,3.0781,-0.4148,0.0652,0.1182
1635067827972,-4.8672,-7.0781,2.6953,-0.5815,0.0928,0.1161
1635067827973,-4.8281,-6.9883,2.6094,-0.6870,0.1194,0.1267
1635067827999,-4.8164,-7.2109,2.5449,-0.7158,0.1130,0.1331
1635067828000,-4.8398,-7.2813,2.7227,-0.6616,0.0897,0.1416
1635067828001,-4.9844,-7.1758,3.1758,-0.5435,0.0428,0.1746
1635067828027,-5.1367,-7.4766,3.4941,-0.4839,-0.0168,0.2097
1635067828029,-5.2617,-8.0391,3.3477,-0.4912,-0.0508,0.1831
1635067828030,-5.1953,-8.3359,2.8809,-0.4668,-0.0593,0.1384
1635067828060,-5.0781,-8.4375,2.3223,-0.4050,-0.0497,0.1235
1635067828062,-5.0234,-8.5156,2.0488,-0.3274,-0.0497,0.1204
1635067828063,-4.9570,-8.4063,1.8691,-0.2380,-0.0306,0.1267
1635067828090,-4.9570,-7.8906,1.6104,-0.1956,0.0301,0.1288
1635067828092,-5.1484,-7.6133,1.5557,-0.2231,0.0726,0.1288
1635067828094,-5.4180,-7.8438,1.7500,-0.3657,0.0822,0.1012
1635067828120,-5.6289,-8.1016,1.8555,-0.5815,0.0854,0.0640
1635067828122,-5.6484,-8.2344,2.0273,-0.7485,0.0694,0.0352
1635067828124,-5.5352,-8.1875,2.2031,-0.8882,0.0513,0.0054
1635067828150,-5.4297,-8.0703,2.1758,-1.0313,0.0439,-0.0403
1635067828152,-5.3711,-8.0625,2.0840,-1.1660,0.0173,-0.0733
1635067828154,-5.2227,-8.1953,1.7500,-1.2383,-0.0125,-0.0765
1635067828183,-5.0352,-8.3281,1.3496,-1.2129,-0.0274,-0.0807
1635067828185,-4.8906,-8.3906,1.2373,-1.0850,-0.0455,-0.0701
1635067828187,-4.6992,-8.1094,1.1631,-0.9199,-0.0412,-0.0488
1635067828214,-4.6133,-7.7070,0.9551,-0.7593,-0.0178,-0.0318
1635067828216,-4.6719,-7.5938,1.0215,-0.6421,-0.0178,-0.0211
1635067828218,-4.7148,-7.6133,1.1367,-0.6201,-0.0189,-0.0190
1635067828243,-4.7852,-7.6484,1.0840,-0.6328,-0.0061,-0.0116
1635067828244,-4.8555,-7.6641,1.0625,-0.6392,-0.0008,-0.0031
1635067828246,-4.8633,-7.6875,1.0908,-0.6338,-0.0093,0.0076
1635067828268,-4.8672,-7.7461,1.0693,-0.6060,-0.0136,0.0203
1635067828270,-4.9258,-7.7891,1.0430,-0.5645,-0.0136,0.0363
1635067828271,-4.9727,-7.8359,0.9575,-0.5400,-0.0125,0.0544
1635067828298,-5.0078,-7.8281,0.8091,-0.5273,-0.0082,0.0608
1635067828300,-5.0547,-7.8086,0.6870,-0.5146,-0.0019,0.0682
1635067828301,-5.1328,-7.9180,0.6055,-0.4893,0.0013,0.0789
1635067828331,-5.1875,-8.0078,0.5840,-0.4329,0.0077,0.0799
1635067828333,-5.1836,-7.9844,0.6294,-0.3508,0.0162,0.0767
1635067828335,-5.1641,-7.7773,0.6938,-0.2615,0.0215,0.0873
1635067828361,-5.1484,-7.5195,0.7085,-0.1902,0.0332,0.1022
1635067828363,-5.3164,-7.4883,0.7466,-0.1370,0.0364,0.1076
1635067828365,-5.5313,-7.8516,0.8496,-0.0955,0.0088,0.1076
1635067828392,-5.6406,-8.1719,0.9072,-0.0359,-0.0295,0.1044
1635067828393,-5.7109,-8.2344,0.9863,0.0524,-0.0508,0.1065
1635067828395,-5.6719,-8.2500,0.8711,0.1438,-0.0583,0.1065
1635067828422,-5.5391,-8.2031,0.7085,0.2045,-0.0635,0.0938
1635067828423,-5.4023,-7.9844,0.5146,0.2151,-0.0476,0.0820
1635067828425,-5.3555,-7.7969,0.4739,0.1385,-0.0114,0.0703
1635067828452,-5.3359,-7.6484,0.3350,0.0194,0.0237,0.0555
1635067828453,-5.3047,-7.6016,0.3398,-0.0881,0.0524,0.0406
1635067828455,-5.3281,-7.7656,0.5576,-0.1593,0.0577,0.0172
1635067828482,-5.4961,-8.1328,0.9287,-0.1530,0.0513,0.0065
1635067828484,-5.6016,-8.3906,1.1270,-0.0742,0.0301,-0.0020
1635067828485,-5.4766,-8.2969,1.1055,0.0406,-0.0008,-0.0137
1635067828512,-5.3711,-8.1641,1.1006,0.1406,-0.0157,-0.0201
1635067828514,-5.4727,-8.1641,0.9814,0.1683,-0.0316,-0.0382
1635067828515,-5.5508,-8.1484,0.9360,0.1726,-0.0508,-0.0552
1635067828542,-5.4414,-8.1328,0.9404,0.2162,-0.0646,-0.0573
1635067828544,-5.2188,-7.9336,0.7661,0.2791,-0.0593,-0.0509
1635067828545,-5.0898,-7.8047,0.6343,0.3545,-0.0338,-0.0509
1635067828572,-4.9688,-7.6289,0.7397,0.3789,-0.0093,-0.0648
1635067828574,-4.9414,-7.3008,0.8091,0.3586,0.0141,-0.0775
1635067828575,-5.1914,-7.6250,0.9189,0.3555,0.0301,-0.0637
1635067828602,-5.4141,-8.1875,1.0957,0.3770,0.0194,-0.0828
1635067828604,-5.5273,-8.4766,1.3184,0.4258,0.0045,-0.0903
1635067828606,-5.6523,-8.5078,1.4023,0.4417,-0.0104,-0.1169
1635067828632,-5.6641,-8.1406,1.1533,0.4417,-0.0168,-0.1212
1635067828634,-5.4922,-7.7773,1.0166,0.3640,-0.0199,-0.1094
1635067828636,-5.4219,-7.7031,1.1250,0.1864,-0.0455,-0.1243
1635067828659,-5.3906,-7.9414,1.0430,0.0726,-0.0646,-0.1371
1635067828660,-5.3398,-7.8086,1.1797,0.0077,-0.0635,-0.1456
1635067828661,-5.3008,-7.4961,1.3740,-0.0764,-0.0806,-0.1509
1635067828689,-5.1797,-7.4570,0.9980,-0.1423,-0.0944,-0.1542
1635067828690,-5.0391,-7.9609,1.3740,-0.2168,-0.1093,-0.1509
1635067828691,-5.3633,-7.6641,1.8408,-0.4126,-0.1370,-0.1775
1635067828721,-5.4961,-7.4453,1.3574,-0.4849,-0.1273,-0.1583
1635067828722,-5.3750,-7.7109,1.2705,-0.5244,-0.1284,-0.1328
1635067828723,-5.4844,-7.9414,1.3740,-0.5889,-0.1401,-0.1499
1635067828756,-5.6680,-8.0156,1.0410,-0.6616,-0.1221,-0.1691
1635067828757,-5.5898,-7.9844,0.5435,-0.6787,-0.1168,-0.1648
1635067828759,-5.1680,-8.0234,0.2751,-0.6094,-0.1210,-0.1594
1635067828781,-4.9336,-8.2344,0.3589,-0.3965,-0.1221,-0.1371
1635067828788,-5.0313,-8.6328,0.7349,-0.0423,-0.1252,-0.0956
1635067828797,-5.0547,-8.5234,1.0361,0.3896,-0.1221,-0.0658
1635067828804,-4.9883,-8.0234,1.2617,0.7993,-0.1359,0.0023
1635067828808,-4.8398,-7.7969,1.3691,1.0781,-0.1561,0.0597
1635067828819,-4.5664,-7.8828,1.1582,1.2559,-0.1550,0.0331
1635067828824,-4.3164,-8.0859,1.0869,1.3877,-0.1390,-0.0137
1635067828849,-4.2148,-7.8711,0.9023,1.4102,-0.0721,-0.0265
1635067828853,-4.2734,-7.0703,0.5840,1.1865,0.0417,-0.0063
1635067828858,-4.3555,-6.6289,0.3782,0.8047,0.1046,0.0299
1635067828868,-4.3086,-6.7383,0.3303,0.4055,0.1365,0.0587
1635067828882,-4.2578,-7.0430,0.3040,0.1013,0.1694,0.0938
1635067828888,-4.3086,-7.3594,0.5864,-0.0657,0.1949,0.1225
1635067828893,-4.4336,-7.4063,0.9287,-0.1689,0.2013,0.1310
1635067828919,-4.5430,-7.3477,1.1582,-0.2732,0.1854,0.1353
1635067828932,-4.6445,-7.5039,1.3359,-0.4094,0.1503,0.1342
1635067828936,-4.6836,-7.7500,1.4355,-0.5337,0.1024,0.1384
1635067828942,-4.7344,-8.0078,1.3525,-0.6104,0.0620,0.1427
1635067828946,-4.7930,-8.0703,0.9932,-0.6655,0.0524,0.1310
1635067828959,-4.9453,-8.2188,0.7373,-0.7007,0.0417,0.1288
1635067828963,-5.0430,-8.4297,0.6294,-0.7095,0.0215,0.1331
1635067828989,-5.0938,-8.3594,0.6655,-0.6753,0.0226,0.1204
1635067828993,-5.1445,-8.2188,0.7993,-0.6382,0.0301,0.1055
1635067828998,-5.1563,-7.9805,0.9263,-0.6445,0.0247,0.0873
1635067829009,-5.1953,-7.8281,1.0674,-0.7114,0.0184,0.0735
1635067829013,-5.1992,-7.9609,1.1367,-0.7617,0.0056,0.0618
1635067829039,-5.1211,-8.2734,0.9600,-0.7148,-0.0019,0.0533
1635067829044,-5.0430,-8.5391,0.6963,-0.5361,0.0003,0.0703
1635067829048,-5.0898,-8.6719,0.4954,-0.2625,0.0045,0.0820
1635067829059,-5.1016,-8.2578,0.4644,-0.0072,0.0141,0.0820
1635067829063,-5.1172,-7.4766,0.4475,0.1045,0.0471,0.0863
1635067829089,-5.4805,-6.8750,0.9385,-0.0604,0.0768,0.0555
1635067829093,-5.8984,-7.2656,1.3359,-0.5454,0.0503,0.0257
1635067829098,-5.8086,-7.6875,1.0166,-1.0107,0.0311,0.0129
1635067829109,-5.5156,-8.0156,0.6343,-1.1816,0.0364,0.0129
1635067829114,-5.1328,-7.9570,0.3806,-1.1660,0.0354,0.0023
1635067829139,-5.0703,-7.6250,0.3254,-1.1240,0.0545,0.0044
1635067829144,-5.1680,-7.5117,0.2512,-1.1973,0.0620,-0.0094
1635067829148,-5.2344,-7.7617,0.0622,-1.3525,0.0460,-0.0158
1635067829159,-5.2109,-8.2813,-0.1555,-1.4199,0.0226,-0.0052
1635067829164,-5.1563,-8.5156,-0.1963,-1.3721,0.0077,-0.0084
1635067829189,-5.2070,-8.3672,-0.2561,-1.3086,0.0109,-0.0222
1635067829216,-5.3555,-8.0781,-0.3687,-1.3105,0.0258,-0.0403
1635067829220,-5.3906,-8.0000,-0.5361,-1.3691,0.0343,-0.0594
1635067829228,-5.2305,-8.2109,-0.6748,-1.4209,0.0332,-0.0743
1635067829234,-5.0977,-8.3203,-0.7515,-1.4355,0.0194,-0.0807
1635067829238,-5.0430,-8.1328,-0.7876,-1.3662,0.0067,-0.0775
1635067829244,-5.0391,-7.9453,-0.8330,-1.2500,0.0024,-0.0765
1635067829249,-4.9805,-7.6953,-0.8594,-1.1494,-0.0019,-0.0754
1635067829260,-4.9688,-7.4570,-0.8906,-1.0977,-0.0019,-0.0626
1635067829276,-4.9609,-7.5273,-0.9668,-1.0742,-0.0072,-0.0478
1635067829281,-4.9766,-7.7422,-1.1250,-1.0410,-0.0093,-0.0350
1635067829286,-4.9922,-7.9023,-1.2393,-0.9541,-0.0082,-0.0211
1635067829310,-5.0078,-7.8594,-1.4268,-0.8179,-0.0072,-0.0041
1635067829314,-4.9766,-7.8125,-1.6328,-0.6836,0.0024,0.0086
1635067829319,-4.9883,-7.7773,-1.7109,-0.5967,0.0215,0.0076
1635067829330,-5.1445,-7.8164,-1.7979,-0.5317,0.0311,0.0193
1635067829334,-5.2695,-7.8594,-1.8242,-0.4487,0.0332,0.0299
1635067829360,-5.2969,-7.9688,-1.7305,-0.3328,0.0237,0.0448
1635067829372,-5.2852,-8.0547,-1.6846,-0.1466,0.0194,0.0629
1635067829377,-5.2656,-7.8516,-1.6064,0.1002,0.0205,0.0842
1635067829383,-5.2930,-7.5000,-1.6035,0.2991,0.0279,0.1033
1635067829388,-5.3867,-7.3203,-1.7324,0.4258,0.0407,0.1086
1635067829400,-5.4414,-7.4570,-1.7500,0.5000,0.0439,0.1246
1635067829405,-5.4219,-7.7188,-1.6943,0.5503,0.0492,0.1214
1635067829430,-5.3164,-7.7695,-1.7090,0.5947,0.0598,0.1118
1635067829434,-5.2656,-7.6445,-1.5889,0.6504,0.0768,0.1161
1635067829439,-5.3008,-7.5703,-1.6367,0.6621,0.0928,0.1161
1635067829450,-5.3242,-7.6641,-1.7520,0.6260,0.0843,0.1151
1635067829454,-5.2695,-7.6875,-1.6182,0.5874,0.0641,0.1278
1635067829480,-5.2461,-7.5547,-1.5059,0.5459,0.0662,0.1299
1635067829484,-5.5313,-7.5469,-1.0293,0.3694,0.0705,0.0852
1635067829489,-5.7266,-7.6914,-0.8208,0.0939,0.0332,0.0480
1635067829500,-5.6016,-7.7344,-0.8115,-0.1168,0.0003,0.0331
1635067829505,-5.3633,-7.8594,-0.9766,-0.2274,-0.0178,0.0108
1635067829530,-5.1367,-7.6719,-1.3184,-0.2891,-0.0146,0.0012
1635067829535,-5.0469,-7.5430,-1.4336,-0.2986,-0.0146,0.0054
1635067829539,-5.1133,-7.7734,-1.4980,-0.2966,-0.0008,0.0150
1635067829550,-5.1914,-7.9297,-1.5195,-0.2795,0.0024,0.0246
1635067829555,-5.2227,-7.9844,-1.3594,-0.2507,-0.0019,0.0342
1635067829580,-5.3047,-7.9023,-1.3018,-0.2328,0.0056,0.0299
1635067829585,-5.4063,-7.8594,-1.3047,-0.2529,0.0077,0.0108
1635067829589,-5.3555,-7.8516,-1.3330,-0.2827,0.0045,0.0023
1635067829600,-5.2852,-7.7656,-1.4551,-0.3030,0.0067,0.0023
1635067829605,-5.2383,-7.6445,-1.4404,-0.3220,0.0088,-0.0020
1635067829630,-5.1250,-7.5039,-1.5410,-0.3413,0.0141,-0.0031
1635067829635,-5.0781,-7.6445,-1.7930,-0.3381,0.0290,0.0012
1635067829639,-5.1484,-8.0313,-1.8066,-0.2688,0.0343,0.0033
1635067829651,-5.2148,-8.1641,-1.6582,-0.1157,0.0279,0.0129
1635067829655,-5.2305,-8.0703,-1.5557,0.0534,0.0290,0.0225
1635067829680,-5.2734,-7.9102,-1.4844,0.1577,0.0258,0.0172
1635067829685,-5.3672,-7.8438,-1.4648,0.2087,0.0258,0.0140
1635067829690,-5.2539,-7.8281,-1.4912,0.2354,0.0269,0.0118
1635067829701,-5.1797,-7.8750,-1.4844,0.2683,0.0332,0.0108
1635067829712,-5.2031,-7.8750,-1.5439,0.3044,0.0364,0.0086
1635067829724,-5.2539,-7.9102,-1.6299,0.3662,0.0354,0.0172
1635067829729,-5.2852,-7.7969,-1.2949,0.4333,0.0279,0.0161
1635067829741,-5.2773,-7.6289,-1.2998,0.4343,0.0247,-0.0063
1635067829745,-5.3086,-7.6602,-1.4004,0.3640,0.0237,-0.0211
1635067829771,-5.4336,-8.0000,-1.2422,0.2981,0.0077,-0.0158
1635067829775,-5.3750,-8.0391,-1.2734,0.2715,0.0035,-0.0275
1635067829780,-5.2344,-7.8164,-1.3311,0.2842,-0.0008,-0.0360
1635067829791,-5.1914,-7.6523,-1.3594,0.3120,-0.0040,-0.0392
1635067829795,-5.2539,-7.6523,-1.3545,0.3406,-0.0040,-0.0328
1635067829821,-5.3125,-7.6484,-1.2422,0.3640,-0.0093,-0.0201
1635067829825,-5.2734,-7.6719,-1.1563,0.3853,-0.0051,-0.0169
1635067829830,-5.2930,-7.5703,-1.1465,0.3748,0.0088,-0.0297
1635067829841,-5.3594,-7.5117,-1.1084,0.3386,0.0162,-0.0275
1635067829845,-5.3711,-7.5273,-0.9932,0.3003,0.0088,-0.0265
1635067829871,-5.4141,-7.5859,-0.9741,0.2556,0.0088,-0.0371
1635067829875,-5.4531,-7.6563,-1.1006,0.1779,0.0120,-0.0520
1635067829880,-5.4453,-7.8047,-1.2568,0.1375,0.0035,-0.0499
1635067829891,-5.3242,-7.8789,-1.2012,0.1332,-0.0136,-0.0339
1635067829896,-5.1992,-7.7500,-1.1416,0.1555,-0.0168,-0.0201
1635067829921,-5.2891,-7.5703,-1.0508,0.1481,-0.0104,-0.0169
1635067829926,-5.3438,-7.5586,-0.9839,0.0981,-0.0104,-0.0275
1635067829941,-5.3359,-7.6563,-0.9551,0.0268,-0.0210,-0.0403
1635067829948,-5.2969,-7.8203,-0.9668,-0.0381,-0.0338,-0.0414
1635067829953,-5.2617,-7.7969,-0.8975,-0.0764,-0.0465,-0.0435
1635067829962,-5.3047,-7.6680,-0.8306,-0.0977,-0.0540,-0.0403
1635067829968,-5.3125,-7.6172,-0.8735,-0.1232,-0.0583,-0.0382
1635067829992,-5.2734,-7.5625,-0.9741,-0.1647,-0.0625,-0.0382
1635067829996,-5.2734,-7.6367,-1.1152,-0.1902,-0.0583,-0.0382
1635067830001,-5.3828,-7.8398,-1.1221,-0.2104,-0.0572,-0.0478
1635067830012,-5.4297,-7.9883,-1.1270,-0.2190,-0.0561,-0.0541
1635067830016,-5.4023,-7.9883,-1.1436,-0.2190,-0.0540,-0.0669
1635067830041,-5.4023,-7.9688,-1.1777,-0.2222,-0.0529,-0.0786
1635067830046,-5.4922,-7.9648,-1.0820,-0.2242,-0.0572,-0.0839
1635067830051,-5.4844,-7.9531,-1.0674,-0.2147,-0.0646,-0.0935
1635067830062,-5.4219,-7.9453,-1.1055,-0.2030,-0.0710,-0.1041
1635067830066,-5.4063,-7.9727,-1.1133,-0.1913,-0.0742,-0.1105
1635067830092,-5.5078,-8.0703,-1.1348,-0.1838,-0.0731,-0.1223
1635067830096,-5.5938,-8.1875,-1.1914,-0.1796,-0.0721,-0.1360
1635067830102,-5.7422,-8.3047,-1.1875,-0.1945,-0.0657,-0.1594
1635067830112,-5.9531,-8.3125,-1.1436,-0.2561,-0.0518,-0.1989
1635067830116,-6.0117,-8.3438,-1.2490,-0.3796,-0.0444,-0.2413
1635067830142,-6.0469,-8.4063,-1.3760,-0.5381,-0.0295,-0.3062
1635067830146,-6.0273,-8.4063,-1.4551,-0.6836,-0.0221,-0.3691
1635067830151,-5.9063,-8.5313,-1.5654,-0.7646,-0.0221,-0.4138
1635067830162,-5.5977,-8.7969,-1.6660,-0.7837,-0.0295,-0.4648
1635067830166,-5.4570,-8.9063,-1.8379,-0.7656,-0.0178,-0.5234
1635067830192,-5.6016,-9.1250,-2.0820,-0.7148,0.0077,-0.5615
1635067830216,-5.7383,-9.4375,-2.2129,-0.6816,0.0237,-0.6167
1635067830221,-5.7734,-9.5313,-2.1641,-0.6870,0.0417,-0.6943
1635067830229,-5.6797,-9.5156,-2.1816,-0.7456,0.0598,-0.7734
1635067830234,-5.5430,-9.4063,-2.2012,-0.8628,0.0779,-0.8701
1635067830239,-5.4766,-9.2031,-2.1465,-0.9858,0.1067,-0.9458
1635067830245,-5.2734,-9.1719,-2.2813,-1.0908,0.1205,-0.9990
1635067830250,-4.9102,-9.4688,-2.6875,-1.1367,0.1311,-1.0732
1635067830262,-4.7344,-10.2031,-3.2090,-1.1924,0.1598,-1.1660
1635067830267,-4.7617,-10.5313,-3.5020,-1.2539,0.2067,-1.2627
1635067830292,-4.6836,-10.4219,-3.8184,-1.2422,0.2524,-1.3301
1635067830297,-4.4336,-10.1016,-3.9727,-1.1592,0.3003,-1.3916
1635067830301,-4.1250,-9.8672,-4.1367,-1.0537,0.3567,-1.4434
1635067830312,-3.8418,-9.8359,-4.2617,-0.9893,0.4194,-1.5078
1635067830317,-3.5586,-9.7578,-4.1641,-0.9360,0.4875,-1.5713
1635067830343,-3.2930,-9.7422,-4.0742,-0.8018,0.5513,-1.6123
1635067830347,-2.9629,-9.6172,-3.8672,-0.5688,0.5962,-1.6328
1635067830351,-2.6406,-9.4609,-3.8320,-0.2285,0.6206,-1.6113
1635067830363,-2.2871,-9.3516,-3.7617,0.1853,0.6206,-1.5986
1635067830367,-1.9219,-8.9922,-3.6602,0.6226,0.6235,-1.5850
1635067830393,-1.5146,-8.5781,-3.7852,1.0303,0.6470,-1.5449
1635067830408,-1.1875,-8.2500,-4.0117,1.3477,0.6841,-1.5078
1635067830412,-1.0049,-8.0469,-4.1289,1.5879,0.7334,-1.4561
1635067830418,-0.8784,-7.6875,-4.0234,1.8711,0.8237,-1.3184
1635067830422,-0.7563,-7.1133,-3.6230,1.8711,0.8237,-1.3184
1635067830433,-0.5503,-6.4531,-3.3008,1.9385,0.9033,-1.1338
1635067830437,-0.2155,-5.7266,-2.5918,1.8652,0.9336,-1.0332
1635067830463,-0.1963,-5.6836,-2.4570,1.7471,0.9600,-0.9307
1635067830467,-0.1508,-5.6563,-2.2656,1.6475,0.9814,-0.8105
1635067830472,-0.1412,-5.6172,-2.1953,1.6045,1.0098,-0.6616
1635067830483,-0.3135,-5.7422,-2.0176,1.6318,1.0508,-0.5244
1635067830487,-0.5454,-5.6875,-1.6709,1.6885,1.0703,-0.3967
1635067830513,-0.5742,-5.6133,-1.5195,1.8271,1.0781,-0.2361
1635067830523,-0.4954,-5.7539,-1.2207,2.0879,1.0811,-0.0850
1635067830528,-0.4883,-6.0430,-0.9312,2.4082,1.0996,0.0735
1635067830534,-0.6196,-6.3555,-0.7515,2.7754,1.1494,0.2639
1635067830539,-0.7539,-6.7031,-0.2083,3.1719,1.1650,0.4258
1635067830564,-0.7637,-7.3633,0.6460,3.5117,1.1152,0.5298
1635067830568,-0.8042,-7.9063,1.3496,3.7461,1.0879,0.5801
1635067830573,-1.0313,-8.0469,2.3496,3.8242,1.0674,0.6074
1635067830583,-1.2041,-7.8906,3.3145,3.7285,0.9941,0.6045
1635067830588,-1.0957,-7.3828,3.5098,3.4004,0.9336,0.5840
1635067830614,-0.9165,-6.2500,2.9980,2.8223,0.9077,0.5737
1635067830619,-1.2109,-5.0820,2.3379,2.2031,0.9033,0.6011
1635067830623,-2.2383,-5.4102,1.7109,1.6914,0.8643,0.6353
1635067830634,-3.6758,-7.3047,1.6299,1.2021,0.7119,0.5894
1635067830638,-4.8281,-9.9453,2.3809,0.8086,0.4961,0.4512
1635067830664,-5.2734,-12.0391,3.5156,0.4397,0.2864,0.2927
1635067830668,-5.2773,-12.5000,4.4688,0.0056,0.0917,0.1693
1635067830673,-5.1484,-11.7813,5.0547,-0.5752,-0.0987,0.1235
1635067830684,-4.8008,-10.4766,5.5273,-1.3613,-0.3179,0.0629
1635067830688,-4.0859,-9.7422,5.1328,-2.1875,-0.5391,-0.0488
1635067830714,-3.5645,-9.7969,4.1992,-2.9688,-0.7168,-0.2148
1635067830721,-3.0781,-10.2734,3.4180,-3.5410,-0.8848,-0.3701
1635067830726,-2.4961,-10.8594,2.4434,-3.7871,-0.9937,-0.4541
1635067830735,-2.1543,-11.1172,1.3477,-3.7129,-1.0283,-0.5029
1635067830740,-1.9170,-10.9766,1.1270,-3.3789,-1.0850,-0.5156
1635067830764,-1.5322,-10.0625,1.3594,-3.0547,-1.1494,-0.5166
1635067830784,-1.3926,-9.0391,1.6182,-2.8926,-1.1797,-0.5317
1635067830789,-1.5273,-8.9375,1.8955,-2.8379,-1.2373,-0.5713
1635067830794,-1.2373,-8.8125,1.4746,-2.7383,-1.2930,-0.6074
1635067830799,-1.0078,-8.5859,0.6221,-2.4277,-1.2744,-0.6221
1635067830803,-1.0771,-8.5078,-0.0263,-1.9893,-1.2578,-0.5698
1635067830815,-1.0791,-8.2813,-0.4380,-1.5225,-1.2559,-0.4788
1635067830819,-1.1006,-7.8477,-0.2537,-1.1143,-1.2451,-0.3743
1635067830845,-1.1250,-7.5117,-0.2776,-0.7925,-1.2266,-0.2489
1635067830849,-1.2158,-7.6172,-0.5889,-0.4966,-1.1953,-0.1243
1635067830854,-1.4121,-8.0703,-1.1387,-0.1625,-1.1621,-0.0041
1635067830865,-1.6201,-8.3828,-1.5586,0.1769,-1.1387,0.1161
1635067830869,-1.7109,-8.2578,-1.9414,0.5024,-1.1006,0.2172
1635067830895,-1.6680,-7.7422,-2.0078,0.8535,-1.0420,0.3257
1635067830899,-1.6709,-7.0117,-1.7354,1.2031,-0.9883,0.4724
1635067830904,-1.6826,-6.4297,-1.5674,1.5342,-0.9326,0.6353
1635067830915,-1.7373,-6.0078,-1.6133,1.8066,-0.8638,0.7798
1635067830920,-1.8379,-6.0469,-1.5801,2.1152,-0.8135,0.9204
1635067830945,-1.8809,-6.6367,-1.4053,2.5059,-0.7627,1.0723
1635067830950,-2.0215,-7.1797,-1.3359,2.9238,-0.6763,1.2012
1635067830954,-2.2715,-7.7813,-1.3281,3.2695,-0.5669,1.2861
1635067830965,-2.6895,-8.3672,-1.3281,3.4199,-0.4541,1.3350
1635067830970,-3.0449,-8.5469,-1.0674,3.3496,-0.3423,1.3623
1635067830996,-3.1113,-8.4297,-0.6938,3.1270,-0.2263,1.3838
1635067831000,-2.9531,-8.2891,-0.5981,2.7598,-0.0891,1.4180
1635067831005,-2.8750,-7.9453,-0.6436,2.3359,0.0428,1.4492
1635067831016,-2.8477,-7.8008,-0.5479,1.9619,0.1406,1.4951
1635067831021,-2.9551,-8.0000,-0.2776,1.6074,0.2238,1.5303
1635067831046,-3.3301,-8.2578,0.1963,1.2275,0.2927,1.5186
1635067831050,-3.7461,-8.6172,0.5098,0.8652,0.3342,1.4639
1635067831064,-4.1016,-9.1719,0.6797,0.5586,0.3535,1.3916
1635067831070,-4.4258,-9.7891,0.9624,0.3088,0.3523,1.3047
1635067831074,-4.5313,-10.1484,1.1826,0.1736,0.3408,1.2002
1635067831091,-4.4336,-10.1328,1.4717,0.1577,0.3311,1.1094
1635067831096,-4.3203,-9.8984,1.7715,0.2279,0.3215,1.0430
1635067831108,-4.2188,-9.5859,2.0371,0.3225,0.3025,0.9771
1635067831113,-4.1563,-9.2813,2.1484,0.4172,0.2737,0.9194
1635067831143,-4.1484,-9.3359,2.1582,0.4907,0.2439,0.8652
1635067831145,-4.2305,-9.6094,2.1582,0.4854,0.2216,0.7915
1635067831146,-4.3047,-9.7656,2.2617,0.4141,0.1918,0.7163
1635067831166,-4.4492,-9.7344,2.4453,0.2810,0.1663,0.6426
1635067831171,-4.5313,-9.4063,2.5820,0.0981,0.1514,0.5659
1635067831175,-4.4805,-8.9609,2.6738,-0.1157,0.1503,0.5073
1635067831186,-4.3164,-8.6328,2.6563,-0.4595,0.1343,0.4524
1635067831191,-4.1172,-8.4844,2.6641,-0.5591,0.1417,0.4182
1635067831223,-4.1719,-8.8203,2.6309,-0.6372,0.1322,0.3831
1635067831231,-4.1680,-9.0000,2.5840,-0.6401,0.1056,0.3618
1635067831235,-4.1563,-9.1797,2.6367,-0.5796,0.0715,0.3416
1635067831243,-4.2695,-9.2891,2.5918,-0.4861,0.0545,0.3140
1635067831250,-4.5508,-9.1484,2.5527,-0.3892,0.0482,0.2756
1635067831257,-4.8320,-8.6406,2.5840,-0.3413,0.0364,0.2449
1635067831276,-4.9609,-8.2266,2.5273,-0.3328,0.0226,0.2129
1635067831282,-4.9570,-8.2734,2.4492,-0.3562,0.0024,0.1661
1635067831287,-4.8477,-8.4922,2.1680,-0.3955,-0.0104,0.1172
1635067831298,-4.7578,-8.7344,1.8838,-0.3679,-0.0231,0.0703
1635067831300,-4.8242,-9.0625,1.9795,-0.2264,-0.0529,0.0448
1635067831330,-4.9531,-9.0469,2.6348,-0.0019,-0.1210,0.0289
1635067831332,-4.9648,-8.9531,3.1289,0.2791,-0.1848,0.0469
1635067831333,-4.9453,-8.8672,3.1621,0.5396,-0.2008,0.0512
1635067831358,-4.8477,-8.7969,2.9160,0.7969,-0.2029,0.0203
1635067831360,-4.7109,-8.5078,2.5820,1.0586,-0.2146,0.0023
1635067831363,-4.4570,-8.1016,2.5273,1.3213,-0.2008,0.0033
1635067831387,-4.2891,-7.8398,2.0059,1.5635,-0.1390,0.0214
1635067831391,-4.2578,-7.9766,1.9121,1.8984,-0.0955,-0.0084
1635067831395,-4.1602,-8.1484,2.3164,2.2207,-0.0476,-0.0084
1635067831407,-4.2852,-8.3125,2.8457,2.4805,0.0258,-0.0084
1635067831411,-4.5703,-8.3281,3.4902,2.6484,0.0609,-0.0328
1635067831438,-4.5430,-8.4219,3.8926,2.7676,0.0843,-0.0509
