1635067922382,-0.7490,-0.8760,10.0313,0.0779,0.0269,-0.8149
1635067922383,-0.7778,-0.6558,10.1016,0.1758,0.0279,-0.8169
1635067922385,-0.7563,-0.3328,10.0938,0.2087,0.0386,-0.8286
1635067922413,-0.6294,-0.2561,10.0391,0.1938,0.0343,-0.8657
1635067922415,-0.5386,-0.3303,9.9609,0.1481,0.0322,-0.8989
1635067922416,-0.5527,-0.5049,9.8594,0.1066,0.0375,-0.9087
1635067922446,-0.5288,-0.6606,9.7344,0.0896,0.0450,-0.9224
1635067922448,-0.4211,-0.7275,9.6406,0.1109,0.0620,-0.9385
1635067922449,-0.4141,-0.7661,9.5781,0.1715,0.0833,-0.9512
1635067922462,-0.4070,-0.7085,9.5625,0.2227,0.1024,-0.9595
1635067922463,-0.4092,-0.6128,9.6484,0.2428,0.1205,-0.9722
1635067922492,-0.4070,-0.5479,9.6250,0.2385,0.1385,-0.9863
1635067922496,-0.3831,-0.4668,9.6797,0.2216,0.1492,-0.9966
1635067922500,-0.3733,-0.4045,9.7500,0.2013,0.1577,-1.0020
1635067922512,-0.3687,-0.4045,9.7891,0.1641,0.1641,-1.0010
1635067922513,-0.3733,-0.5146,9.7891,0.1268,0.1683,-1.0107
1635067922538,-0.4309,-0.6987,9.7500,0.1066,0.1715,-1.0264
1635067922540,-0.4763,-0.8975,9.7422,0.1141,0.1737,-1.0283
1635067922541,-0.5122,-0.9888,9.7266,0.1417,0.1832,-1.0264
1635067922569,-0.5742,-0.9238,9.7109,0.1683,0.1907,-1.0283
1635067922570,-0.5864,-0.8618,9.7500,0.1864,0.1832,-1.0264
1635067922571,-0.6030,-0.8306,9.8281,0.1843,0.1769,-1.0234
1635067922601,-0.5840,-0.7539,9.8047,0.1747,0.1801,-1.0176
1635067922603,-0.5649,-0.5938,9.8359,0.1661,0.1769,-1.0029
1635067922605,-0.5791,-0.5146,9.8359,0.1534,0.1694,-0.9883
1635067922631,-0.5889,-0.4763,9.8594,0.1268,0.1566,-0.9829
1635067922633,-0.5718,-0.5503,9.8828,0.0960,0.1428,-0.9810
1635067922635,-0.5386,-0.7681,9.8750,0.0673,0.1354,-0.9849
1635067922661,-0.4907,-0.8833,9.7734,0.0662,0.1343,-0.9746
1635067922663,-0.4739,-0.8999,9.7344,0.1109,0.1343,-0.9585
1635067922665,-0.4548,-0.7422,9.7266,0.1481,0.1406,-0.9414
1635067922694,-0.4763,-0.6177,9.7969,0.1503,0.1449,-0.9287
1635067922696,-0.4812,-0.6030,9.7813,0.1247,0.1523,-0.9287
1635067922700,-0.4834,-0.5840,9.7891,0.0928,0.1545,-0.9204
1635067922718,-0.4644,-0.6245,9.7422,0.0757,0.1577,-0.9053
1635067922723,-0.5171,-0.6963,9.7578,0.0726,0.1598,-0.8979
1635067922729,-0.5815,-0.8164,9.8203,0.0790,0.1620,-0.8926
1635067922738,-0.6270,-0.9189,9.8750,0.0917,0.1683,-0.8809
1635067922743,-0.6895,-0.9692,9.8984,0.1141,0.1683,-0.8691
1635067922768,-0.6724,-0.9072,9.9688,0.1438,0.1663,-0.8584
1635067922773,-0.6919,-0.7563,10.0313,0.1598,0.1641,-0.8394
1635067922778,-0.7588,-0.6938,10.0313,0.1598,0.1598,-0.8159
1635067922788,-0.7827,-0.6294,9.9922,0.1449,0.1503,-0.8008
1635067922799,-0.8379,-0.5195,10.0000,0.1257,0.1449,-0.7817
1635067922808,-0.9121,-0.4475,10.0703,0.1141,0.1439,-0.7529
1635067922813,-0.9668,-0.4475,10.1250,0.1035,0.1406,-0.7285
1635067922850,-1.0195,-0.4883,10.1563,0.0917,0.1322,-0.7095
1635067922852,-1.0605,-0.5435,10.1250,0.0768,0.1248,-0.6924
1635067922854,-1.0508,-0.5840,10.0781,0.0768,0.1162,-0.6753
1635067922868,-1.0576,-0.5479,10.0703,0.0960,0.1120,-0.6499
1635067922873,-1.0605,-0.5122,10.0000,0.1162,0.1077,-0.6221
1635067922878,-1.0771,-0.4644,9.9922,0.1321,0.1035,-0.5996
1635067922888,-1.0889,-0.2297,9.9609,0.1512,0.1003,-0.5742
1635067922893,-1.0908,0.0431,10.0313,0.1661,0.0950,-0.5298
1635067922918,-1.0723,0.1101,10.0781,0.1555,0.0928,-0.4915
1635067922923,-1.1006,0.0024,10.0625,0.1109,0.0875,-0.4680
1635067922928,-1.1563,-0.2010,10.0547,0.0683,0.0843,-0.4392
1635067922938,-1.1563,-0.3613,10.0391,0.0577,0.0833,-0.4075
1635067922943,-1.0869,-0.4475,10.0313,0.0949,0.0790,-0.3660
1635067922968,-1.0195,-0.4573,10.0703,0.1332,0.0737,-0.3201
1635067922973,-1.0693,-0.4404,10.0859,0.1492,0.0705,-0.2754
1635067922978,-1.1387,-0.3757,10.1172,0.1566,0.0609,-0.2329
1635067922988,-1.2109,-0.2727,10.1406,0.1555,0.0503,-0.1946
1635067922993,-1.2783,-0.1604,10.1250,0.1438,0.0386,-0.1573
1635067923018,-1.3447,-0.1221,10.1016,0.1247,0.0279,-0.1276
1635067923023,-1.3926,-0.0503,10.0859,0.1098,0.0162,-0.0988
1635067923028,-1.3711,-0.0407,10.0391,0.1066,0.0067,-0.0637
1635067923038,-1.3184,-0.0311,10.0000,0.1056,-0.0008,-0.0339
1635067923043,-1.2637,0.0120,10.0234,0.1205,-0.0093,-0.0020
1635067923068,-1.2324,0.0144,10.0703,0.1289,-0.0146,0.0320
1635067923073,-1.2207,0.0526,10.0859,0.1247,-0.0221,0.0608
1635067923078,-1.2441,0.1915,10.0938,0.1268,-0.0263,0.0938
1635067923088,-1.2422,0.1747,10.1094,0.1257,-0.0316,0.1310
1635067923093,-1.2656,0.1245,9.9844,0.0992,-0.0316,0.1587
1635067923119,-1.2998,0.0096,9.9609,0.0843,-0.0391,0.1874
1635067923124,-1.2920,-0.0862,9.8750,0.0928,-0.0465,0.2161
1635067923128,-1.2900,-0.0598,9.8203,0.1088,-0.0465,0.2480
1635067923139,-1.2969,-0.0598,9.8750,0.1438,-0.0518,0.2820
1635067923143,-1.3115,0.0144,9.9297,0.1620,-0.0551,0.3054
1635067923169,-1.3496,0.0766,9.9453,0.1587,-0.0529,0.3267
1635067923177,-1.3691,0.1794,9.9531,0.1609,-0.0551,0.3447
1635067923182,-1.3662,0.2585,10.0547,0.1715,-0.0646,0.3596
1635067923192,-1.3525,0.3638,10.0938,0.1704,-0.0710,0.3789
1635067923199,-1.3545,0.4236,10.0703,0.1534,-0.0764,0.3979
1635067923211,-1.3740,0.3950,10.0000,0.1321,-0.0795,0.3992
1635067923213,-1.3447,0.2920,9.9844,0.1289,-0.0838,0.3970
1635067923242,-1.2871,0.2441,10.0000,0.1406,-0.0827,0.4055
1635067923244,-1.2900,0.1364,10.0547,0.1736,-0.0806,0.4119
1635067923246,-1.3477,0.0862,10.0781,0.2141,-0.0795,0.4087
1635067923273,-1.4053,0.1436,10.1406,0.2524,-0.0784,0.4043
1635067923274,-1.4189,0.1843,10.1328,0.2842,-0.0774,0.4011
1635067923276,-1.3955,0.3254,10.0938,0.2959,-0.0827,0.4023
1635067923302,-1.3379,0.5146,10.1016,0.3035,-0.0901,0.4109
1635067923304,-1.3428,0.6196,10.0391,0.2927,-0.0966,0.4268
1635067923306,-1.3711,0.7349,10.0469,0.2556,-0.1050,0.4363
1635067923333,-1.3594,0.8115,9.9922,0.2162,-0.1146,0.4448
1635067923334,-1.3281,0.7422,9.9688,0.1886,-0.1221,0.4480
1635067923336,-1.3711,0.5864,9.9297,0.1715,-0.1306,0.4470
1635067923362,-1.4482,0.4355,9.8281,0.1683,-0.1390,0.4524
1635067923363,-1.4766,0.3184,9.7578,0.1907,-0.1423,0.4619
1635067923365,-1.4404,0.3254,9.7344,0.2365,-0.1487,0.4724
1635067923391,-1.3975,0.3542,9.7813,0.2939,-0.1572,0.4873
1635067923392,-1.3877,0.4932,9.7969,0.3364,-0.1656,0.5098
1635067923393,-1.3545,0.7681,9.7969,0.3428,-0.1721,0.5342
1635067923420,-1.3691,1.0957,9.7813,0.3171,-0.1785,0.5640
1635067923421,-1.5010,1.4355,9.7734,0.2588,-0.1816,0.6108
1635067923422,-1.6064,1.9219,9.7266,0.1545,-0.1859,0.6992
1635067923450,-1.3838,2.0996,9.6953,0.0321,-0.1965,0.7617
1635067923452,-1.5273,1.7324,9.7656,-0.0881,-0.1838,0.7534
1635067923454,-1.7188,1.1006,9.6250,-0.1785,-0.1902,0.7607
1635067923482,-1.7637,1.1006,9.5469,-0.1583,-0.1965,0.7993
1635067923484,-1.8770,1.1699,9.5859,-0.0519,-0.1976,0.9004
1635067923486,-2.3027,0.9312,9.7500,-0.0317,-0.1731,0.9248
1635067923522,-2.6328,1.0723,9.6250,-0.0944,-0.1965,0.9355
1635067923523,-2.9434,1.2520,9.3906,-0.0699,-0.2242,0.9888
1635067923524,-3.2871,1.3213,9.4063,-0.0221,-0.2507,1.0605
1635067923593,-3.4805,1.4961,9.4219,-0.0370,-0.2773,1.1211
1635067923594,-3.6504,1.6250,9.4297,-0.0977,-0.3093,1.1943
1635067923595,-3.8359,1.6729,9.3984,-0.2157,-0.3477,1.2813
1635067923596,-3.9238,1.5410,9.3828,-0.3667,-0.3914,1.3447
1635067923603,-3.9395,1.2686,9.4531,-0.5264,-0.4443,1.4004
1635067923605,-3.9727,1.0215,9.5234,-0.6699,-0.5059,1.4785
1635067923606,-4.0156,1.0127,9.5859,-0.8223,-0.5645,1.5830
1635067923607,-4.0195,1.0986,9.5703,-0.9893,-0.6147,1.6768
1635067923636,-4.0078,1.1963,9.4141,-1.1592,-0.6411,1.7490
1635067923638,-3.9941,1.1729,9.4219,-1.3262,-0.6880,1.8350
1635067923640,-3.9844,0.6460,9.3984,-1.4658,-0.7690,1.9082
1635067923645,-3.9766,-0.1604,9.3516,-1.5693,-0.8540,1.9268
1635067923653,-3.9199,-1.0459,9.4219,-1.5967,-0.9380,1.9365
1635067923658,-3.7070,-1.8242,9.4453,-1.5449,-1.0195,1.9629
1635067923661,-3.3105,-2.1387,9.3516,-1.4355,-1.0762,1.9961
1635067923691,-2.8555,-1.8145,9.2188,-1.3154,-1.0977,2.0547
1635067923693,-2.3223,-1.1387,9.1016,-1.2383,-1.1152,2.1406
1635067923700,-1.8721,-0.5171,9.0703,-1.1953,-1.1299,2.2246
1635067923708,-1.6660,-0.3494,9.1875,-1.4414,-1.1963,2.3730
1635067923712,-1.5586,-0.6533,9.2578,-1.4414,-1.1963,2.3730
1635067923740,-1.3135,-1.2734,9.3672,-1.8154,-1.2617,2.4727
1635067923743,-1.1133,-1.5889,9.2578,-1.9395,-1.2979,2.4980
1635067923747,-0.9385,-1.8555,9.1719,-2.0156,-1.3379,2.5156
1635067923758,-0.7324,-2.1602,8.8984,-2.0371,-1.3828,2.5430
1635067923761,-0.5239,-2.4355,8.6953,-2.0156,-1.4160,2.5742
1635067923788,-0.3806,-2.8809,8.5938,-1.9121,-1.4434,2.5898
1635067923792,-0.2202,-3.6602,8.3984,-1.7363,-1.4795,2.5879
1635067923800,0.0837,-4.3047,8.3203,-1.5361,-1.4912,2.5918
1635067923823,0.3997,-4.4961,8.3203,-1.3584,-1.4619,2.6289
1635067923824,0.6343,-4.4453,8.3281,-1.2246,-1.4238,2.6836
1635067923825,0.7134,-4.4844,8.4297,-1.1338,-1.4170,2.7168
1635067923854,0.8906,-4.4727,8.5703,-1.0654,-1.4404,2.7051
1635067923856,0.9980,-4.4805,8.6797,-0.9658,-1.4521,2.6855
1635067923857,1.0391,-4.7031,8.7266,-0.8638,-1.4785,2.6855
1635067923868,1.2373,-4.9258,8.8125,-0.7837,-1.5215,2.6875
1635067923871,1.4531,-5.1328,8.8828,-0.6670,-1.5625,2.6660
1635067923911,1.6543,-5.2656,8.8516,-0.5273,-1.5830,2.6270
1635067923913,1.9033,-5.1875,8.6484,-0.3816,-1.5801,2.5840
1635067923916,2.0410,-5.0117,8.5000,-0.2477,-1.5537,2.5391
1635067923921,2.0801,-4.9023,8.4609,-0.1541,-1.5273,2.5020
1635067923924,2.0781,-4.8242,8.2813,-0.1295,-1.5098,2.4609
1635067923952,2.0957,-4.8555,8.1563,-0.1210,-1.4951,2.4102
1635067923953,2.1992,-5.1055,7.9648,-0.1083,-1.4902,2.3359
1635067923955,2.4824,-5.1211,7.8828,-0.0859,-1.4531,2.2402
1635067923985,2.6797,-5.1016,7.9375,-0.0604,-1.3926,2.1719
1635067923986,2.8574,-5.2070,7.8281,-0.0710,-1.3477,2.1074
1635067923987,3.0684,-5.3789,7.7227,-0.0508,-1.3086,1.9873
1635067924018,3.3418,-5.6523,7.6680,0.0396,-1.2539,1.8613
1635067924020,3.6719,-5.7148,7.7500,0.1758,-1.1826,1.7695
1635067924021,3.9043,-5.3672,8.1094,0.2854,-1.0791,1.6953
1635067924043,3.8809,-5.0508,8.2734,0.3279,-1.0078,1.5908
1635067924044,4.0000,-4.8086,8.1172,0.2971,-0.9521,1.4551
1635067924046,4.0234,-4.5195,7.9883,0.2067,-0.8784,1.3477
1635067924073,3.9473,-4.5078,7.6875,0.1492,-0.8135,1.2578
1635067924076,4.0234,-4.6953,7.5234,0.0917,-0.7817,1.1465
1635067924078,4.3867,-4.2539,7.1406,0.0694,-0.6943,1.0400
1635067924102,4.3086,-3.9609,7.0430,0.0864,-0.5654,0.9971
1635067924103,4.0273,-4.6484,7.0977,0.0428,-0.5166,0.9023
1635067924104,4.0117,-4.9844,6.9102,0.0428,-0.4731,0.7280
1635067924137,4.2539,-4.3516,7.0898,0.2460,-0.3955,0.6235
1635067924138,4.4766,-3.5566,7.2422,0.4683,-0.2678,0.5981
1635067924139,4.2578,-3.2051,7.1484,0.4482,-0.1498,0.5854
1635067924160,3.8535,-2.9824,7.0859,0.1215,-0.0859,0.5439
1635067924165,3.4805,-3.0762,7.1836,-0.3945,-0.0168,0.4885
1635067924167,3.3438,-3.1113,7.4805,-1.0107,0.1013,0.4192
1635067924192,3.1719,-3.5703,7.6211,-1.6641,0.1631,0.3979
1635067924194,2.9082,-5.0625,6.9922,-2.0801,0.1534,0.3257
1635067924196,2.8711,-6.4570,6.1211,-2.1094,0.1832,0.1768
1635067924221,2.9180,-6.7031,5.4766,-1.8721,0.3108,0.1161
1635067924223,2.6523,-7.0078,5.0391,-1.4814,0.4121,0.1299
1635067924224,2.4941,-7.6914,5.1992,-1.0146,0.4502,0.0735
1635067924251,2.4355,-7.5078,5.5391,-0.5410,0.4705,0.0076
1635067924252,2.3652,-7.0547,5.9648,-0.0572,0.5171,-0.0233
1635067924253,2.3906,-6.9531,6.7734,0.2024,0.5522,-0.0797
1635067924283,2.5781,-6.3828,7.1914,0.0832,0.5811,-0.1477
1635067924285,2.8320,-5.4102,7.0039,-0.1625,0.6025,-0.2031
1635067924286,2.8340,-4.8477,6.9141,-0.4348,0.6577,-0.2158
1635067924313,2.6348,-4.5195,6.8242,-0.8838,0.7441,-0.2074
1635067924317,2.3359,-4.5938,6.3555,-1.4658,0.8335,-0.2233
1635067924318,1.8789,-5.2188,5.9844,-2.0469,0.8735,-0.2307
1635067924343,1.7520,-5.9258,5.6094,-2.5059,0.8896,-0.2169
1635067924345,1.8809,-6.3164,5.2852,-2.7969,0.9399,-0.1829
1635067924347,1.9316,-6.3438,5.0273,-3.0176,1.0342,-0.1223
1635067924374,1.7568,-6.2305,4.6758,-3.2656,1.1484,-0.0573
1635067924376,1.5703,-6.4141,4.2813,-3.4434,1.2197,0.0097
1635067924377,1.3857,-6.7695,4.0938,-3.5234,1.2949,0.0820
1635067924404,1.0557,-6.9805,4.3711,-3.5605,1.3516,0.1384
1635067924405,0.9385,-7.0000,4.6016,-3.5098,1.3682,0.1682
1635067924407,1.0264,-6.8711,3.9766,-3.3965,1.4404,0.1693
1635067924433,0.9165,-6.8984,3.1777,-3.3398,1.5547,0.1980
1635067924435,0.8496,-7.2070,2.2598,-3.3633,1.6494,0.2566
1635067924437,0.8447,-7.9102,1.3213,-3.3711,1.7285,0.2937
1635067924464,0.8140,-8.7422,0.8521,-3.2617,1.7793,0.3362
1635067924465,0.7612,-9.5547,0.5767,-2.9199,1.8301,0.4299
1635067924467,0.6079,-10.1563,0.4309,-2.3164,1.8906,0.5298
1635067924494,0.4116,-9.7656,0.6460,-1.6758,1.9434,0.5820
1635067924496,0.2489,-8.8203,1.4141,-1.0977,1.9834,0.6362
1635067924498,-0.1794,-8.3984,2.5820,-0.6328,1.9951,0.7236
1635067924522,-0.8447,-8.2188,3.3867,-0.4126,1.9863,0.7515
1635067924524,-1.3545,-8.4922,3.5352,-0.4019,1.9824,0.7319
1635067924525,-1.7256,-9.4141,3.2129,-0.5127,1.9561,0.6758
1635067924551,-1.5840,-10.3750,2.7793,-0.6157,1.8672,0.6289
1635067924552,-1.1172,-10.4609,2.4180,-0.4646,1.7881,0.6426
1635067924554,-1.0215,-10.3984,2.8027,-0.1104,1.7520,0.7021
1635067924581,-1.4355,-10.3672,3.2871,0.1098,1.7227,0.7129
1635067924582,-2.0293,-10.2500,3.6016,0.1172,1.6777,0.6831
1635067924583,-2.3066,-9.9453,3.8203,0.0290,1.6133,0.6724
1635067924613,-2.2637,-9.3984,3.8203,-0.1115,1.5596,0.6597
1635067924615,-2.4023,-9.3594,3.6602,-0.2625,1.5146,0.6382
1635067924617,-2.3809,-9.7422,3.1855,-0.3455,1.4512,0.6118
1635067924644,-2.3652,-9.7656,2.8984,-0.3796,1.4219,0.6128
1635067924645,-2.5781,-9.6953,2.8457,-0.3435,1.4033,0.6235
1635067924647,-2.7207,-9.7109,2.7852,-0.2817,1.3613,0.6074
1635067924674,-2.8633,-9.4063,2.6250,-0.2200,1.3271,0.6235
1635067924675,-3.1211,-9.2969,2.7207,-0.1593,1.2949,0.6577
1635067924677,-3.3320,-9.4922,2.7793,-0.1392,1.2588,0.6333
1635067924702,-3.6367,-9.8984,3.0078,-0.1040,1.2139,0.6162
1635067924710,-3.9336,-10.1250,2.7969,0.0279,1.1680,0.6235
1635067924712,-4.1797,-10.1016,2.6855,0.2482,1.1514,0.6162
1635067924723,-4.4219,-9.7422,2.7051,0.4087,1.1592,0.5830
1635067924724,-4.6602,-9.3984,2.7461,0.4451,1.1504,0.5503
1635067924754,-4.6758,-9.3906,2.6465,0.3694,1.1172,0.5151
1635067924755,-4.4258,-9.3594,2.2305,0.2769,1.0840,0.4917
1635067924757,-4.1836,-9.3359,1.7998,0.3342,1.0703,0.5063
1635067924784,-4.0977,-9.3828,1.1797,0.5313,1.1035,0.5054
1635067924785,-4.2031,-9.2578,1.2178,0.6929,1.1563,0.4607
1635067924787,-4.7773,-9.0391,1.9775,0.3418,1.1885,0.3577
1635067924814,-5.1719,-9.2031,2.5996,0.0406,1.1533,0.3247
1635067924815,-5.1992,-9.1797,2.6660,-0.1263,1.1260,0.2639
1635067924817,-4.9453,-9.4375,2.3379,-0.0912,1.0918,0.2043
1635067924844,-4.6719,-9.8672,2.0586,-0.0083,1.0225,0.1384
1635067924846,-4.4531,-9.9531,2.0195,0.1375,0.9292,0.0938
1635067924847,-4.3164,-9.5313,2.2969,0.3918,0.8501,0.0938
1635067924874,-4.1484,-8.9297,2.6270,0.6377,0.7939,0.0959
1635067924876,-3.9766,-8.3047,2.9023,0.7173,0.7559,0.0863
1635067924877,-4.0938,-7.9844,2.8711,0.6685,0.7012,0.0895
1635067924904,-4.2578,-8.1797,2.8008,0.5908,0.6362,0.1331
1635067924906,-4.6523,-8.4297,3.0059,0.6055,0.5757,0.2012
1635067924907,-5.2148,-8.8672,3.4043,0.7192,0.5205,0.2172
1635067924934,-5.4453,-8.2813,3.2617,0.7939,0.4780,0.2108
1635067924936,-5.5859,-7.5078,3.0391,0.9258,0.4290,0.2395
1635067924937,-5.4844,-7.8477,2.7227,1.0674,0.3843,0.2374
1635067924964,-5.2773,-8.4297,2.2656,1.1514,0.3726,0.1757
1635067924966,-5.2695,-8.7266,2.3281,1.2725,0.3662,0.1235
1635067924968,-5.2070,-8.4688,2.8281,1.3809,0.3599,0.0895
1635067924994,-5.1289,-7.6680,3.5488,1.3662,0.3630,0.0693
1635067924996,-5.1094,-7.1094,4.2852,1.2119,0.3342,0.0757
1635067924997,-5.0391,-6.9063,4.6914,0.9917,0.2886,0.0863
1635067925025,-4.9063,-6.9766,4.4414,0.8184,0.2461,0.1022
1635067925027,-4.8281,-7.3516,4.1367,0.7417,0.1694,0.1246
1635067925030,-4.5430,-7.2852,4.0742,0.7739,0.0726,0.1725
1635067925057,-4.3125,-7.1016,4.2500,0.8408,0.0173,0.2384
1635067925059,-4.3906,-6.9766,4.3711,0.7788,-0.0189,0.2469
1635067925063,-4.3281,-6.8828,4.3828,0.6128,-0.0487,0.2332
1635067925083,-4.2031,-7.0195,4.2188,0.4172,-0.0497,0.2500
1635067925088,-4.0547,-7.2734,3.7441,0.2939,-0.0423,0.2598
1635067925093,-3.7598,-7.4492,3.3672,0.2417,0.0077,0.2734
1635067925106,-3.8184,-7.1641,3.3164,0.1747,0.0715,0.2756
1635067925107,-4.2148,-7.3164,3.6699,0.1801,0.0588,0.2766
1635067925130,-4.5977,-8.0859,4.1484,0.3364,0.0088,0.2810
1635067925133,-4.7422,-8.4844,4.4844,0.6055,-0.0104,0.2715
1635067925136,-4.8438,-8.7344,4.6758,0.9214,-0.0199,0.2395
1635067925160,-4.6992,-8.5313,4.6719,1.1865,-0.0157,0.2012
1635067925164,-4.4961,-7.9961,4.5938,1.3584,0.0109,0.1757
1635067925169,-4.4961,-7.8359,4.4727,1.3818,0.0343,0.1225
1635067925182,-4.6211,-7.8633,4.4023,1.2998,0.0460,0.0735
1635067925187,-4.5820,-7.8438,4.2383,1.2246,0.0641,0.0544
1635067925219,-4.3438,-7.3750,3.9883,1.1504,0.1013,0.0374
1635067925222,-4.2031,-6.7891,3.7676,1.0908,0.1365,0.0320
1635067925224,-4.3555,-6.6172,3.8301,0.9897,0.1503,0.0448
1635067925245,-4.7891,-6.7656,4.2031,0.8154,0.1460,0.0512
1635067925246,-5.2188,-6.9219,4.7188,0.5918,0.1311,0.0448
1635067925248,-5.4492,-6.8594,4.9727,0.3608,0.1216,0.0491
1635067925269,-5.4414,-6.9570,4.8906,0.2385,0.1152,0.0491
1635067925271,-5.2852,-7.0352,4.6445,0.2524,0.1109,0.0331
1635067925272,-5.1328,-6.8203,4.3164,0.3342,0.1354,0.0395
1635067925299,-5.0898,-6.3828,4.0977,0.3938,0.1503,0.0650
1635067925301,-4.9727,-5.9609,3.8809,0.3672,0.1652,0.0820
1635067925302,-4.9023,-5.7422,4.0117,0.2076,0.1683,0.1022
1635067925330,-4.9414,-5.6211,4.3281,-0.0604,0.1514,0.1140
1635067925331,-5.1797,-5.7813,4.6406,-0.3774,0.1385,0.1214
1635067925332,-5.4688,-6.1523,4.7617,-0.6274,0.1162,0.1256
1635067925367,-5.4492,-6.5508,4.6602,-0.6553,0.0864,0.1310
1635067925369,-5.2422,-6.6602,4.5547,-0.5112,0.0864,0.1597
1635067925371,-5.2344,-6.7188,4.4141,-0.2935,0.0864,0.1746
1635067925395,-5.2617,-7.1055,4.2813,-0.0774,0.0747,0.1714
1635067925401,-5.1953,-7.3555,4.2031,0.1035,0.0897,0.1522
1635067925407,-5.1211,-7.3359,4.3555,0.2791,0.1077,0.1321
1635067925415,-4.9727,-7.0000,4.5625,0.4045,0.1322,0.1140
1635067925421,-4.8398,-6.4375,4.8008,0.4194,0.1577,0.1012
1635067925433,-4.7969,-6.0234,5.0000,0.3247,0.1588,0.1012
1635067925439,-4.7188,-6.0977,4.9531,0.1970,0.1566,0.1086
1635067925453,-4.6641,-6.2969,4.7891,0.0609,0.1694,0.1033
1635067925459,-4.5313,-6.3828,4.5313,-0.0317,0.1875,0.1055
1635067925482,-4.4297,-6.4336,4.4336,-0.0540,0.1971,0.1256
1635067925489,-4.4883,-6.3438,4.5313,-0.0413,0.2087,0.1342
1635067925496,-4.5898,-6.2813,4.7422,-0.0210,0.2013,0.1427
1635067925502,-4.7031,-6.3008,4.8984,-0.0115,0.1960,0.1565
1635067925513,-4.8867,-6.6719,5.2070,0.0098,0.1758,0.1427
1635067925565,-4.9805,-7.0156,5.4727,0.0620,0.1460,0.1225
1635067925583,-5.0234,-7.1016,5.6797,0.1981,0.1300,0.1288
1635067925609,-5.0156,-7.0234,5.5938,0.4001,0.1109,0.1416
1635067925631,-4.9102,-6.8945,5.4297,0.6621,0.0737,0.1479
1635067925658,-4.7031,-6.5469,5.3672,0.9229,0.0503,0.1608
1635067925690,-4.7188,-6.1563,5.5156,1.1084,0.0386,0.1768
1635067925723,-4.8672,-5.9258,5.5898,1.1650,0.0301,0.1714
1635067925729,-4.9531,-5.9375,5.4453,1.0986,0.0407,0.1501
1635067925752,-5.0078,-6.1758,5.3438,0.9824,0.0460,0.1310
1635067925760,-4.9141,-6.3750,5.2109,0.8906,0.0652,0.1161
1635067925771,-4.7969,-6.3359,5.0820,0.8633,0.1152,0.1097
1635067925777,-4.8086,-6.1094,5.2305,0.8589,0.1631,0.1055
1635067925789,-4.9531,-5.8711,5.5234,0.8101,0.1938,0.1055
1635067925795,-5.1094,-5.7461,5.6680,0.7021,0.2067,0.1182
1635067925805,-5.2188,-5.8438,5.6680,0.5791,0.1971,0.1214
1635067925812,-5.2305,-5.9180,5.5938,0.4727,0.1832,0.1129
1635067925821,-5.2500,-5.9531,5.6094,0.3928,0.1652,0.1086
1635067925827,-5.3047,-6.0273,5.6953,0.3374,0.1417,0.1012
1635067925838,-5.3672,-6.1016,5.8789,0.3098,0.1120,0.1002
1635067925853,-5.2734,-5.9492,5.7617,0.2854,0.0992,0.1044
1635067925856,-5.2422,-5.7383,5.6758,0.3022,0.0981,0.1256
1635067925861,-5.3750,-5.7539,5.8086,0.2939,0.0801,0.1278
1635067925873,-5.5938,-6.0664,5.9180,0.2651,0.0343,0.1108
1635067925885,-5.8047,-6.8906,6.0352,0.5972,0.0141,0.1490
1635067925891,-5.4023,-3.8301,5.6875,0.6396,0.1385,0.1490
1635067925904,-6.5078,-4.7813,5.4336,0.3225,0.0375,0.0842
1635067925908,-6.7461,-6.4492,5.4297,0.0471,-0.1146,0.0491
1635067925921,-5.8867,-7.0039,5.6172,0.1853,-0.0955,0.0544
1635067925925,-5.3438,-6.3359,5.6758,0.4460,0.0173,-0.0009
1635067925936,-5.4961,-5.4609,5.5977,0.5449,0.0705,-0.0190
1635067925942,-5.5273,-5.1133,5.6406,0.4875,0.0471,-0.0094
1635067925952,-5.2500,-4.9648,5.7344,0.3928,0.0035,-0.0265
1635067925958,-5.1484,-5.0156,5.8047,0.4460,-0.0316,-0.0052
1635067925969,-5.2148,-5.4609,5.8789,0.6416,-0.0423,0.0289
1635067925975,-5.4063,-5.5664,5.6914,0.8418,-0.0476,0.0214
1635067925987,-5.4453,-5.9453,5.6836,1.0654,-0.0891,0.0203
1635067926001,-5.2852,-5.9336,6.4141,1.3076,-0.0721,0.0065
1635067926007,-4.6914,-6.1445,5.5508,1.8965,-0.1029,-0.0478
1635067926020,-5.5078,-5.3359,6.5703,2.1934,0.0737,-0.0233
1635067926021,-5.8398,-4.6680,6.6953,2.1914,0.0875,0.0459
1635067926035,-5.4297,-4.2852,6.2852,2.0371,0.1077,-0.0488
1635067926039,-5.4063,-4.4336,6.0469,1.8525,0.0897,-0.0424
1635067926052,-5.1680,-4.3594,5.8828,1.6738,0.0960,-0.0286
1635067926053,-5.2305,-3.9180,6.0352,1.4531,0.1343,-0.0328
1635067926058,-5.3281,-3.7324,6.0664,1.1289,0.1354,-0.0328
1635067926071,-5.1250,-3.2832,6.2930,0.7300,0.1375,-0.0286
1635067926085,-5.3438,-3.3750,6.6875,0.3716,0.0630,-0.0084
1635067926086,-5.3047,-3.9297,6.7930,0.2013,0.0013,0.0352
1635067926097,-5.3320,-4.3047,6.8633,0.2024,0.0184,0.0587
1635067926106,-5.3711,-4.5313,7.2227,0.2290,0.0258,0.0629
1635067926112,-5.4219,-4.6836,6.8633,0.2576,0.0290,0.0608
1635067926119,-5.2969,-4.6992,6.3672,0.3735,0.0482,0.0991
1635067926124,-5.2891,-4.3594,6.5859,0.3770,0.1056,0.0703
1635067926137,-5.6523,-4.1016,6.9531,0.1268,0.1077,0.0161
1635067926142,-6.0547,-4.1406,6.9219,-0.1636,0.0801,0.0150
1635067926146,-6.1797,-4.0391,6.9102,-0.4231,0.0875,-0.0063
1635067926151,-6.3516,-3.9688,7.0156,-0.7104,0.0758,-0.0435
1635067926156,-6.6797,-4.2461,7.3242,-1.0439,0.0407,-0.0828
1635067926162,-7.2695,-5.4219,7.8125,-1.3496,-0.0604,-0.1488
1635067926174,-7.7930,-6.6523,8.1016,-1.5371,-0.1699,-0.2020
1635067926180,-8.0469,-6.8008,8.2500,-1.5723,-0.2295,-0.2529
1635067926183,-8.3984,-6.5352,8.3125,-1.6074,-0.3071,-0.3457
1635067926187,-8.6250,-6.7383,8.0000,-1.7813,-0.4392,-0.4861
1635067926197,-8.3906,-7.1523,7.5234,-2.0430,-0.5654,-0.6763
1635067926201,-7.9180,-7.3516,7.1914,-2.3145,-0.6436,-0.8672
1635067926202,-7.7031,-7.6836,6.9414,-2.5801,-0.6953,-1.0303
1635067926209,-7.8203,-8.3828,6.6563,-2.8262,-0.7412,-1.2168
1635067926211,-7.6367,-9.0469,6.3203,-3.0000,-0.7637,-1.3926
1635067926217,-7.2617,-9.2500,6.1523,-3.1230,-0.7485,-1.5381
1635067926218,-6.8320,-9.1641,5.5703,-3.2129,-0.6914,-1.6689
1635067926228,-6.1211,-8.9688,4.9961,-3.2266,-0.6401,-1.8076
1635067926229,-5.1250,-8.6328,4.6367,-3.1055,-0.5850,-1.8926
1635067926251,-4.4023,-8.6406,4.4531,-2.8145,-0.4956,-1.9268
1635067926254,-4.1367,-8.4453,4.1797,-2.4629,-0.3774,-1.9375
1635067926255,-3.8730,-8.1484,3.6484,-2.1152,-0.2477,-1.9238
1635067926281,-3.3652,-7.9414,3.0156,-1.8613,-0.1189,-1.9375
1635067926284,-2.7695,-7.5234,2.6738,-1.7041,-0.0082,-1.9346
1635067926286,-2.0625,-6.9531,2.4648,-1.5781,0.1130,-1.8877
1635067926312,-1.5586,-6.5313,2.3867,-1.4502,0.2354,-1.8135
1635067926314,-1.1514,-6.2852,2.3145,-1.3027,0.3354,-1.6953
1635067926316,-0.7588,-5.9727,2.2813,-1.1670,0.4365,-1.5547
1635067926342,-0.4211,-5.2461,2.1367,-1.0947,0.5352,-1.3945
1635067926344,-0.0718,-4.6445,2.1289,-1.0723,0.6660,-1.2139
1635067926346,-0.1986,-4.5313,2.6465,-1.1299,0.7813,-1.0049
1635067926372,-0.4954,-4.7188,3.1738,-1.2070,0.8311,-0.7881
1635067926374,-0.6318,-5.2734,3.5566,-1.1494,0.8110,-0.5806
1635067926376,-0.5981,-6.1602,3.8301,-0.8691,0.7373,-0.4158
1635067926402,-0.4309,-6.6563,3.9688,-0.4180,0.6621,-0.2966
1635067926404,-0.1724,-6.3516,3.6523,0.0598,0.6260,-0.2084
1635067926406,0.0239,-5.3164,2.9414,0.3906,0.6260,-0.1318
1635067926432,-0.0048,-4.3594,2.2129,0.4470,0.6206,-0.0435
1635067926434,-0.2632,-4.0820,1.6631,0.2119,0.6245,0.0416
1635067926436,-0.8618,-4.2305,1.6631,-0.2008,0.6270,0.1437
1635067926462,-1.6777,-5.3242,2.1367,-0.5996,0.6196,0.2544
1635067926464,-2.8027,-7.6133,2.8066,-0.9170,0.5781,0.2734
1635067926466,-3.4707,-9.7969,3.0586,-1.0752,0.4834,0.2246
1635067926493,-3.4688,-10.7422,3.4570,-1.0947,0.4302,0.1831
1635067926495,-3.5430,-10.4219,3.8203,-1.1807,0.3896,0.1554
1635067926496,-3.8203,-10.0703,4.0234,-1.3779,0.2705,0.1118
1635067926523,-3.7559,-9.5234,4.3906,-1.6289,0.1375,0.0555
1635067926525,-3.6133,-8.7813,5.3203,-1.9199,-0.0178,0.0267
1635067926526,-3.5645,-8.4141,5.2813,-2.3086,-0.1721,0.0203
1635067926553,-3.6230,-9.0781,4.1680,-2.7676,-0.2954,-0.0563
1635067926555,-3.4688,-9.9844,3.0117,-3.1660,-0.4167,-0.1434
1635067926557,-3.0723,-9.6250,2.1484,-3.1582,-0.5283,-0.1669
1635067926583,-2.7266,-9.8828,1.6064,-2.6484,-0.5859,-0.1360
1635067926585,-2.7480,-10.1406,1.5752,-2.1934,-0.5996,-0.2020
1635067926587,-2.6563,-9.1797,1.5703,-1.8730,-0.6240,-0.2393
1635067926618,-2.5078,-7.8750,1.4648,-1.6836,-0.6519,-0.1658
1635067926620,-2.4492,-7.3750,1.0576,-1.7236,-0.6670,-0.1403
1635067926621,-2.3184,-7.5000,0.6821,-1.9873,-0.7124,-0.1616
1635067926648,-2.0039,-7.9023,0.1819,-2.2285,-0.7563,-0.1531
1635067926650,-1.7637,-8.2969,-0.1101,-2.2754,-0.7710,-0.1201
1635067926651,-1.6416,-8.4766,-0.0886,-2.1309,-0.7861,-0.0882
1635067926678,-1.5625,-8.2656,0.1101,-1.8730,-0.8198,-0.0403
1635067926680,-1.4551,-7.5703,0.4788,-1.6133,-0.8594,0.0299
1635067926681,-1.4287,-6.8672,0.7876,-1.3916,-0.9146,0.1172
1635067926708,-1.3740,-6.7266,1.2275,-0.9902,-1.0674,0.3225
1635067926710,-1.7852,-7.4922,0.7900,-0.5903,-1.1357,0.4873
1635067926712,-2.0195,-9.1250,0.0096,0.1886,-1.1982,0.6128
1635067926741,-1.9512,-9.9219,-0.8018,1.2686,-1.2051,0.7139
1635067926744,-1.7451,-9.2969,-1.4795,2.4316,-1.1328,0.8345
1635067926746,-1.6152,-8.3750,-1.9795,3.4609,-0.9946,0.9556
1635067926770,-1.7549,-7.7773,-2.0742,4.1172,-0.8105,1.0908
1635067926772,-2.1484,-7.7070,-2.0195,4.3789,-0.6021,1.1787
1635067926774,-2.6660,-8.1719,-1.6895,4.2930,-0.3774,1.1855
1635067926792,-3.1855,-8.6953,-1.2617,3.9316,-0.1412,1.1387
1635067926794,-3.5234,-9.0391,-0.7466,3.3691,0.0630,1.0547
1635067926797,-3.5957,-9.1875,-0.3687,2.6953,0.2152,0.9556
1635067926822,-3.5879,-9.4219,-0.0574,2.0488,0.3279,0.8770
1635067926824,-3.6914,-9.9922,0.2010,1.5840,0.4077,0.8354
1635067926827,-3.8105,-10.5469,0.4211,1.3848,0.4568,0.8022
1635067926853,-3.7578,-10.4219,0.7134,1.4365,0.4897,0.7778
1635067926855,-3.6445,-9.6641,1.0557,1.6396,0.5181,0.7617
1635067926857,-3.7715,-8.9297,1.4668,1.8018,0.5332,0.7246
1635067926883,-4.1172,-8.5313,1.9199,1.7539,0.5298,0.6577
1635067926885,-4.3750,-8.3125,2.1602,1.5107,0.5078,0.5840
1635067926887,-4.5820,-8.2031,2.3594,1.2275,0.4834,0.5205
1635067926913,-4.7656,-8.3047,2.5176,1.0137,0.4600,0.4800
1635067926915,-5.0000,-8.5156,2.5137,0.8770,0.4302,0.4492
1635067926917,-5.1367,-8.7422,2.4395,0.8472,0.4153,0.4407
1635067926943,-5.2656,-8.8125,2.5664,0.9058,0.4045,0.4502
1635067926945,-5.3477,-8.5547,2.8984,1.0176,0.3887,0.4641
1635067926947,-5.4922,-8.1250,3.3438,1.1240,0.3823,0.4641
1635067926974,-5.6016,-7.7383,3.6602,1.1367,0.3789,0.4480
1635067926975,-5.7695,-7.5625,3.7188,1.0215,0.3716,0.4033
1635067926977,-5.8789,-7.5586,3.4941,0.8760,0.3523,0.3501
1635067927004,-5.8477,-7.8477,3.3750,0.8398,0.3184,0.3149
1635067927006,-5.7773,-8.0938,3.4785,0.9346,0.2832,0.2915
1635067927007,-5.7383,-7.9258,3.6445,1.1143,0.2737,0.2832
1635067927038,-5.7891,-7.5117,3.9512,1.3027,0.2651,0.2915
1635067927042,-5.8633,-7.1406,4.2422,1.4697,0.2312,0.3013
1635067927043,-5.7695,-6.9570,4.4219,1.6152,0.1981,0.3181
1635067927054,-5.6563,-6.5430,4.2422,1.7354,0.2173,0.3459
1635067927056,-5.6523,-6.1797,4.0117,1.8828,0.2279,0.3831
1635067927086,-5.6992,-6.1680,4.0508,2.0430,0.1949,0.4055
1635067927088,-5.8008,-6.4375,4.3203,2.1621,0.1523,0.3948
1635067927090,-5.8984,-6.6289,4.6875,2.2539,0.1237,0.3618
1635067927119,-5.8516,-6.5000,4.9766,2.3281,0.1205,0.3491
1635067927121,-5.7266,-6.1758,5.1875,2.3516,0.1322,0.3586
1635067927123,-5.5273,-5.6992,5.1328,2.2598,0.1737,0.3555
1635067927149,-5.4844,-4.6797,4.9609,1.9814,0.2683,0.3406
1635067927151,-6.0000,-5.1055,5.0625,1.5938,0.2566,0.3213
1635067927153,-5.7031,-5.9023,4.9336,1.1748,0.1886,0.2896
1635067927187,-5.3242,-5.4141,5.2109,0.9683,0.2322,0.3181
1635067927189,-5.6641,-5.6953,5.5664,0.8501,0.2386,0.3193
1635067927191,-5.6563,-5.9688,5.8672,0.6055,0.1854,0.2532
1635067927195,-5.3789,-5.7695,6.0039,0.3735,0.1812,0.2629
1635067927196,-5.3867,-5.7109,5.8320,0.1449,0.1843,0.2649
1635067927224,-5.4883,-5.9805,5.9219,-0.0625,0.1406,0.2512
1635067927230,-5.3906,-6.1094,5.9727,-0.1785,0.1003,0.2715
1635067927233,-4.9531,-5.3477,5.0039,-0.2498,0.1652,0.2981
1635067927244,-5.6328,-5.1875,5.2305,-0.3337,0.1780,0.2734
1635067927248,-6.0469,-6.1133,5.8203,-0.5327,0.0715,0.2161
1635067927275,-5.8047,-6.4805,5.8438,-0.6421,0.0130,0.2097
1635067927281,-5.6523,-6.7773,5.8750,-0.5156,0.0194,0.1927
1635067927286,-5.5391,-6.9023,5.8086,-0.3616,0.0237,0.1384
1635067927295,-5.5078,-6.8125,5.7148,-0.2317,0.0364,0.1097
1635067927304,-5.3008,-6.5313,5.6094,-0.1317,0.0482,0.0661
1635067927316,-5.1680,-6.0508,5.2969,-0.0859,0.0641,0.0384
1635067927321,-5.1563,-5.7383,5.2266,-0.0774,0.0822,0.0363
1635067927348,-5.4258,-5.6406,5.2461,-0.1147,0.0768,0.0097
1635067927349,-5.5313,-5.9492,5.1211,-0.0966,0.0301,0.0257
1635067927350,-5.4648,-6.0117,5.0313,-0.0115,0.0120,0.0363
1635067927374,-5.5195,-6.0547,5.0703,0.1598,0.0098,0.0512
1635067927378,-5.8086,-5.9180,5.1680,0.2917,0.0226,0.0799
1635067927381,-5.9102,-5.7109,5.3359,0.2917,0.0301,0.0724
1635067927404,-5.8711,-5.4102,5.3359,0.1396,0.0279,0.0427
1635067927408,-5.9844,-5.5703,5.1211,-0.0540,-0.0008,0.0246
1635067927412,-5.8359,-6.0547,4.9922,-0.1625,-0.0253,0.0023
1635067927435,-5.9063,-6.2500,5.1211,-0.1998,-0.0146,-0.0180
1635067927440,-6.1875,-6.1719,5.3242,-0.2296,-0.0093,-0.0084
1635067927445,-6.5000,-5.9297,5.5508,-0.3252,-0.0114,-0.0031
1635067927456,-6.8984,-5.7891,5.4453,-0.4849,-0.0359,-0.0084
1635067927460,-7.2383,-6.3789,5.6250,-0.6147,-0.1083,-0.0233
1635067927485,-7.5547,-7.0742,5.8438,-0.7124,-0.1764,-0.0712
1635067927490,-8.0859,-7.7383,5.9727,-0.7593,-0.2380,-0.1542
1635067927495,-8.4063,-7.9609,5.8125,-0.8511,-0.2817,-0.2839
1635067927506,-8.2813,-7.9531,5.3984,-1.0361,-0.3210,-0.4563
1635067927510,-8.1875,-8.2500,5.2539,-1.2832,-0.3955,-0.6401
1635067927535,-8.1172,-9.0156,5.3633,-1.4590,-0.4785,-0.7979
1635067927541,-8.0313,-9.5625,5.5156,-1.5381,-0.5176,-0.9619
1635067927545,-7.8945,-9.5859,5.5352,-1.5273,-0.5356,-1.1094
1635067927556,-7.5938,-9.1016,5.4063,-1.4521,-0.5537,-1.2275
1635067927561,-7.1719,-8.7188,5.3281,-1.3613,-0.5825,-1.3340
1635067927586,-6.8867,-8.8125,5.0078,-1.3115,-0.6104,-1.4346
1635067927591,-6.6367,-9.3672,4.4063,-1.2432,-0.6284,-1.5322
1635067927595,-5.9609,-9.7109,3.6484,-1.1230,-0.6050,-1.6416
1635067927606,-5.2500,-9.6250,3.1504,-0.8965,-0.5327,-1.7490
1635067927610,-4.7813,-9.3281,3.0195,-0.6177,-0.4456,-1.8223
1635067927636,-4.1914,-8.7188,3.0273,-0.3647,-0.3486,-1.8516
1635067927641,-3.6230,-7.9648,3.3906,-0.1252,-0.2360,-1.8564
1635067927645,-3.2090,-7.3789,3.3672,0.0545,-0.1508,-1.8242
1635067927656,-2.6641,-7.0664,3.0078,0.2216,-0.0572,-1.7773
1635067927660,-2.1133,-6.9023,2.4492,0.4492,0.0417,-1.7168
1635067927686,-1.5752,-6.7266,1.7402,0.7290,0.1598,-1.6289
1635067927691,-1.0957,-6.3867,1.2803,1.0469,0.3057,-1.5264
1635067927695,-0.7944,-5.8477,1.2109,1.2852,0.4780,-1.4160
1635067927707,-0.8330,-5.3672,1.3857,1.3184,0.6514,-1.3037
1635067927712,-1.0459,-5.1055,1.9033,1.1172,0.8003,-1.2041
1635067927738,-1.2178,-4.7734,2.6133,0.7759,0.9058,-1.1279
1635067927740,-1.1846,-4.5898,3.2910,0.4619,0.9780,-1.0459
1635067927741,-1.2637,-4.7344,3.8984,0.0396,1.0352,-0.7979
1635067927764,-1.3496,-4.8828,3.9941,-0.0157,1.0420,-0.6904
1635067927765,-1.3496,-4.8828,3.9941,-0.0157,1.0420,-0.6904
1635067927766,-1.3662,-4.9453,4.2695,0.0311,0.9814,-0.4468
1635067927794,-1.5537,-4.9883,4.4023,0.0034,0.9609,-0.3574
1635067927795,-1.9600,-5.0625,4.7305,-0.1370,0.9365,-0.2776
1635067927796,-2.5371,-5.2031,5.0313,-0.4009,0.8931,-0.2031
1635067927824,-3.1133,-5.4648,5.0820,-0.7021,0.8218,-0.1393
1635067927825,-3.6309,-5.9648,4.8242,-0.9595,0.7217,-0.0679
1635067927826,-3.9258,-6.7461,4.4141,-1.1104,0.6108,-0.0243
1635067927857,-3.9629,-7.6211,4.4883,-1.1484,0.4780,-0.0201
1635067927868,-3.9297,-8.2813,4.9648,-1.0889,0.3396,-0.0126
1635067927874,-4.0977,-9.1016,5.5313,-1.0176,0.2078,-0.0105
1635067927893,-4.1680,-9.1719,5.6641,-1.1270,0.0854,-0.0456
1635067927900,-4.0977,-8.7031,5.6953,-1.3281,-0.0370,-0.0754
1635067927907,-3.7852,-8.2578,5.4805,-1.6318,-0.1731,-0.0807
1635067927914,-3.5781,-7.8945,4.6992,-2.0156,-0.2998,-0.0850
1635067927921,-3.7266,-8.3125,4.1094,-2.2871,-0.4402,-0.1052
1635067927928,-3.8438,-9.7344,4.1016,-2.4180,-0.6147,-0.1509
1635067927934,-3.8418,-10.7500,4.3086,-2.4609,-0.7681,-0.2074
1635067927946,-3.6504,-10.8047,4.4102,-2.3809,-0.8765,-0.2339
1635067927951,-3.3516,-10.0078,4.4414,-2.2695,-0.9487,-0.2446
1635067927976,-3.0664,-8.6719,4.2773,-2.2441,-1.0186,-0.2361
1635067927980,-2.7461,-7.6133,3.6621,-2.3301,-1.0840,-0.2158
1635067927985,-2.3828,-6.9609,2.9551,-2.5234,-1.1309,-0.2020
1635067927996,-1.9170,-6.4219,2.2422,-2.7383,-1.1572,-0.1669
1635067928000,-1.7998,-6.3984,1.4717,-2.8398,-1.1631,-0.1094
1635067928025,-2.0176,-6.9609,0.9888,-2.7695,-1.1855,-0.0637
1635067928030,-1.9795,-7.5234,0.9668,-2.4727,-1.2070,-0.0063
1635067928034,-1.8574,-7.8164,1.1436,-1.9023,-1.1816,0.0778
1635067928046,-1.9531,-7.7500,1.3857,-1.1885,-1.1240,0.1895
1635067928050,-2.1914,-7.5195,1.4004,-0.4924,-1.0654,0.3213
1635067928075,-2.1582,-7.1250,1.1611,0.1002,-1.0078,0.4587
1635067928080,-1.8691,-6.7773,0.7563,0.6118,-0.9351,0.6001
1635067928084,-1.5361,-6.8438,0.2202,1.0957,-0.8394,0.7554
1635067928096,-1.5244,-7.0742,-0.1293,1.4990,-0.7158,0.9238
1635067928104,-1.5703,-7.1289,-0.2607,1.8193,-0.5669,1.0752
1635067928116,-1.6299,-7.0117,-0.4714,1.9893,-0.3838,1.2012
1635067928121,-1.8096,-6.9141,-0.7729,1.9590,-0.1870,1.2939
1635067928146,-2.0703,-6.7656,-0.9287,1.7715,-0.0040,1.3535
1635067928150,-2.5254,-6.9063,-0.5479,1.5156,0.1354,1.3799
1635067928155,-3.2715,-7.6719,0.2130,1.2383,0.2227,1.3740
1635067928166,-4.2383,-8.9766,1.0889,1.0586,0.2620,1.3350
1635067928170,-4.6992,-10.0078,1.7402,1.0127,0.2747,1.2822
1635067928196,-4.6367,-10.2500,2.0000,1.1494,0.2864,1.2451
1635067928201,-4.3320,-9.9375,2.2070,1.4326,0.2864,1.2266
1635067928207,-3.9453,-8.8203,2.2266,1.6230,0.3237,1.1855
1635067928221,-3.8809,-7.7891,2.1270,1.6074,0.3706,1.1250
1635067928226,-4.2891,-7.7148,2.0508,1.4043,0.3652,1.0557
1635067928235,-4.9102,-8.5469,2.0469,1.1768,0.3301,0.9756
1635067928240,-5.3398,-9.6719,2.2227,1.0723,0.2864,0.9043
1635067928266,-5.5820,-10.4688,2.5938,1.1260,0.2471,0.8428
1635067928270,-5.7578,-10.3438,3.0371,1.2793,0.2386,0.7886
1635067928275,-5.8477,-9.4766,3.4590,1.4004,0.2333,0.7437
1635067928286,-5.8125,-8.6484,3.7695,1.3643,0.2078,0.7056
1635067928290,-5.7500,-8.2656,3.8770,1.1631,0.1705,0.6587
1635067928316,-5.5703,-7.9766,3.7031,0.8696,0.1545,0.5947
1635067928320,-5.2891,-7.3047,3.4063,0.5430,0.1737,0.5371
1635067928326,-5.2344,-6.8867,3.2676,0.2607,0.1801,0.5010
1635067928336,-5.4414,-7.1797,3.1641,0.0822,0.1566,0.4619
1635067928340,-5.6719,-7.9297,3.1855,0.0747,0.1248,0.4277
1635067928366,-5.6953,-8.4609,3.4375,0.2556,0.0950,0.4214
1635067928370,-5.6523,-8.4531,3.8242,0.5649,0.0992,0.4182
1635067928375,-5.7383,-8.1797,4.0938,0.8428,0.1067,0.4055
1635067928386,-5.7695,-7.7227,4.1016,0.9673,0.1035,0.3735
1635067928391,-5.6406,-7.4219,3.9355,0.9346,0.1130,0.3352
1635067928416,-5.4453,-7.1406,3.6797,0.7661,0.1311,0.2927
1635067928420,-5.2305,-6.7813,3.3008,0.5352,0.1705,0.2576
1635067928425,-5.1484,-6.6719,3.1660,0.3098,0.2067,0.2257
1635067928436,-5.2500,-6.7813,3.3164,0.1205,0.2078,0.2054
1635067928440,-5.3281,-7.0000,3.5977,0.0311,0.1897,0.2097
1635067928466,-5.3086,-7.2930,3.9082,0.0471,0.1705,0.2129
1635067928472,-5.2852,-7.4883,4.2539,0.1268,0.1354,0.2214
1635067928489,-5.2188,-7.1719,4.2969,0.2141,0.1183,0.2343
1635067928494,-5.2188,-6.4258,4.0703,0.2109,0.1406,0.2257
1635067928499,-5.8945,-6.6172,4.5000,0.0311,0.0939,0.1746
1635067928506,-6.0039,-7.3828,4.1875,-0.2700,0.0279,0.1299
1635067928524,-5.7070,-7.4648,3.8535,-0.4189,0.0269,0.1299
1635067928530,-5.8242,-7.7734,3.9727,-0.3435,0.0088,0.1331
1635067928535,-5.9219,-7.8164,4.0156,-0.2434,-0.0125,0.0842
1635067928546,-6.0234,-7.5703,4.0078,-0.1541,-0.0242,0.0810
1635067928551,-5.9609,-7.5078,3.9805,-0.0168,-0.0604,0.1097
1635067928576,-5.5352,-7.0742,3.9395,0.1056,-0.0688,0.1033
1635067928581,-5.5703,-6.6406,3.7988,0.1205,-0.0444,0.0916
1635067928585,-5.8438,-6.7969,3.7480,0.0141,-0.0487,0.0724
1635067928596,-5.7578,-7.0195,3.7578,-0.1295,-0.0497,0.0491
1635067928600,-5.4648,-6.9766,3.6133,-0.2306,-0.0104,0.0257
1635067928626,-5.2344,-6.6172,3.3145,-0.2678,0.0460,0.0108
1635067928639,-5.3867,-6.6641,3.4688,-0.2391,0.0673,0.0246
1635067928643,-5.5820,-6.7578,3.5762,-0.2328,0.0768,0.0193
1635067928649,-5.7188,-7.0352,3.6582,-0.1796,0.0535,0.0172
1635067928654,-5.8594,-7.5820,3.7441,-0.0285,0.0024,0.0395
1635067928666,-5.7969,-7.6289,3.8828,0.2247,-0.0178,0.0618
1635067928671,-5.6680,-6.7578,4.0977,0.4812,-0.0093,0.0735
1635067928696,-5.7422,-6.1094,4.0898,0.4993,-0.0051,0.0555
1635067928700,-5.9102,-6.1914,3.9941,0.2544,-0.0423,0.0289
1635067928705,-5.7344,-6.8516,3.7676,0.0013,-0.0880,0.0203
1635067928716,-5.4180,-7.2227,3.4258,-0.1200,-0.0742,0.0097
1635067928727,-5.2695,-7.2383,3.1387,-0.0987,-0.0221,0.0033
1635067928738,-5.2227,-7.1289,3.1172,-0.0349,0.0226,0.0108
1635067928743,-5.2227,-7.0156,3.4004,0.0194,0.0439,0.0225
1635067928758,-5.2852,-6.8203,3.6836,0.0332,0.0588,0.0278
1635067928762,-5.2891,-6.5859,3.6328,0.0119,0.0822,0.0320
1635067928800,-5.2734,-6.4727,3.5039,-0.0200,0.0907,0.0278
1635067928804,-5.4297,-6.8438,3.8008,-0.0402,0.0609,0.0278
1635067928809,-5.3281,-6.9961,3.6523,-0.0232,0.0417,0.0320
1635067928814,-5.1445,-6.8594,3.3770,0.0992,0.0545,0.0448
1635067928819,-5.1953,-6.8945,3.4961,0.1992,0.0567,0.0480
1635067928826,-5.2734,-6.8984,3.5254,0.1927,0.0503,0.0320
1635067928830,-5.3281,-6.9375,3.5859,0.1321,0.0503,0.0278
1635067928856,-5.2930,-7.1641,3.4590,0.0417,0.0513,0.0182
1635067928860,-5.2188,-7.2969,3.4063,-0.0168,0.0630,0.0023
1635067928865,-5.3516,-7.1367,2.6152,0.0375,0.1109,0.0320
1635067928876,-5.4609,-6.6406,3.0938,0.1641,0.1439,0.0522
1635067928880,-5.6758,-6.3789,3.4355,0.2216,0.1705,0.0246
1635067928906,-5.9375,-6.8867,3.8633,0.1035,0.1088,-0.0063
1635067928910,-6.2461,-7.5664,4.2461,0.1194,0.0492,0.0140
1635067928915,-5.7461,-7.3516,4.0938,0.2322,0.0450,-0.0158
1635067928926,-5.6250,-7.0039,4.0742,0.3577,0.0482,-0.0297
1635067928931,-5.7305,-6.9648,4.1055,0.4036,0.0226,-0.0392
1635067928956,-5.7422,-7.1367,4.1836,0.4312,-0.0274,-0.0520
1635067928960,-5.6953,-6.9258,4.2031,0.4109,-0.0327,-0.0488
1635067928965,-5.6055,-6.1641,4.1094,0.2725,-0.0114,-0.0903
1635067928976,-5.8906,-6.3477,4.1406,0.1396,-0.0848,-0.1637
1635067928981,-5.9727,-6.9023,4.0273,0.1183,-0.1764,-0.1892
1635067929006,-5.9961,-7.4570,4.2578,0.3088,-0.2487,-0.1914
1635067929010,-5.5586,-7.1016,4.7266,0.6470,-0.2498,-0.1808
1635067929015,-5.2266,-5.7695,4.8516,0.8608,-0.1647,-0.1425
1635067929026,-5.6250,-5.2773,4.2773,0.8320,-0.1242,-0.1285
1635067929031,-5.3555,-5.2734,3.9707,0.7090,-0.1412,-0.0360
1635067929056,-5.2070,-4.9492,3.9785,0.5405,-0.1083,0.0012
1635067929061,-5.9844,-5.2500,3.7031,0.2673,-0.0795,0.0033
1635067929065,-7.1289,-6.5664,3.8105,-0.0338,-0.1168,-0.0020
1635067929076,-7.6484,-7.8672,4.1563,-0.2211,-0.1859,-0.0563
1635067929091,-7.6406,-8.4297,4.7461,-0.3423,-0.2253,-0.1594
1635067929098,-7.4102,-8.0391,5.2852,-0.4839,-0.2603,-0.2551
1635067929103,-7.1016,-7.5195,5.5664,-0.6401,-0.3198,-0.3137
1635067929127,-6.7500,-7.4102,5.5078,-0.8042,-0.3965,-0.3679
1635067929132,-6.3320,-7.8242,5.1250,-0.8794,-0.4849,-0.4041
1635067929136,-5.7109,-7.9766,4.6250,-0.7656,-0.5176,-0.4202
1635067929146,-5.2422,-7.6055,4.3125,-0.5293,-0.5010,-0.4329
1635067929151,-5.3711,-7.2266,4.3477,-0.3328,-0.4709,-0.4329
1635067929176,-5.7656,-6.7031,4.2852,-0.3381,-0.4370,-0.4424
1635067929180,-6.0352,-6.9258,3.9941,-0.4509,-0.4497,-0.4753
1635067929185,-5.9336,-8.0078,3.6973,-0.5498,-0.4573,-0.5264
1635067929196,-5.8281,-9.2031,3.7754,-0.5347,-0.4402,-0.5986
1635067929201,-6.3750,-10.0313,4.0938,-0.4297,-0.4082,-0.6851
1635067929226,-6.5117,-9.8750,4.2734,-0.3752,-0.3594,-0.8032
1635067929233,-6.3828,-9.4453,4.2969,-0.4626,-0.3264,-0.9351
1635067929237,-6.6211,-9.3906,4.1367,-0.7051,-0.3232,-1.1074
1635067929247,-6.5039,-9.7891,3.8359,-1.0205,-0.3433,-1.2861
1635067929252,-5.9648,-10.3984,3.5527,-1.2246,-0.3699,-1.4375
1635067929276,-5.4180,-10.8672,3.4570,-1.1885,-0.3540,-1.5723
1635067929281,-4.9219,-10.7578,3.4473,-0.9189,-0.2998,-1.6455
1635067929285,-4.4375,-9.9922,3.3965,-0.5518,-0.2211,-1.6777
1635067929297,-3.8965,-8.8906,3.2676,-0.2349,-0.1498,-1.6973
1635067929298,-3.5313,-8.4141,3.1504,-0.0242,-0.1104,-1.7070
1635067929328,-3.2773,-8.4141,3.0137,0.0620,-0.0817,-1.7129
1635067929329,-2.8281,-8.0938,2.8008,0.0779,-0.0295,-1.7002
1635067929332,-2.2832,-7.5078,2.5449,0.0800,0.0503,-1.6768
1635067929356,-1.7305,-6.8555,2.1348,0.0641,0.1417,-1.6143
1635067929360,-1.2256,-6.4570,1.6201,0.0757,0.2407,-1.5039
1635067929364,-0.8687,-6.1602,1.3398,0.1183,0.3545,-1.3779
1635067929375,-0.5840,-5.7188,1.3262,0.1130,0.4812,-1.2529
1635067929380,-0.4355,-5.2266,1.6992,0.0481,0.5938,-1.1279
1635067929406,-0.5239,-4.9648,2.5195,-0.0891,0.6675,-1.0039
1635067929410,-0.7202,-5.0781,3.3418,-0.2593,0.7002,-0.8862
1635067929414,-0.9575,-5.3867,4.0586,-0.4265,0.6982,-0.7617
1635067929426,-1.0820,-5.5547,4.3594,-0.5615,0.6738,-0.6309
1635067929430,-0.9766,-5.4805,3.9902,-0.6094,0.6494,-0.4978
1635067929456,-0.7944,-4.8984,3.4180,-0.6221,0.6001,-0.3413
1635067929460,-0.4763,-4.0117,2.3750,-0.6348,0.5767,-0.1700
1635067929464,-0.6006,-3.8555,1.6992,-0.5615,0.5503,-0.0137
1635067929476,-1.1055,-4.5742,1.6299,-0.4465,0.4717,0.1161
1635067929480,-1.6660,-5.5625,2.1992,-0.4114,0.4045,0.1895
1635067929506,-2.4941,-6.3945,3.1543,-0.5508,0.3396,0.2374
1635067929510,-3.3965,-7.1055,3.7578,-0.8350,0.2247,0.2852
1635067929514,-3.9844,-7.9648,4.2578,-1.2158,0.0875,0.3013
1635067929526,-4.1250,-8.5703,4.1797,-1.6406,-0.0465,0.2629
1635067929530,-3.9922,-9.0703,3.4961,-2.0039,-0.1656,0.2172
1635067929556,-3.9297,-9.6953,2.7715,-2.2207,-0.2656,0.1714
1635067929560,-3.7852,-10.2109,2.2637,-2.3027,-0.3562,0.1172
1635067929565,-3.5703,-10.1484,1.9697,-2.3047,-0.4167,0.0746
1635067929576,-3.4316,-9.9219,1.9199,-2.2793,-0.4646,0.0342
1635067929580,-3.2598,-9.5547,2.3262,-2.3477,-0.5317,-0.0116
1635067929606,-3.2363,-8.6875,2.9727,-2.5527,-0.6084,-0.0414
1635067929611,-3.2949,-8.0703,3.0352,-2.7676,-0.6934,-0.0148
1635067929623,-3.2930,-8.2656,2.4434,-2.8809,-0.7798,0.0150
1635067929629,-3.1191,-8.9375,1.7090,-2.7676,-0.8809,0.0118
1635067929634,-2.7051,-9.4297,1.5703,-2.2773,-0.9829,0.0555
1635067929646,-2.4043,-9.3828,1.5840,-1.4902,-1.0127,0.1533
1635067929655,-2.4863,-9.0703,1.4531,-0.6265,-1.0068,0.2598
1635067929666,-2.5918,-8.2813,1.1465,0.0683,-0.9858,0.3447
1635067929671,-2.5684,-6.8711,0.7275,0.4663,-0.9326,0.4309
1635067929704,-2.5156,-6.0000,0.1866,0.6621,-0.8677,0.5244
1635067929708,-2.4746,-6.1992,-0.4573,0.7163,-0.8027,0.6289
1635067929714,-2.5781,-6.9219,-0.7705,0.7598,-0.7295,0.7446
1635067929720,-2.7383,-7.5430,-0.8545,0.8491,-0.6348,0.8408
1635067929731,-2.9629,-7.8047,-0.4236,0.9556,-0.5317,0.9043
1635067929739,-3.3652,-7.9688,0.3494,1.0381,-0.4595,0.9780
1635067929744,-3.8633,-8.7813,0.7349,1.1016,-0.4294,1.0498
1635067929757,-4.0508,-9.7734,0.9146,1.2334,-0.4243,1.0723
1635067929762,-3.9023,-10.3594,1.1387,1.6230,-0.4211,1.0762
1635067929786,-3.5898,-10.2266,1.3906,2.1738,-0.3879,1.0938
1635067929791,-3.2559,-9.1016,1.3262,2.6992,-0.3093,1.0947
1635067929795,-2.9023,-7.5820,1.1514,3.0820,-0.2231,1.1045
1635067929806,-2.7363,-6.7344,1.0869,3.2324,-0.1381,1.1182
1635067929811,-2.9941,-7.1680,1.0215,3.2148,-0.0753,1.1016
1635067929836,-3.3398,-8.6016,1.1729,3.2734,-0.0625,1.0684
1635067929841,-3.4043,-9.6016,1.5771,3.4980,-0.0274,1.0313
1635067929845,-3.5586,-9.8203,2.3594,3.8984,0.0375,0.9951
1635067929856,-3.7070,-9.5391,3.6953,4.3164,0.1024,0.9502
1635067929861,-3.9043,-8.7734,4.8359,4.5781,0.2003,0.9058
1635067929886,-4.2148,-8.1094,5.3477,4.6602,0.2566,0.8662
1635067929891,-4.3477,-7.4688,5.2734,4.5508,0.2769,0.8364
1635067929895,-4.3789,-6.8789,5.0195,4.3320,0.2810,0.8013
1635067929906,-4.4453,-6.5391,4.8984,4.0781,0.2629,0.7544
1635067929911,-4.6445,-6.5117,4.9648,3.7852,0.2512,0.7002
1635067929936,-5.1094,-6.8828,5.6641,3.4902,0.2661,0.6416
1635067929941,-4.6055,-7.6445,4.5898,3.5977,0.2238,0.5034
1635067929945,-5.1406,-6.7148,5.9023,3.4785,0.4055,0.4832
1635067929956,-5.5117,-5.3594,6.5391,3.1680,0.4470,0.5000
1635067929968,-5.4414,-4.9805,6.9766,2.7930,0.4099,0.3694
1635067929976,-5.5156,-5.1758,7.2539,2.3984,0.3801,0.3149
1635067929981,-5.6445,-5.3906,7.4023,2.1270,0.3662,0.2864
1635067930006,-5.8164,-5.1641,7.3516,1.9805,0.3918,0.2798
1635067930017,-6.1133,-4.9180,7.4102,1.8730,0.3982,0.2842
1635067930033,-6.1016,-4.5742,7.2148,1.7080,0.3875,0.2725
1635067930039,-5.8984,-4.2188,6.8633,1.3086,0.3706,0.2438
1635067930043,-5.6836,-4.0664,6.5898,1.3086,0.3706,0.2438
1635067930048,-5.4961,-3.7930,6.4414,1.0752,0.3738,0.2246
1635067930056,-5.4766,-3.3633,6.6563,0.5352,0.3757,0.1639
1635067930061,-6.0391,-3.8828,7.1289,0.2343,0.3311,0.1193
1635067930086,-6.0625,-4.6680,7.2813,0.0502,0.2832,0.0831
1635067930091,-5.9258,-4.8164,7.4609,0.0545,0.2727,0.0767
1635067930095,-5.7813,-4.3438,7.4961,0.1641,0.2800,0.0959
1635067930106,-5.7227,-4.0859,7.3750,0.2651,0.2576,0.1151
1635067930111,-5.6992,-4.2031,7.3008,0.3406,0.2067,0.1235
1635067930136,-5.4922,-4.2109,7.2461,0.4077,0.1758,0.1331
1635067930141,-5.3555,-4.0391,7.1758,0.4631,0.1715,0.1384
1635067930145,-5.3086,-3.6582,7.3477,0.4302,0.1737,0.1267
1635067930156,-5.5078,-3.4844,7.4570,0.2896,0.1641,0.1065
1635067930161,-5.7148,-3.7598,7.4688,0.1035,0.1268,0.0767
1635067930186,-5.6992,-4.1758,7.3320,-0.0221,0.1035,0.0480
1635067930191,-5.6602,-4.3320,7.1094,-0.0083,0.0981,0.0544
1635067930195,-5.4727,-3.8965,6.7344,0.0875,0.1130,0.0608
1635067930206,-5.8828,-4.1406,7.3203,0.1471,0.0981,0.0565
1635067930224,-5.8594,-4.5156,7.5117,0.1736,0.0609,0.0406
1635067930250,-5.5781,-4.5625,7.5391,0.2905,0.0684,0.0342
1635067930253,-5.7813,-4.2070,7.4375,0.3853,0.0790,0.0214
1635067930261,-5.6914,-3.6074,7.5234,0.3982,0.0620,0.0023
1635067930266,-5.7773,-3.4375,7.6289,0.2864,0.0194,-0.0414
1635067930271,-5.9297,-4.1719,7.3945,0.1077,-0.0668,-0.0861
1635067930277,-5.7500,-4.7930,7.2578,0.0736,-0.0923,-0.1105
1635067930282,-5.3945,-4.4492,7.0430,0.1620,-0.0646,-0.1148
1635067930306,-5.2695,-3.7461,7.0313,0.2769,-0.0391,-0.0956
1635067930311,-5.3594,-3.4824,6.8438,0.3599,-0.0338,-0.0786
1635067930315,-5.3633,-3.7617,7.0234,0.4907,-0.0391,-0.0648
1635067930326,-5.2344,-3.6133,7.2031,0.6323,-0.0114,-0.0626
1635067930332,-5.3906,-3.5840,7.2500,0.7090,-0.0051,-0.0573
1635067930356,-5.3711,-3.5645,7.1836,0.6948,-0.0029,-0.0765
1635067930361,-5.2422,-3.5039,7.1250,0.6128,0.0056,-0.0914
1635067930365,-5.3516,-3.3848,7.1172,0.4907,0.0152,-0.1073
1635067930376,-5.5430,-3.4043,7.2852,0.3801,-0.0082,-0.0935
1635067930381,-5.3477,-3.0547,7.2070,0.3438,-0.0189,-0.0871
1635067930406,-5.3906,-2.7305,7.3516,0.3970,-0.0199,-0.0637
1635067930411,-5.7461,-3.1074,7.3477,0.3970,-0.0423,-0.0446
1635067930415,-5.7422,-3.7461,7.3711,0.4302,-0.0678,-0.0499
1635067930426,-5.6133,-3.7910,7.5469,0.5244,-0.0476,-0.0605
1635067930431,-5.5781,-3.2051,7.4258,0.5557,-0.0125,-0.0701
1635067930456,-5.6484,-3.0879,7.2930,0.5024,-0.0146,-0.0626
1635067930461,-5.5117,-3.1914,7.1641,0.4172,-0.0114,-0.0669
1635067930465,-5.3984,-3.0723,7.0039,0.3459,0.0120,-0.0648
1635067930476,-5.5078,-2.9121,7.0977,0.2013,0.0407,-0.0626
1635067930481,-5.6289,-2.8555,7.0977,-0.0529,0.0567,-0.0882
1635067930506,-5.6992,-3.1230,7.1641,-0.3030,0.0482,-0.0978
1635067930511,-5.7070,-3.4375,7.3750,-0.4839,0.0524,-0.0978
1635067930515,-5.6289,-3.3340,7.2969,-0.6284,0.0801,-0.1020
1635067930526,-5.6719,-3.1445,7.2656,-0.7305,0.0768,-0.0882
1635067930531,-5.7695,-3.4160,7.2969,-0.7563,0.0258,-0.0637
1635067930557,-5.6094,-3.5840,7.2109,-0.6826,-0.0061,-0.0563
1635067930561,-5.4453,-3.4512,7.1992,-0.5786,-0.0008,-0.0584
1635067930565,-5.4141,-3.2402,7.2266,-0.5317,-0.0125,-0.0594
1635067930576,-5.3203,-3.2070,7.1133,-0.5454,-0.0242,-0.0531
1635067930581,-5.2617,-3.2676,6.8711,-0.5571,-0.0274,-0.0339
1635067930607,-5.2539,-3.4434,6.5117,-0.4712,-0.0370,-0.0052
1635067930611,-5.3359,-3.5313,6.6172,-0.3040,-0.0338,0.0203
1635067930624,-5.5938,-3.8672,7.0625,-0.1434,-0.0348,0.0310
1635067930630,-5.6563,-3.9980,6.9219,-0.0072,-0.0285,0.0278
1635067930635,-5.5664,-4.0273,6.9922,0.1566,-0.0274,0.0395
1635067930647,-5.5391,-3.9609,7.1484,0.2905,-0.0274,0.0278
1635067930651,-5.4883,-3.7559,7.2266,0.3320,-0.0114,0.0001
1635067930677,-5.4336,-3.3457,7.2656,0.2598,0.0098,-0.0211
1635067930681,-5.4023,-3.2383,7.1602,0.0939,0.0205,-0.0446
1635067930685,-5.4531,-3.2656,6.9102,-0.0912,0.0109,-0.0520
1635067930697,-5.5195,-3.5762,6.9922,-0.2211,-0.0019,-0.0371
1635067930701,-5.4648,-3.5547,7.2031,-0.3274,0.0120,-0.0499
1635067930732,-5.4805,-3.6172,7.2266,-0.3838,0.0173,-0.0328
1635067930736,-5.3594,-3.6094,6.9648,-0.4031,0.0269,-0.0360
1635067930743,-5.4570,-3.7891,7.0156,-0.3584,0.0162,-0.0201
1635067930749,-5.6250,-3.9668,7.1602,-0.3135,0.0056,-0.0137
1635067930754,-5.5156,-3.7461,7.0195,-0.2869,0.0162,-0.0297
1635067930767,-5.6055,-3.7500,7.0000,-0.2637,0.0152,-0.0307
1635067930772,-5.6055,-3.9199,6.9883,-0.2583,0.0056,-0.0392
1635067930797,-5.3867,-3.6875,6.7344,-0.2742,0.0194,-0.0488
1635067930801,-5.5078,-3.5234,6.7578,-0.2891,0.0290,-0.0286
1635067930812,-5.7148,-3.6582,6.9570,-0.2859,0.0109,-0.0211
1635067930818,-5.6719,-3.7813,7.0313,-0.2190,-0.0019,-0.0190
1635067930823,-5.7109,-3.9141,7.0391,-0.1051,-0.0029,-0.0052
1635067930847,-5.6992,-4.1406,7.1953,0.0321,-0.0136,0.0023
1635067930852,-5.4844,-3.9707,7.1250,0.1321,0.0035,-0.0126
1635067930856,-5.4727,-3.8398,6.9570,0.1779,0.0162,-0.0126
1635067930867,-5.5391,-3.8418,6.8906,0.1790,0.0130,-0.0094
1635067930871,-5.4922,-3.6406,6.8867,0.1354,0.0301,-0.0094
1635067930897,-5.5078,-3.3672,6.7813,0.0236,0.0482,-0.0169
1635067930902,-5.6836,-3.3262,6.6055,-0.1083,0.0471,0.0054
1635067930906,-5.7148,-3.4902,6.6484,-0.2008,0.0343,0.0267
1635067930917,-5.8555,-3.6914,6.8398,-0.2764,0.0269,0.0065
1635067930921,-6.2109,-4.2305,6.9453,-0.3062,-0.0029,-0.0073
1635067930947,-6.1836,-4.4961,7.1406,-0.2732,-0.0178,-0.0275
1635067930952,-6.1211,-4.2734,7.4375,-0.1987,-0.0019,-0.0414
1635067930956,-6.3203,-4.0742,7.6406,-0.1572,-0.0146,-0.0520
1635067930967,-6.4844,-4.1680,7.6641,-0.1444,-0.0561,-0.0679
1635067930972,-6.5781,-4.3555,7.7539,-0.1104,-0.1040,-0.0743
1635067930997,-6.6758,-4.5000,7.8750,-0.0646,-0.1508,-0.0797
1635067931002,-6.8281,-4.4961,7.7734,-0.0689,-0.1954,-0.0903
1635067931006,-6.8633,-4.4375,7.5195,-0.1317,-0.2455,-0.1084
1635067931017,-6.6875,-4.6289,7.3438,-0.2222,-0.2986,-0.1488
1635067931022,-6.7695,-4.8828,7.3789,-0.3296,-0.3413,-0.1892
1635067931047,-7.1797,-5.3711,7.7539,-0.4424,-0.3901,-0.2435
1635067931052,-7.5898,-5.7305,8.1094,-0.5688,-0.4487,-0.3254
1635067931056,-7.5742,-5.7109,8.0547,-0.7549,-0.4934,-0.4351
1635067931067,-7.2891,-5.6094,7.7656,-0.9858,-0.5527,-0.5469
1635067931072,-6.8555,-5.8008,7.5000,-1.2227,-0.6211,-0.6597
1635067931097,-6.5781,-6.2617,7.3984,-1.4297,-0.6719,-0.7671
1635067931102,-6.5195,-6.8750,7.5508,-1.5439,-0.7114,-0.8604
1635067931106,-6.5234,-7.2891,7.8203,-1.5928,-0.7295,-0.9565
1635067931117,-6.6055,-7.4453,7.9180,-1.6328,-0.7466,-1.0488
1635067931123,-6.5898,-7.5430,7.6992,-1.6992,-0.7891,-1.1846
1635067931147,-5.4375,-8.7500,6.5977,-1.7617,-0.8638,-1.5156
1635067931152,-5.4375,-8.7500,6.5977,-1.7617,-0.8638,-1.5156
1635067931156,-3.9102,-7.9609,5.9727,-1.5684,-0.7104,-1.7666
1635067931167,-3.4473,-7.3203,5.9727,-1.5830,-0.6069,-1.8350
1635067931172,-3.3125,-7.2773,5.7344,-1.7588,-0.5156,-1.8848
1635067931197,-3.1191,-7.3750,5.2695,-1.9863,-0.4189,-1.9229
1635067931202,-2.5977,-7.4336,4.6914,-2.0840,-0.3147,-1.9404
1635067931206,-1.9150,-7.0625,4.0469,-2.0273,-0.1699,-1.9375
1635067931218,-1.2998,-6.3516,3.5273,-1.8730,0.0013,-1.9043
1635067931223,-0.8257,-5.6758,3.3105,-1.7217,0.1683,-1.8525
1635067931250,-0.5957,-5.1953,3.1387,-1.6533,0.3225,-1.7861
1635067931256,-0.4475,-5.0195,3.1191,-1.6523,0.4673,-1.6992
1635067931260,-0.2585,-5.0898,3.1387,-1.7295,0.6279,-1.6094
1635067931267,-0.2776,-4.9297,3.5840,-1.8535,0.7739,-1.5234
1635067931280,-0.3901,-4.9102,4.1055,-1.9248,0.8696,-1.3916
1635067931287,-0.6748,-5.4414,4.3906,-1.9053,0.9321,-1.2422
1635067931291,-0.9575,-6.0117,4.6797,-1.7256,0.9355,-1.1045
1635067931317,-1.0264,-6.1875,4.9336,-1.3545,0.9150,-0.9502
1635067931323,-1.0146,-6.0195,5.1641,-0.9443,0.8696,-0.7808
1635067931327,-1.0625,-5.5195,5.1211,-0.6191,0.8076,-0.6455
1635067931338,-1.1680,-4.9609,5.0078,-0.4563,0.7363,-0.5063
1635067931342,-1.0840,-3.8340,4.7422,-0.5220,0.6895,-0.3457
1635067931368,-1.1680,-1.9531,4.5273,-0.7700,0.6685,-0.1626
1635067931372,-1.5127,-0.1316,4.3398,-1.1885,0.6387,0.0597
1635067931381,-2.2344,0.1053,3.8438,-1.7500,0.5703,0.2374
1635067931388,-3.4297,-2.6094,3.4082,-2.3906,0.4194,0.2915
1635067931392,-4.6875,-7.8164,4.0000,-2.9316,0.1311,0.2427
1635067931426,-5.1289,-12.6875,4.4727,-3.1387,-0.0764,0.1448
1635067931428,-5.3125,-14.8203,5.0469,-2.8594,-0.1710,0.0342
1635067931429,-5.1484,-14.6328,5.2383,-2.2266,-0.2136,0.0214
1635067931448,-4.7656,-12.3203,5.3672,-1.6338,-0.2529,-0.0243
1635067931452,-4.3242,-9.5625,4.9414,-1.3359,-0.3115,-0.0712
1635067931457,-4.0781,-7.6055,3.7969,-1.4619,-0.3540,-0.0754
1635067931468,-4.1055,-7.2305,2.6582,-1.7783,-0.4370,-0.0914
1635067931472,-4.2656,-8.3516,2.1348,-2.0352,-0.5605,-0.1212
1635067931498,-4.2070,-9.5547,2.0273,-2.1426,-0.6670,-0.1531
1635067931502,-3.8418,-10.2109,2.1328,-2.0625,-0.7573,-0.1765
1635067931507,-3.2656,-10.1719,2.4023,-1.8877,-0.8213,-0.2031
1635067931518,-2.8770,-9.6328,2.7852,-1.6992,-0.8511,-0.2275
1635067931522,-2.9824,-9.1016,3.2559,-1.5439,-0.8882,-0.2255
1635067931548,-3.0996,-9.1875,3.1309,-1.2910,-0.9585,-0.1797
1635067931552,-2.8984,-9.5938,2.8691,-0.8691,-1.0400,-0.1190
1635067931557,-2.6055,-10.1250,2.5605,-0.3020,-1.0996,-0.0392
1635067931568,-2.4453,-10.2813,2.1660,0.2502,-1.1211,0.0299
1635067931572,-2.2383,-9.1016,1.3398,0.6099,-1.0605,0.0555
1635067931598,-1.8906,-6.3828,0.2227,0.6567,-0.9199,0.0406
1635067931602,-1.8242,-4.7461,-0.2920,0.4993,-0.8242,0.0906
1635067931607,-1.9551,-4.7578,0.0311,0.1066,-0.8179,0.1937
1635067931618,-2.0273,-5.2813,0.3015,-0.5176,-0.7935,0.2683
1635067931623,-2.2754,-6.5313,0.4141,-1.1172,-0.7583,0.2991
1635067931648,-2.4785,-8.3281,0.4429,-1.5361,-0.7817,0.2991
1635067931653,-2.4668,-9.6953,0.5073,-1.7402,-0.8223,0.2937
1635067931657,-2.2188,-10.0938,0.2800,-1.7539,-0.8403,0.3013
1635067931668,-1.8838,-9.6406,0.0981,-1.5664,-0.8701,0.2981
1635067931673,-1.5938,-9.0625,0.0526,-1.2783,-0.9009,0.3013
1635067931698,-1.5889,-8.6016,0.4548,-1.0752,-0.9443,0.3279
1635067931703,-1.7373,-8.2969,0.7539,-0.9019,-0.9937,0.3672
1635067931709,-1.8477,-8.0625,1.0625,-0.6943,-1.0527,0.4172
1635067931719,-1.8740,-7.7188,1.1387,-0.4243,-1.1064,0.5161
1635067931731,-1.8955,-7.6992,0.9189,0.0236,-1.1445,0.6152
1635067931741,-1.7158,-7.6602,0.6055,0.6353,-1.1787,0.6948
1635067931745,-1.3643,-7.3008,0.2656,1.3047,-1.1738,0.8096
1635067931774,-1.1797,-7.1172,-0.1221,1.9482,-1.1240,0.9512
1635067931781,-1.2949,-7.4688,-0.3159,2.5000,-1.0381,1.0713
1635067931787,-1.6924,-8.2422,-0.2681,2.8848,-0.9106,1.1572
1635067931796,-2.2617,-8.6641,0.1005,3.0957,-0.7700,1.2021
1635067931802,-2.6152,-8.5000,0.4548,3.2031,-0.6357,1.2412
1635067931821,-2.8789,-8.6484,0.7778,3.2051,-0.5029,1.2939
1635067931825,-3.1328,-8.7734,0.9932,3.0000,-0.3635,1.2910
1635067931831,-3.2383,-8.2969,0.8950,2.6406,-0.1997,1.2520
1635067931845,-3.3340,-7.8359,0.7061,2.1934,-0.0497,1.2227
1635067931850,-3.5273,-7.9063,0.8403,1.6670,0.0396,1.1680
1635067931858,-3.6289,-8.3438,1.3359,1.1396,0.0801,1.0977
1635067931870,-3.6113,-8.7734,1.8262,0.6948,0.1237,1.0352
1635067931875,-3.7266,-9.2188,2.4922,0.3735,0.1523,0.9521
1635067931898,-3.8945,-9.6016,3.1406,0.1769,0.1449,0.8706
1635067931903,-3.9570,-9.9453,3.2676,0.1077,0.1290,0.8203
1635067931907,-3.9883,-10.3594,3.2676,0.1726,0.0971,0.7788
1635067931919,-3.9902,-10.3516,3.3223,0.3396,0.0492,0.7163
1635067931923,-3.8887,-9.6406,3.4531,0.5332,0.0194,0.6641
1635067931948,-3.8711,-8.6875,3.3105,0.6768,0.0141,0.6543
1635067931953,-3.9941,-8.0859,3.1426,0.7075,0.0226,0.6660
1635067931964,-4.0820,-7.9336,3.1113,0.6074,0.0109,0.6460
1635067931970,-4.2070,-8.1641,3.1445,0.3928,0.0045,0.5947
1635067931975,-4.5273,-8.5313,3.3301,0.0630,0.0279,0.5459
1635067931999,-4.9844,-8.7891,3.4219,-0.3467,0.0567,0.4790
1635067932004,-5.3164,-8.4609,3.4590,-0.7798,0.0875,0.4087
1635067932008,-5.4180,-8.0156,3.2930,-1.1445,0.1162,0.3628
1635067932019,-5.4219,-8.0234,3.1113,-1.4219,0.1279,0.3279
1635067932023,-5.4023,-8.2500,2.8438,-1.5576,0.1417,0.2864
1635067932049,-5.4609,-8.6172,2.4941,-1.4688,0.1439,0.2585
1635067932053,-5.4492,-8.9375,2.5684,-1.1748,0.1035,0.2522
1635067932058,-5.3438,-8.7344,2.9023,-0.7656,0.0694,0.2522
1635067932069,-5.2813,-8.2109,3.3301,-0.3774,0.0503,0.2522
1635067932073,-5.3945,-7.8594,3.5762,-0.1200,0.0290,0.2491
1635067932099,-5.5742,-7.9219,3.6094,-0.0179,0.0152,0.2343
1635067932103,-5.7266,-8.1250,3.2715,0.0343,0.0067,0.2097
1635067932108,-5.6445,-8.4688,2.8965,0.1396,0.0013,0.1969
1635067932119,-5.6055,-8.5313,2.6055,0.2642,0.0077,0.1788
1635067932124,-5.6836,-8.2891,2.3477,0.4141,0.0301,0.1650
1635067932149,-5.6875,-7.8359,2.4629,0.5342,0.0492,0.1746
1635067932153,-5.6133,-7.1211,2.8418,0.6045,0.0652,0.2012
1635067932158,-5.4648,-6.4648,2.8105,0.4619,0.1801,0.1448
1635067932169,-6.8477,-8.2500,4.2344,0.1545,0.0981,0.0597
1635067932173,-6.8477,-8.2500,4.2344,0.1545,0.0981,0.0597
1635067932199,-5.4141,-9.7344,3.1953,0.5044,0.0162,0.0097
1635067932204,-5.4414,-9.8516,3.7324,1.1631,0.0045,-0.0520
1635067932208,-5.4844,-9.0391,4.4688,1.6797,-0.0285,-0.0999
1635067932231,-5.3359,-8.1328,4.4727,1.9336,-0.0274,-0.0616
1635067932242,-5.2188,-7.8398,4.0703,1.9121,-0.0423,-0.1052
1635067932250,-5.1133,-8.1641,3.7813,1.7910,-0.0529,-0.1605
1635067932255,-4.9609,-8.4688,3.6191,1.6826,-0.0508,-0.1871
1635067932261,-4.8359,-8.3516,3.8809,1.6484,-0.0433,-0.2467
1635067932266,-4.9258,-7.9102,4.3555,1.6797,-0.0253,-0.2966
1635067932295,-5.0742,-7.7109,4.8594,1.6973,-0.0285,-0.2957
1635067932300,-4.9805,-7.5742,4.8984,1.6484,-0.0338,-0.3179
1635067932305,-4.8164,-7.5039,4.8789,1.5547,-0.0614,-0.3403
1635067932310,-4.5313,-7.4336,4.8555,1.4688,-0.0955,-0.3403
1635067932319,-4.1836,-7.2656,4.7930,1.4268,-0.1040,-0.3467
1635067932323,-4.0078,-6.8945,4.8906,1.4131,-0.1050,-0.3372
1635067932349,-3.9844,-6.7773,4.7891,1.4121,-0.1179,-0.3223
1635067932354,-3.9570,-6.8438,4.8672,1.3789,-0.1401,-0.3276
1635067932358,-4.0586,-6.8750,5.3945,1.3496,-0.1476,-0.3467
1635067932369,-4.1289,-7.0352,5.4766,1.3252,-0.1550,-0.3574
1635067932374,-4.0430,-6.9609,5.3633,1.2979,-0.1625,-0.3606
1635067932399,-3.7539,-6.4375,5.1875,1.2461,-0.1423,-0.3606
1635067932404,-3.7285,-5.8789,5.4531,1.1270,-0.1104,-0.3508
1635067932408,-3.8770,-5.7891,5.9805,0.9282,-0.0955,-0.3127
1635067932419,-4.1758,-6.0664,6.3203,0.7139,-0.0955,-0.2839
1635067932424,-4.6172,-6.3281,6.7266,0.5298,-0.1390,-0.2595
1635067932449,-4.6406,-6.4414,6.9180,0.3875,-0.1945,-0.2573
1635067932454,-4.4023,-6.2695,6.3594,0.2524,-0.2114,-0.2712
1635067932458,-4.3008,-6.3047,6.3945,0.1417,-0.2507,-0.2678
1635067932475,-4.0078,-6.0820,6.3828,0.0630,-0.2583,-0.2744
1635067932480,-3.9063,-6.0469,5.8945,0.0790,-0.2412,-0.2595
1635067932490,-4.0508,-6.0898,5.6680,0.1609,-0.2114,-0.2489
1635067932495,-4.1914,-5.8984,5.7617,0.2607,-0.1923,-0.2201
1635067932520,-4.1133,-5.7109,5.9531,0.3545,-0.1742,-0.2009
1635067932524,-3.8828,-5.8281,5.2344,0.4119,-0.1433,-0.2074
1635067932529,-3.5313,-6.3008,4.8398,0.4641,-0.1083,-0.1967
1635067932539,-3.3652,-6.6406,5.4414,0.5640,0.0024,-0.2063
1635067932544,-3.5879,-7.0078,5.8047,0.6299,0.1300,-0.2542
1635067932569,-4.0781,-7.2773,5.7188,0.7256,0.2333,-0.2786
1635067932574,-4.3164,-7.3594,5.5820,0.9365,0.3311,-0.2827
1635067932578,-4.2070,-6.8086,5.6836,1.0771,0.3938,-0.2817
1635067932590,-3.8848,-5.9492,6.0820,1.0820,0.4087,-0.2478
1635067932594,-3.6016,-5.4766,6.2031,0.9282,0.3599,-0.1924
1635067932620,-3.7480,-5.9180,6.4414,0.7427,0.3035,-0.1542
1635067932624,-3.7695,-6.6953,6.0664,0.5820,0.2854,-0.1382
1635067932628,-3.7695,-7.0547,5.7227,0.5532,0.2864,-0.1520
1635067932640,-3.9199,-6.6719,5.6016,0.6533,0.3025,-0.1733
1635067932644,-3.9043,-6.3750,5.3633,0.7939,0.3098,-0.1680
1635067932670,-3.8359,-5.8906,5.1484,0.7949,0.3225,-0.1328
1635067932674,-3.7910,-4.9023,4.8906,0.6011,0.3184,-0.0360
1635067932679,-3.8672,-5.8320,5.0859,0.4866,0.2216,0.0299
1635067932690,-4.0664,-6.5352,5.1797,0.3652,0.1981,0.0225
1635067932694,-4.5234,-7.5078,4.5547,0.4854,0.2216,0.0161
1635067932723,-4.6211,-8.5625,4.0430,0.6206,0.2854,-0.0861
1635067932734,-5.0938,-8.4922,4.0313,0.8833,0.4077,-0.2095
1635067932741,-5.1953,-7.6680,3.6953,1.2549,0.5234,-0.3052
1635067932747,-4.7852,-6.5742,4.0234,1.5225,0.5908,-0.3850
1635067932751,-4.2578,-5.1055,4.4961,1.5693,0.6377,-0.3425
1635067932761,-4.4180,-4.2891,5.5313,1.4346,0.6426,-0.2827
1635067932765,-4.7500,-4.7617,6.1172,1.1641,0.5811,-0.2668
1635067932790,-5.0742,-6.4648,6.6836,1.0928,0.4854,-0.2754
1635067932795,-5.1953,-7.4336,6.2500,1.2803,0.4258,-0.3340
1635067932799,-4.9336,-6.6172,6.1523,1.5000,0.3950,-0.3914
1635067932810,-4.4766,-4.9961,5.5156,1.5898,0.4036,-0.4063
1635067932814,-3.5684,-2.8809,4.8086,1.4980,0.4172,-0.3691
1635067932840,-2.9707,-1.9746,5.2070,1.3545,0.4482,-0.2223
1635067932844,-3.6738,-2.3359,7.2227,1.1367,0.4587,-0.0850
1635067932849,-5.0195,-3.2773,9.0469,0.8906,0.3833,-0.0052
1635067932860,-6.1211,-4.7461,8.8047,0.7271,0.2344,0.0587
1635067932865,-6.1641,-6.5273,8.6719,0.6831,0.0354,0.0406
1635067932890,-5.8750,-6.3594,7.5898,0.7983,0.0056,-0.0616
1635067932895,-5.6406,-5.7344,6.2578,1.1094,0.0545,-0.1946
1635067932899,-4.4570,-3.1641,4.0938,1.2344,0.2098,-0.2944
1635067932910,-3.5684,-1.1348,3.3848,1.2871,0.3833,-0.1754
1635067932915,-4.0117,-1.2539,4.6172,1.2266,0.5107,-0.0775
1635067932940,-5.3281,-1.9219,7.2461,1.0430,0.5820,-0.0116
1635067932945,-6.4297,-2.9082,9.2891,0.7515,0.5483,0.0884
1635067932949,-6.6953,-3.7715,9.7734,0.5015,0.4353,0.1501
1635067932960,-6.6523,-3.6699,10.8281,0.3333,0.2322,0.2257
1635067932965,-6.5742,-2.6426,10.5156,-0.0508,-0.0178,0.2734
1635067932990,-5.7578,-3.0781,8.8438,-0.4307,-0.2253,0.2512
1635067932995,-4.9258,-3.8086,7.4258,-0.4690,-0.2423,0.2140
1635067932999,-5.1328,-4.0938,6.1250,-0.2179,-0.1539,0.1512
1635067933011,-5.5117,-3.8301,5.2500,0.1183,-0.0444,0.0597
1635067933021,-5.5664,-2.0840,4.7852,0.3577,0.1024,0.0576
1635067933031,-5.6680,-1.0742,4.5742,0.4800,0.1907,0.0948
1635067933036,-5.8164,-1.2012,4.5117,0.5342,0.2482,0.0778
1635067933067,-6.3125,-1.9434,5.7461,0.6343,0.2715,0.0767
1635067933072,-6.9180,-2.6328,7.4570,0.5747,0.2493,0.0746
1635067933083,-7.4336,-3.2715,9.1328,0.3386,0.1183,0.0778
1635067933100,-7.5313,-3.1680,9.9766,0.0226,-0.0635,0.0969
1635067933116,-7.0977,-2.2070,9.5625,-0.3933,-0.2263,0.1565
1635067933124,-6.5508,-1.0723,8.5234,-1.0078,-0.3679,0.2321
1635067933133,-6.2578,-0.9312,7.6055,-1.7070,-0.5293,0.2756
1635067933150,-6.1172,-1.9434,6.3984,-2.3691,-0.6680,0.2810
1635067933166,-6.1953,-3.3789,5.6445,-2.7930,-0.8071,0.3396
1635067933172,-6.3750,-4.9219,5.2891,-2.8379,-0.9243,0.4448
1635067933199,-6.2617,-5.6289,4.6055,-2.6035,-0.9678,0.4407
1635067933206,-5.6094,-5.8555,4.6250,-1.8789,-0.6890,0.3533
1635067933211,-5.8047,-2.1758,6.5000,-2.6895,-0.6743,0.1172
1635067933219,-6.1836,-5.2070,6.0039,-3.8223,-0.8457,0.0491
1635067933226,-6.2500,-8.1641,6.3516,-4.3281,-0.8999,0.0001
1635067933231,-5.5273,-10.3594,6.0313,-3.9707,-0.9404,-0.0211
1635067933246,-4.5508,-10.6406,5.5938,-3.0313,-0.8784,-0.0892
1635067933254,-4.0234,-9.1328,5.3242,-1.8809,-0.7847,-0.0743
1635067933260,-3.7598,-7.5156,5.2266,-0.9521,-0.7637,-0.0009
1635067933274,-3.2656,-6.5430,5.3242,-0.4731,-0.7563,0.0352
1635067933280,-2.9121,-6.1094,5.4844,-0.3169,-0.7275,0.0682
1635067933285,-2.6211,-6.2891,5.7148,-0.3040,-0.6899,0.0799
1635067933291,-2.4336,-6.4375,6.0039,-0.4297,-0.6421,0.0757
1635067933296,-2.5293,-6.6094,6.1523,-0.6094,-0.5771,0.0714
1635067933302,-2.5938,-7.0273,6.0391,-0.7485,-0.5347,0.0480
1635067933312,-2.4941,-7.6445,5.9297,-0.7412,-0.4924,0.0257
1635067933317,-2.5566,-7.7422,5.7305,-0.6797,-0.4158,0.0342
1635067933323,-2.6191,-7.5391,5.4336,-0.5923,-0.3401,0.0640
1635067933331,-2.4844,-7.2500,5.1367,-0.5093,-0.2773,0.0820
1635067933342,-2.3242,-6.9023,4.9531,-0.4880,-0.2040,0.0863
1635067933347,-2.3184,-6.6758,4.7656,-0.5220,-0.1370,0.0873
1635067933372,-2.4395,-6.6680,4.5313,-0.4817,-0.1284,0.0906
1635067933395,-2.1172,-6.4961,5.1563,-0.2561,-0.1242,0.0810
1635067933400,-1.7021,-6.2578,5.7383,0.1077,-0.0583,0.1331
1635067933406,-1.6807,-5.9727,5.8633,0.5269,0.0258,0.1746
1635067933415,-1.9551,-5.8516,5.9414,0.9482,0.0588,0.1628
1635067933430,-2.2930,-6.3828,6.1445,1.3184,0.0407,0.1736
1635067933444,-2.4336,-6.5391,6.1172,1.5576,0.0450,0.1842
1635067933449,-2.5078,-6.2227,5.6094,1.7744,0.1046,0.2065
1635067933477,-2.8223,-6.3203,5.0469,1.9121,0.1758,0.2257
1635067933493,-3.1602,-6.3516,4.8398,1.8945,0.2205,0.2151
1635067933498,-3.3887,-5.8906,5.2148,1.8311,0.2534,0.2427
1635067933510,-3.6094,-5.4102,5.8789,1.7324,0.2810,0.2915
1635067933526,-3.9141,-5.0391,6.7695,1.5996,0.2747,0.3162
1635067933543,-4.1406,-4.5664,7.3438,1.4092,0.2800,0.3564
1635067933560,-4.3359,-4.2344,7.1641,1.1563,0.3130,0.3853
1635067933565,-4.5742,-4.1484,6.9063,0.9644,0.3098,0.3938
1635067933578,-4.7578,-4.6953,6.9180,0.9399,0.2747,0.4119
1635067933583,-5.0508,-5.9766,7.0859,1.0068,0.2375,0.3821
1635067933592,-5.3125,-6.8398,6.9805,1.1055,0.2439,0.3032
1635067933609,-5.5508,-7.0430,6.7969,1.2451,0.3013,0.2480
1635067933625,-5.6758,-6.5117,6.7109,1.3516,0.3577,0.2086
1635067933642,-5.6289,-5.5508,6.8281,1.3711,0.4067,0.1736
1635067933647,-5.6641,-4.9297,6.9375,1.2363,0.4258,0.1321
1635067933652,-5.7422,-4.7773,7.1914,0.9780,0.3843,0.0714
1635067933657,-5.7344,-4.8086,7.4727,0.6792,0.3459,0.0129
1635067933662,-5.7383,-4.7695,7.6563,0.4014,0.3206,-0.0318
1635067933667,-5.7070,-4.7617,7.8516,0.1918,0.2705,-0.0648
1635067933673,-5.5664,-5.2695,8.0703,0.1853,0.1194,-0.1105
1635067933678,-4.9570,-5.2070,7.6133,0.2778,0.1406,-0.1840
1635067933682,-5.4766,-4.4141,7.7773,0.0992,0.1482,-0.0743
1635067933687,-5.3047,-4.6836,7.4297,0.0545,0.0503,-0.0861
1635067933692,-4.9141,-5.0742,7.2930,0.0098,-0.0210,-0.1626
1635067933697,-4.7969,-5.2656,7.2695,0.0290,-0.0316,-0.1296
1635067933703,-4.9023,-5.0859,7.3555,0.0109,-0.0274,-0.1285
1635067933707,-5.0273,-4.6797,7.3008,-0.0977,-0.0306,-0.1456
1635067933712,-4.9375,-4.3828,7.1680,-0.2593,-0.0508,-0.1520
1635067933723,-4.8320,-4.4023,7.1172,-0.4094,-0.0838,-0.1552
1635067933735,-4.8438,-4.6445,7.0508,-0.4978,-0.1029,-0.1594
1635067933749,-4.9336,-4.8477,7.0742,-0.5410,-0.1083,-0.1626
1635067933750,-4.9063,-4.9141,7.1406,-0.5669,-0.1199,-0.1605
1635067933773,-4.7539,-4.7188,7.0781,-0.5977,-0.1199,-0.1594
1635067933778,-4.5820,-4.4648,6.8203,-0.6294,-0.1072,-0.1594
1635067933782,-4.4141,-4.4844,6.5781,-0.6357,-0.1050,-0.1563
1635067933793,-4.2852,-4.7695,6.4414,-0.6157,-0.1040,-0.1445
1635067933797,-4.2031,-5.1094,6.5898,-0.5679,-0.0838,-0.1360
1635067933823,-4.1250,-5.1680,6.7344,-0.5244,-0.0476,-0.1434
1635067933840,-3.9570,-4.8711,6.7188,-0.4912,-0.0019,-0.1318
1635067933844,-3.7578,-4.5508,6.5039,-0.4785,0.0386,-0.0967
1635067933850,-3.6094,-4.6172,6.3125,-0.4402,0.0513,-0.0594
1635067933854,-3.5879,-4.9922,6.3984,-0.3518,0.0460,-0.0190
1635067933863,-3.5234,-5.1445,6.5586,-0.2498,0.0715,0.0023
1635067933867,-3.4688,-4.9922,6.7695,-0.1550,0.1120,0.0076
1635067933893,-3.4512,-4.7852,6.9922,-0.0923,0.1396,0.0374
1635067933897,-3.5117,-4.8789,6.9805,-0.0572,0.1566,0.0746
1635067933902,-3.7109,-5.2852,6.8555,0.0141,0.1503,0.0927
1635067933913,-3.8125,-5.5391,6.8750,0.1226,0.1514,0.0948
1635067933917,-3.8652,-5.4414,7.1094,0.2216,0.1598,0.0969
1635067933943,-3.9375,-5.3633,7.1758,0.2651,0.1672,0.1033
1635067933947,-4.0117,-5.3047,7.1719,0.2756,0.1747,0.0959
1635067933954,-4.0703,-5.2734,7.1992,0.2756,0.1715,0.1002
1635067933963,-4.0977,-5.1992,7.1328,0.2673,0.1726,0.1161
1635067933967,-4.1367,-4.9453,6.9180,0.2428,0.1907,0.1342
1635067933993,-4.3203,-4.8008,6.7656,0.2236,0.1981,0.1544
1635067933997,-4.5195,-5.1133,6.7539,0.2141,0.1769,0.1565
1635067934002,-4.6055,-5.3320,6.6953,0.2141,0.1694,0.1395
1635067934013,-4.6758,-5.3789,6.7461,0.2661,0.1715,0.1278
1635067934017,-4.7891,-5.4375,6.9297,0.3279,0.1631,0.1086
1635067934043,-4.8086,-5.3477,7.1602,0.3311,0.1566,0.0746
1635067934047,-4.8711,-5.2266,7.1602,0.2905,0.1652,0.0544
1635067934052,-4.9453,-5.1719,7.1172,0.2491,0.1672,0.0320
1635067934063,-4.9258,-5.1406,7.0508,0.2258,0.1641,0.0129
1635067934091,-4.9336,-5.0898,6.9141,0.2375,0.1663,0.0203
1635067934097,-4.9414,-4.9063,6.7031,0.3396,0.1769,0.0618
1635067934101,-4.9414,-4.7656,6.6094,0.3396,0.1769,0.0618
1635067934105,-4.9258,-4.7344,6.5781,0.4587,0.1790,0.0778
1635067934113,-5.0352,-4.7500,6.6797,0.4790,0.1747,0.0650
1635067934117,-5.0547,-4.6406,6.7734,0.4641,0.1683,0.0565
1635067934143,-5.0000,-4.5781,6.7813,0.4302,0.1758,0.0512
1635067934148,-4.9453,-4.5078,6.7617,0.3906,0.1747,0.0469
1635067934152,-4.9336,-4.3867,6.8438,0.3672,0.1769,0.0469
1635067934163,-5.0625,-4.2852,6.9727,0.3418,0.1875,0.0501
1635067934168,-5.2305,-4.2656,7.0977,0.2959,0.1758,0.0416
1635067934193,-5.3203,-4.2539,6.9063,0.2035,0.1694,0.0342
1635067934198,-5.6680,-4.6797,7.1484,0.1332,0.1279,0.0182
1635067934202,-5.7734,-5.4922,7.3633,0.0779,0.0652,-0.0233
1635067934213,-5.3477,-5.4688,7.1914,0.0715,0.0694,-0.0733
1635067934218,-5.0469,-5.0781,7.2031,0.1247,0.1013,-0.0733
1635067934244,-5.0000,-4.5703,7.1797,0.1417,0.0992,-0.0541
1635067934251,-4.9531,-4.1563,7.2500,0.1035,0.0843,-0.0392
1635067934256,-5.0273,-4.2617,7.1875,0.0353,0.0482,-0.0456
1635067934264,-5.0703,-4.9766,7.0586,0.0194,0.0024,-0.0690
1635067934268,-4.9219,-5.0469,7.1367,0.1035,0.0120,-0.0743
1635067934294,-4.8711,-4.0273,7.3086,0.1938,0.0567,-0.0552
1635067934299,-5.3594,-4.2461,7.3438,0.1503,0.0375,-0.0573
1635067934303,-5.4297,-5.0820,7.0352,0.0460,-0.0285,-0.1180
1635067934314,-4.9219,-5.5625,6.7734,0.1801,-0.0221,-0.1382
1635067934324,-4.6055,-5.2930,6.6719,0.4717,0.0577,-0.1371
1635067934334,-4.6875,-4.7578,6.7266,0.7075,0.1088,-0.1371
1635067934340,-4.9844,-4.5078,6.8984,0.8218,0.1024,-0.1434
1635067934364,-4.9180,-4.5859,7.0781,0.8750,0.0907,-0.1808
1635067934379,-4.8555,-4.3789,7.0352,0.9331,0.1130,-0.1924
1635067934384,-5.1016,-4.1602,7.1680,1.0732,0.1311,-0.1563
1635067934389,-5.2422,-4.1016,7.4648,1.2070,0.1162,-0.1499
1635067934394,-5.2227,-4.2031,7.5078,1.2783,0.1046,-0.1477
1635067934404,-5.1289,-4.1016,7.3828,1.3379,0.1024,-0.1467
1635067934408,-5.0273,-3.8125,7.1914,1.3916,0.1067,-0.1403
1635067934435,-5.2695,-3.6484,7.2070,1.3350,0.1194,-0.1382
1635067934440,-5.4414,-3.5859,7.1484,1.1602,0.0971,-0.1318
1635067934444,-5.3711,-3.1445,7.0977,0.9321,0.1013,-0.1158
1635067934454,-5.4453,-2.7090,7.0781,0.6416,0.1013,-0.0956
1635067934459,-5.4688,-2.4922,7.1641,0.2769,0.0811,-0.0733
1635067934484,-5.5703,-2.6367,7.1367,-0.1125,0.0492,-0.0626
1635067934489,-5.4102,-2.8887,7.0508,-0.4414,0.0162,-0.0478
1635067934493,-5.4727,-3.0762,7.4063,-0.6553,-0.0029,-0.0084
1635067934504,-5.8359,-3.5254,7.5938,-0.7925,-0.0529,0.0203
1635067934509,-5.9727,-3.7910,7.8477,-0.8745,-0.0817,0.0225
1635067934534,-6.2891,-4.1406,8.3281,-0.9277,-0.1284,0.0193
1635067934539,-6.6523,-4.4688,8.3672,-0.9966,-0.1954,0.0023
1635067934543,-6.7109,-4.5625,8.1172,-1.0527,-0.2507,-0.0243
1635067934554,-6.6406,-4.6836,7.9961,-1.1172,-0.3083,-0.0690
1635067934559,-6.5625,-4.6133,7.8242,-1.2490,-0.3647,-0.1307
1635067934593,-6.3281,-4.5273,7.5664,-1.4170,-0.4136,-0.1860
1635067934597,-5.9922,-4.6914,7.2813,-1.5781,-0.4626,-0.2404
1635067934602,-5.5547,-4.7656,7.1055,-1.7080,-0.4827,-0.2808
1635067934607,-5.4336,-4.8398,7.3203,-1.7871,-0.4924,-0.2988
1635067934612,-5.8750,-5.4727,7.8477,-1.8447,-0.5356,-0.3254
1635067934625,-6.7148,-6.7227,8.3438,-1.8691,-0.6255,-0.3660
1635067934629,-7.4961,-7.8711,8.6328,-1.7910,-0.7383,-0.4373
1635067934655,-7.7109,-8.0703,8.2578,-1.6270,-0.8223,-0.5327
1635067934659,-7.4727,-7.6875,7.6289,-1.4492,-0.9009,-0.6411
1635067934664,-6.9258,-7.7109,7.1328,-1.3926,-0.9819,-0.7979
1635067934675,-6.1953,-8.1563,6.6953,-1.5576,-1.0254,-1.0078
1635067934679,-5.4922,-8.4375,6.3203,-1.8789,-1.0078,-1.1914
1635067934705,-4.9961,-8.2578,6.1133,-2.2734,-0.9316,-1.3203
1635067934709,-4.6680,-7.8516,5.8438,-2.7266,-0.8394,-1.4199
1635067934714,-4.3672,-7.5742,5.3125,-3.2207,-0.7573,-1.5117
1635067934739,-4.0234,-7.8008,4.9453,-3.6504,-0.6943,-1.6279
1635067934743,-3.4902,-8.2109,4.5742,-3.9551,-0.6348,-1.7432
1635067934752,-2.6680,-8.5156,4.0273,-4.0195,-0.5527,-1.8086
1635067934757,-1.7764,-8.5000,3.4688,-3.7910,-0.4294,-1.8223
1635067934765,-1.0127,-8.2188,2.9688,-3.3477,-0.2869,-1.7822
1635067934770,-0.3662,-7.8086,2.6582,-2.8867,-0.1614,-1.6934
1635067934795,0.0958,-7.1602,2.3828,-2.5723,0.0035,-1.6230
1635067934800,0.2537,-6.3789,2.0195,-2.4258,0.1556,-1.5410
1635067934804,0.4883,-5.8047,1.7422,-2.3438,0.3057,-1.4375
1635067934815,0.7944,-5.5781,1.4453,-2.2051,0.4470,-1.3252
1635067934820,0.9956,-5.8516,1.4883,-1.9512,0.5576,-1.2041
1635067934845,1.0625,-6.1836,1.7324,-1.5967,0.6577,-1.0898
1635067934849,1.0957,-6.4531,1.9629,-1.1250,0.7515,-0.9531
1635067934854,1.1650,-6.5078,2.1172,-0.6021,0.8535,-0.8125
1635067934865,1.1748,-6.1914,2.4980,-0.1392,0.9473,-0.6895
1635067934881,0.9575,-5.7383,3.1777,0.1736,1.0254,-0.5552
1635067934887,0.5503,-5.4805,4.0781,0.3450,1.0615,-0.4211
1635067934892,0.1101,-5.6641,5.0039,0.4609,1.0215,-0.3074
1635067934906,-0.0933,-5.9648,5.6250,0.6001,0.9385,-0.2020
1635067934912,-0.1101,-6.1328,5.4531,0.8047,0.8618,-0.0988
1635067934937,-0.2010,-6.0234,4.8945,1.0029,0.7813,0.0108
1635067934954,-0.3733,-5.3320,4.3320,1.1279,0.7075,0.1288
1635067934970,-0.9429,-5.0508,4.1406,1.0957,0.6587,0.2417
1635067934982,-1.9795,-5.2305,4.1836,0.7813,0.6011,0.3086
1635067934987,-3.0918,-5.9102,4.4297,0.2566,0.4875,0.3330
1635067935003,-4.0430,-7.2813,4.9180,-0.3870,0.3472,0.3162
1635067935008,-4.6172,-8.6797,5.2617,-1.0684,0.2322,0.2607
1635067935014,-5.0273,-9.7656,5.3359,-1.6758,0.1417,0.2161
1635067935022,-5.0195,-10.7344,5.0820,-2.1445,0.0279,0.1321
1635067935027,-4.5117,-11.2500,4.8047,-2.4746,-0.0859,0.0140
1635067935034,-4.1289,-11.4375,4.6719,-2.5879,-0.1913,-0.0775
1635067935039,-3.8652,-11.3281,4.8281,-2.5352,-0.3083,-0.1350
1635067935053,-3.4063,-10.2500,4.9570,-2.2031,-0.5425,-0.1307
1635067935069,-3.2344,-9.8516,4.4766,-2.0000,-0.6509,-0.1414
1635067935086,-3.0020,-9.5859,4.0703,-1.7637,-0.7422,-0.1583
1635067935102,-2.7637,-9.1328,3.5527,-1.5596,-0.7964,-0.1648
1635067935107,-2.5879,-8.2969,2.5918,-1.4219,-0.8071,-0.1605
1635067935119,-2.6055,-7.9844,1.8428,-1.2217,-0.8359,-0.1531
1635067935124,-2.4863,-8.2500,1.5557,-0.9722,-0.9009,-0.1371
1635067935129,-2.1777,-8.3359,1.4170,-0.7402,-0.9316,-0.0914
1635067935136,-1.9893,-8.1094,1.4189,-0.5293,-0.9209,-0.0233
1635067935151,-1.8525,-7.6328,1.3740,-0.4094,-0.9189,0.0352
1635067935164,-1.6875,-7.1797,1.3955,-0.4221,-0.9243,0.0906
1635067935170,-1.6299,-7.0195,1.3574,-0.4998,-0.9224,0.1682
1635067935182,-1.5918,-7.2852,1.3184,-0.5571,-0.9404,0.2607
1635067935201,-1.5244,-7.6094,1.1826,-0.5581,-0.9424,0.3235
1635067935217,-1.5391,-7.8477,1.1270,-0.4668,-0.9360,0.3862
1635067935227,-1.6494,-7.9297,1.3379,-0.2817,-0.9468,0.4619
1635067935232,-1.8311,-8.0469,1.7109,0.0268,-0.9766,0.5269
1635067935245,-1.9248,-8.2734,2.0957,0.4375,-1.0391,0.6074
1635067935254,-1.9678,-8.6563,1.9648,0.9653,-1.0703,0.7192
1635067935259,-2.0098,-8.8125,1.5986,1.5947,-1.0537,0.7861
1635067935266,-1.8096,-8.5391,1.0840,2.2324,-1.0137,0.8354
1635067935272,-1.5146,-8.1016,0.8809,2.7793,-0.9424,0.8989
1635067935278,-1.3066,-7.8984,0.7754,3.1621,-0.8213,0.9653
1635067935284,-1.3975,-8.2969,0.6895,3.3633,-0.6572,1.0205
1635067935289,-1.8906,-8.9141,0.8496,3.3379,-0.4827,1.0449
1635067935297,-2.4199,-9.0000,0.9907,3.1895,-0.3062,1.0342
1635067935302,-2.6445,-8.7031,1.2920,3.0430,-0.1593,1.0273
1635067935327,-2.7539,-8.5703,1.7500,2.8574,-0.0455,1.0146
1635067935340,-2.8379,-8.5078,2.1699,2.5977,0.0556,0.9727
1635067935345,-2.9805,-8.6094,2.7617,2.3809,0.1396,0.9302
1635067935351,-2.9863,-8.7188,3.2813,2.2363,0.2013,0.9058
1635067935356,-2.8711,-8.6250,3.6289,2.1309,0.2693,0.8833
1635067935367,-2.8145,-8.4219,3.9199,2.0391,0.3374,0.8501
1635067935372,-2.8457,-8.2734,4.1484,1.9434,0.3789,0.8086
1635067935397,-2.9609,-8.3594,4.3398,1.8135,0.4099,0.7651
1635067935430,-3.1113,-8.4531,4.4141,1.6758,0.4587,0.7192
1635067935435,-3.2793,-8.3750,4.1992,1.5693,0.5098,0.6748
1635067935441,-3.4902,-8.0313,3.9766,1.5596,0.5386,0.6670
1635067935463,-3.6973,-7.6563,3.9824,1.6797,0.5313,0.6875
1635067935482,-3.7441,-7.1641,4.4219,1.8525,0.5298,0.6865
1635067935512,-3.9238,-6.6328,4.9023,1.9902,0.5811,0.6831
1635067935526,-4.2539,-6.6289,5.5820,2.0566,0.6035,0.6733
1635067935531,-4.4961,-6.9180,6.1016,1.9814,0.5972,0.6255
1635067935536,-4.7266,-7.1836,6.1289,1.8076,0.6079,0.5469
1635067935542,-4.8320,-7.3867,5.9805,1.6436,0.6162,0.4683
1635067935546,-4.9336,-7.4102,5.7813,1.5283,0.6289,0.4087
1635067935551,-5.1367,-7.1953,5.6406,1.4639,0.6406,0.3596
1635067935556,-5.3242,-6.9063,5.7930,1.4268,0.6299,0.3118
1635067935561,-5.4180,-6.6094,6.1484,1.3975,0.6055,0.2576
1635067935567,-5.4023,-6.3750,6.4727,1.3779,0.5630,0.2140
1635067935571,-5.4375,-6.2695,6.6875,1.3857,0.5015,0.1959
1635067935578,-5.2500,-6.1445,6.8438,1.4287,0.4546,0.1703
1635067935581,-5.0234,-5.9141,6.8320,1.4893,0.4419,0.1405
1635067935586,-5.0195,-5.8359,6.8516,1.5518,0.4087,0.1214
1635067935592,-5.1289,-5.9219,7.0313,1.5889,0.3599,0.0948
1635067935596,-5.3242,-5.8867,7.2461,1.5752,0.3374,0.0597
1635067935607,-5.4219,-5.6211,7.5078,1.5107,0.3257,0.0193
1635067935612,-5.1680,-5.9531,7.2734,1.6104,0.2024,-0.0488
1635067935637,-4.9219,-5.5195,7.1016,1.7002,0.3215,-0.1223
1635067935642,-5.6250,-4.6172,7.5313,1.4131,0.3098,-0.0094
1635067935660,-5.3555,-4.6953,7.3594,1.2002,0.2301,-0.0903
1635067935665,-4.9141,-4.7734,7.1406,1.0098,0.2035,-0.1382
1635067935670,-4.6875,-4.6289,7.0430,0.9590,0.2067,-0.0956
1635067935677,-4.6836,-4.2656,7.0352,0.9844,0.2109,-0.0658
1635067935682,-4.6289,-3.9199,7.0430,1.0117,0.2184,-0.0382
1635067935707,-4.6250,-3.7930,7.0742,1.0107,0.2152,-0.0211
1635067935712,-4.6289,-3.8359,7.0859,0.9927,0.2087,-0.0094
1635067935716,-4.7109,-3.8887,7.2109,0.9663,0.2120,-0.0009
1635067935735,-4.8242,-3.8398,7.3438,0.8823,0.2247,-0.0031
1635067935740,-4.9297,-3.8105,7.4023,0.7183,0.2238,-0.0137
1635067935748,-4.9453,-3.8027,7.4492,0.5278,0.2152,-0.0265
1635067935753,-4.7969,-3.7695,7.2383,0.3621,0.2312,-0.0286
1635067935778,-4.7227,-3.7578,7.0313,0.2971,0.2450,-0.0073
1635067935782,-4.7617,-3.8340,7.1563,0.3184,0.2354,0.0161
1635067935787,-4.8672,-3.8516,7.3477,0.3428,0.2279,0.0289
1635067935798,-4.9766,-3.9492,7.5430,0.3640,0.2184,0.0459
1635067935802,-5.0156,-3.9941,7.5547,0.3608,0.2152,0.0416
1635067935828,-4.9844,-3.9492,7.5039,0.3428,0.2078,0.0384
1635067935832,-4.9531,-3.8516,7.3711,0.3162,0.2152,0.0427
1635067935837,-5.0313,-3.8281,7.2578,0.2971,0.2173,0.0459
1635067935848,-5.0898,-3.7813,7.1758,0.2769,0.2205,0.0459
1635067935853,-5.0938,-3.6875,7.2148,0.2365,0.2322,0.0459
1635067935878,-5.1680,-3.6113,7.3281,0.1481,0.2322,0.0459
1635067935883,-5.2344,-3.6191,7.4609,0.0587,0.2130,0.0512
1635067935887,-5.2852,-3.7852,7.5391,0.0970,0.1929,0.1108
1635067935898,-5.1328,-2.9590,6.8906,0.1555,0.2312,0.1405
1635067935903,-5.6875,-3.0703,7.0234,0.1013,0.1907,0.1479
1635067935929,-6.0625,-3.8418,7.2891,-0.0115,0.0897,0.1267
1635067935933,-6.0547,-4.6914,7.8008,0.0013,0.0279,0.0842
1635067935938,-5.8672,-5.1914,8.1641,0.0970,0.0290,0.0352
1635067935949,-5.3984,-4.3320,7.6719,0.1598,0.0981,-0.0158
1635067935953,-5.3789,-3.3047,7.3398,0.2227,0.1332,0.0086
1635067935979,-5.6680,-3.5527,7.4414,0.1853,0.0758,0.0203
1635067935983,-5.5078,-3.6738,7.2891,0.0694,0.0503,-0.0307
1635067935988,-5.4453,-3.7480,7.3008,0.0704,0.0439,-0.0084
1635067935999,-5.3594,-3.7246,7.2383,0.0992,0.0471,0.0044
1635067936003,-5.4531,-3.5918,7.1602,0.0577,0.0577,-0.0105
1635067936029,-5.6211,-4.0195,7.0664,-0.0317,0.0226,-0.0435
1635067936034,-5.2734,-4.2695,7.0156,-0.0721,0.0045,-0.0871
1635067936038,-5.0195,-4.2109,7.1875,-0.0221,0.0375,-0.0914
1635067936049,-5.1016,-3.9023,7.2461,0.0694,0.0641,-0.0712
1635067936054,-5.0742,-3.5449,7.3281,0.1587,0.0833,-0.0478
1635067936079,-5.0000,-3.2285,7.2539,0.1704,0.1003,-0.0488
1635067936084,-5.1367,-3.5215,7.2227,0.1481,0.0758,-0.0456
1635067936088,-5.3086,-3.9238,7.2773,0.1672,0.0492,-0.0371
1635067936100,-5.3828,-3.9609,7.4570,0.2130,0.0450,-0.0307
1635067936104,-5.4531,-3.8887,7.5234,0.2450,0.0439,-0.0360
1635067936130,-5.4102,-3.9707,7.4063,0.2832,0.0332,-0.0424
1635067936135,-5.2227,-4.0469,7.3320,0.3364,0.0396,-0.0509
1635067936139,-5.1797,-4.0117,7.2813,0.3875,0.0598,-0.0626
1635067936150,-5.1289,-3.7695,7.2617,0.3992,0.0758,-0.0605
1635067936154,-5.0195,-3.5645,7.3516,0.3811,0.0833,-0.0626
1635067936180,-5.0313,-3.3477,7.5234,0.3491,0.0875,-0.0605
1635067936184,-5.1758,-3.3320,7.6406,0.3162,0.0801,-0.0552
1635067936189,-5.2773,-3.2051,7.6797,0.2460,0.0662,-0.0584
1635067936211,-5.3789,-3.1953,7.5195,0.1598,0.0396,-0.0424
1635067936217,-5.4375,-3.6406,7.3320,0.1141,0.0003,-0.0392
1635067936222,-5.4531,-3.8984,7.2305,0.1289,-0.0114,-0.0403
1635067936228,-5.4414,-3.5801,7.2539,0.1311,0.0088,-0.0254
1635067936245,-5.1211,-3.1094,6.7227,0.1321,0.0130,-0.0052
1635067936253,-5.1094,-3.2305,7.9922,0.0396,0.0237,-0.0094
1635067936261,-5.7813,-2.5781,7.8516,-0.3115,0.0301,-0.0286
1635067936267,-5.5703,-3.4199,7.0039,-0.5762,-0.0210,-0.0158
1635067936291,-5.0156,-3.6973,7.0430,-0.6201,-0.0327,-0.0041
1635067936324,-5.2344,-3.5586,7.3398,-0.5410,-0.0242,0.0650
1635067936329,-5.5664,-3.2988,7.3633,-0.5229,-0.0263,0.0661
1635067936335,-5.5977,-3.2617,7.2422,-0.5840,-0.0625,0.0448
1635067936339,-5.5313,-3.9258,7.0664,-0.5996,-0.1146,0.0501
1635067936347,-5.3359,-4.4297,6.9766,-0.4712,-0.1199,0.0512
1635067936353,-5.2617,-4.3281,7.0000,-0.2507,-0.0806,0.0544
1635067936359,-5.2539,-3.9844,7.1289,-0.0604,-0.0391,0.0491
1635067936363,-5.2031,-3.6582,7.1406,0.0375,-0.0136,0.0437
1635067936371,-5.1797,-3.4746,7.0938,0.0481,0.0003,0.0501
1635067936375,-5.2813,-3.4805,7.1055,-0.0008,-0.0061,0.0501
1635067936401,-5.4492,-3.6797,7.1523,-0.0689,-0.0253,0.0395
1635067936405,-5.5469,-4.0625,7.2031,-0.0944,-0.0497,0.0320
1635067936410,-5.4219,-4.1563,7.1992,-0.0689,-0.0529,0.0299
1635067936421,-5.2773,-3.9551,7.1758,-0.0455,-0.0338,0.0331
1635067936425,-5.3242,-3.7813,7.2188,-0.0753,-0.0263,0.0193
1635067936451,-5.4023,-3.9805,7.2852,-0.1243,-0.0370,0.0076
1635067936456,-5.3477,-4.1836,7.3711,-0.1349,-0.0465,-0.0052
1635067936460,-5.3242,-3.9902,7.3320,-0.0966,-0.0359,-0.0052
1635067936471,-5.3281,-3.6953,7.2852,-0.0923,-0.0274,0.0001
1635067936476,-5.3281,-3.6816,7.1445,-0.1455,-0.0444,-0.0084
1635067936502,-5.2500,-3.8750,7.0352,-0.2125,-0.0646,-0.0201
1635067936506,-5.1953,-4.0078,7.0078,-0.2700,-0.0625,-0.0371
1635067936510,-5.2383,-3.9980,7.0898,-0.3179,-0.0668,-0.0350
1635067936522,-5.1680,-3.7988,7.1367,-0.3486,-0.0572,-0.0169
1635067936526,-5.2500,-3.7109,7.1016,-0.3987,-0.0561,-0.0180
1635067936564,-5.2891,-3.8535,7.0469,-0.4563,-0.0742,-0.0116
1635067936568,-5.2852,-4.0000,7.0000,-0.4861,-0.0870,-0.0148
1635067936573,-5.2539,-4.0703,7.0039,-0.4763,-0.1061,-0.0094
1635067936579,-5.2656,-4.1914,7.1016,-0.4316,-0.1125,0.0076
1635067936583,-5.3555,-4.2070,7.0859,-0.4180,-0.1104,-0.0031
1635067936592,-5.3281,-4.3086,6.9922,-0.4392,-0.1115,-0.0105
1635067936596,-5.3164,-4.3906,7.0430,-0.4763,-0.1115,-0.0201
1635067936622,-5.2852,-4.3672,7.0977,-0.5137,-0.1104,-0.0328
1635067936626,-5.3359,-4.4023,7.1953,-0.5625,-0.1157,-0.0520
1635067936632,-5.5117,-4.4961,7.1914,-0.6030,-0.1306,-0.0637
1635067936642,-5.5195,-4.4727,7.0586,-0.6211,-0.1401,-0.0658
1635067936646,-5.5430,-4.5625,7.0898,-0.6177,-0.1636,-0.0914
1635067936672,-5.5469,-4.8047,7.1094,-0.5679,-0.2094,-0.1265
1635067936677,-5.4805,-4.9453,7.1445,-0.5317,-0.2094,-0.1434
1635067936681,-5.3047,-4.8203,7.0547,-0.5127,-0.2136,-0.1573
1635067936692,-5.2070,-4.8125,7.0586,-0.5059,-0.2168,-0.1680
1635067936697,-5.1797,-4.7852,6.9648,-0.5112,-0.2125,-0.1775
1635067936722,-5.2461,-4.7773,6.9570,-0.5127,-0.2136,-0.1808
1635067936727,-5.2188,-4.6563,7.0000,-0.4978,-0.2200,-0.1700
1635067936750,-5.2461,-4.5742,6.9141,-0.4668,-0.2317,-0.1637
1635067936756,-5.3867,-4.8438,6.8828,-0.4434,-0.2668,-0.1722
1635067936763,-5.4453,-5.2109,6.9336,-0.4050,-0.3049,-0.1871
1635067936767,-5.3438,-5.2383,7.0313,-0.3604,-0.3125,-0.1957
1635067936774,-5.2813,-5.0273,6.9961,-0.3550,-0.3167,-0.2041
1635067936779,-5.1914,-4.9766,6.8945,-0.4072,-0.3306,-0.2169
1635067936803,-4.9844,-4.9336,6.7734,-0.4912,-0.3359,-0.2318
1635067936814,-4.8125,-4.8828,6.6484,-0.5688,-0.3306,-0.2307
1635067936818,-4.7070,-4.8828,6.6055,-0.6382,-0.3220,-0.2264
1635067936824,-4.7617,-4.9844,6.6055,-0.6904,-0.3220,-0.2233
1635067936829,-4.8281,-5.2227,6.6484,-0.7041,-0.3328,-0.2126
1635067936860,-4.7266,-5.2539,6.7344,-0.6870,-0.3337,-0.2052
1635067936862,-4.7969,-5.2891,6.6602,-0.6489,-0.3369,-0.2052
1635067936863,-4.8789,-5.5039,6.5820,-0.5986,-0.3477,-0.2148
1635067936883,-4.8086,-5.7930,6.6875,-0.5498,-0.3625,-0.2297
1635067936887,-4.9180,-6.1680,6.9023,-0.5010,-0.3730,-0.2382
1635067936892,-5.0195,-6.2227,6.9570,-0.4817,-0.3657,-0.2573
1635067936903,-5.1445,-6.5742,7.2539,-0.5059,-0.3774,-0.2925
1635067936907,-5.6211,-7.2773,7.4648,-0.6348,-0.4028,-0.3594
1635067936933,-5.9180,-7.6719,7.4844,-0.8628,-0.4294,-0.4807
1635067936937,-5.8906,-7.8711,7.3828,-1.1143,-0.4626,-0.6328
1635067936942,-5.8242,-8.2578,7.0117,-1.3525,-0.5093,-0.7925
1635067936953,-5.4961,-9.0469,6.6016,-1.5215,-0.5571,-0.9839
1635067936958,-4.9141,-9.8203,6.4336,-1.5459,-0.5977,-1.1709
1635067936983,-4.4297,-10.2031,6.4609,-1.3965,-0.5889,-1.2754
1635067936988,-4.1094,-10.0625,6.6602,-1.1582,-0.5435,-1.3516
1635067936992,-4.0234,-9.6484,6.7031,-0.9976,-0.5029,-1.4414
1635067937003,-4.0000,-8.9297,6.2891,-1.0059,-0.4785,-1.5322
1635067937023,-3.5977,-8.3359,5.7500,-1.1074,-0.4668,-1.6230
1635067937029,-3.0996,-8.2500,5.1875,-1.2070,-0.4509,-1.7188
1635067937033,-2.7227,-8.4453,4.6250,-1.2539,-0.4082,-1.8076
1635067937043,-2.2734,-8.4688,4.2227,-1.1816,-0.3337,-1.8584
1635067937048,-1.8359,-8.2344,4.1406,-1.0010,-0.2423,-1.8828
1635067937073,-1.5410,-7.6875,4.0313,-0.8267,-0.1273,-1.8848
1635067937078,-1.3477,-7.2813,3.9023,-0.7061,-0.0146,-1.8662
1635067937082,-1.1963,-7.0625,3.6934,-0.6401,0.0897,-1.8428
1635067937093,-1.0313,-6.7031,3.4102,-0.5923,0.2003,-1.8203
1635067937098,-0.6655,-6.2266,3.1387,-0.5176,0.3174,-1.7852
1635067937123,-0.3064,-5.8867,3.0059,-0.4392,0.4397,-1.7285
1635067937128,-0.1053,-5.5625,2.7832,-0.3965,0.5728,-1.6670
1635067937138,-0.0814,-5.3320,2.6211,-0.3518,0.6875,-1.5840
1635067937145,0.0120,-5.1758,2.5781,-0.2891,0.7949,-1.4941
1635067937155,0.1293,-5.0625,2.5527,-0.2136,0.9102,-1.3945
1635067937163,0.0646,-5.0273,2.5977,-0.1349,1.0225,-1.2842
1635067937168,-0.1029,-5.0664,2.7285,-0.0604,1.1367,-1.1787
1635067937194,-0.2969,-4.9922,2.7168,-0.0051,1.2480,-1.0723
1635067937198,-0.3782,-4.7969,2.9121,0.0715,1.3408,-0.9531
1635067937203,-0.4285,-4.8125,3.2988,0.2194,1.4268,-0.8125
1635067937214,-0.5718,-4.9023,3.7891,0.3982,1.5273,-0.6743
1635067937218,-0.9404,-4.7305,4.3789,0.5981,1.6006,-0.5283
1635067937248,-1.3232,-4.7617,5.0313,0.7949,1.5996,-0.3530
1635067937255,-1.6631,-5.3594,5.7500,0.9844,1.5557,-0.2126
1635067937260,-2.0195,-6.0703,6.4453,1.2207,1.5010,-0.1201
1635067937266,-2.3438,-6.9063,6.9414,1.5410,1.4199,-0.0318
1635067937272,-2.5488,-7.4180,7.1992,1.8877,1.3203,0.0257
1635067937285,-2.6406,-7.7031,7.4219,2.2207,1.2158,0.0597
1635067937290,-2.6484,-8.1563,7.7422,2.3613,1.1660,0.0884
1635067937314,-2.7402,-7.4141,7.8906,2.1836,1.1641,0.0884
1635067937318,-2.5059,-5.1211,7.4063,1.8203,1.1904,0.0959
1635067937323,-2.8223,-1.4697,5.6367,1.3340,1.2334,0.1959
1635067937334,-4.3164,-1.2109,5.1992,1.1211,0.9824,0.3862
1635067937338,-5.5273,-4.7617,6.7695,0.6929,0.6011,0.3843
1635067937364,-6.1523,-7.3086,8.3984,-0.1509,0.3652,0.1161
1635067937368,-6.5195,-9.4141,9.4844,-0.8745,0.2035,-0.1169
1635067937373,-6.1445,-11.1719,10.3594,-1.4814,-0.0082,-0.3052
1635067937384,-4.9570,-11.5547,10.6328,-1.9014,-0.1838,-0.4126
1635067937398,-4.0742,-10.5938,10.4531,-1.9980,-0.3103,-0.4233
1635067937404,-3.5313,-9.2969,10.0234,-1.8799,-0.4731,-0.4009
1635067937409,-3.1230,-8.4453,9.3984,-1.6846,-0.6509,-0.3765
1635067937434,-2.8848,-8.0859,8.6250,-1.4570,-0.8042,-0.3413
1635067937439,-2.6953,-7.8750,7.9531,-1.2402,-0.9414,-0.2903
1635067937444,-2.4746,-7.6094,7.4063,-1.0742,-1.0508,-0.2275
1635067937454,-2.2813,-7.1992,6.8086,-0.9976,-1.1211,-0.1711
1635067937459,-2.1270,-6.6484,6.3555,-1.0117,-1.1514,-0.1318
1635067937484,-2.0938,-6.2344,6.0586,-1.0547,-1.1787,-0.1148
1635067937489,-2.0469,-6.3516,5.9219,-1.0713,-1.2080,-0.1158
1635067937493,-1.9482,-6.4688,5.7422,-1.0732,-1.1973,-0.1201
1635067937504,-1.9316,-6.4414,5.3828,-1.0127,-1.1631,-0.0924
1635067937509,-1.8809,-6.5664,5.0430,-0.8999,-1.1396,-0.0350
1635067937534,-1.8047,-6.6328,4.7813,-0.8540,-1.1045,0.0086
1635067937539,-1.7637,-6.6719,4.5859,-0.8989,-1.0713,0.0469
1635067937543,-1.7021,-6.7578,4.3281,-0.9658,-1.0293,0.0842
1635067937554,-1.7373,-6.9922,4.1250,-0.9937,-0.9912,0.1172
1635067937559,-1.7188,-7.2109,4.0195,-0.9692,-0.9595,0.1479
1635067937584,-1.6016,-7.3125,3.9883,-0.9297,-0.9277,0.1736
1635067937589,-1.5752,-7.4258,3.9082,-0.8838,-0.8926,0.2023
1635067937594,-1.6924,-8.4375,3.8125,-0.8008,-0.8394,0.2140
1635067937604,-1.8213,-8.8281,3.6270,-0.7393,-0.8027,0.2043
1635067937609,-1.7520,-9.0234,3.5391,-0.6177,-0.7827,0.2151
1635067937634,-1.5557,-9.0547,3.4844,-0.4753,-0.7573,0.2235
1635067937639,-1.4385,-8.9609,3.4199,-0.3486,-0.7197,0.2140
1635067937645,-1.3740,-8.8438,3.3672,-0.2402,-0.6968,0.2054
1635067937655,-1.3115,-8.8828,3.3574,-0.1359,-0.6816,0.2043
1635067937659,-1.2803,-9.0234,3.3242,-0.0370,-0.6719,0.2002
1635067937684,-1.2305,-9.3828,3.2520,0.0736,-0.6636,0.1799
1635067937689,-1.0908,-9.7266,3.1445,0.1864,-0.6318,0.1448
1635067937693,-0.9121,-9.9609,2.9980,0.2917,-0.5786,0.1118
1635067937705,-0.8618,-10.1250,2.9805,0.4280,-0.5308,0.0693
1635067937709,-0.8115,-10.0938,3.0254,0.5449,-0.4912,0.0320
1635067937735,-0.6846,-9.8672,3.0195,0.6206,-0.4434,0.0044
1635067937739,-0.5625,-9.5000,2.9160,0.6621,-0.3752,-0.0286
1635067937751,-0.3997,-9.1719,2.8008,0.7065,-0.3125,-0.0658
1635067937757,-0.2489,-8.9922,2.8691,0.7715,-0.2634,-0.0935
1635067937764,-0.0407,-8.7734,2.9961,0.8140,-0.2125,-0.1201
1635067937776,0.1460,-8.4375,3.0059,0.8140,-0.1390,-0.1509
1635067937780,0.3374,-8.1172,2.9531,0.7598,-0.0625,-0.1818
1635067937805,0.4475,-8.0781,3.0273,0.7192,-0.0199,-0.2106
1635067937810,0.5864,-8.2656,3.2578,0.7227,0.0013,-0.2264
1635067937814,0.7681,-8.1328,3.5098,0.7407,0.0556,-0.2350
1635067937825,0.9023,-7.7031,3.7793,0.7661,0.1406,-0.2393
1635067937829,0.9478,-7.3672,3.9336,0.7905,0.2046,-0.2339
1635067937855,0.9404,-7.1055,4.0195,0.8164,0.2588,-0.2393
1635067937860,0.9600,-6.8398,4.0352,0.8931,0.3130,-0.2382
1635067937864,0.9238,-6.9063,4.0039,1.0527,0.3513,-0.2169
1635067937875,0.8018,-7.1367,4.0508,1.2529,0.3640,-0.2009
1635067937879,0.6680,-7.4219,4.2969,1.4941,0.3662,-0.1871
1635067937905,0.6030,-7.5430,4.6680,1.7373,0.3918,-0.1733
1635067937924,0.3831,-7.4531,5.0586,1.9365,0.4312,-0.1648
1635067937929,0.1125,-7.3164,5.5078,2.0625,0.4587,-0.1520
1635067937935,-0.0670,-6.9258,5.9375,2.0605,0.4854,-0.1456
1635067937939,-0.1484,-6.2969,6.1406,1.9258,0.5195,-0.1403
1635067937951,-0.2441,-5.8047,6.1914,1.7129,0.5483,-0.1382
1635067937957,-0.3806,-5.7148,6.0156,1.4609,0.5674,-0.1425
1635067937962,-0.5840,-6.0000,5.8555,1.2109,0.5811,-0.1456
1635067937976,-0.6895,-6.1445,5.8242,1.0020,0.5981,-0.1382
1635067937982,-0.7178,-6.2344,5.9180,0.8833,0.6245,-0.1137
1635067938006,-0.9814,-6.4414,6.3242,0.7930,0.6396,-0.0945
1635067938021,-1.1797,-6.3320,6.6758,0.6904,0.6543,-0.0828
1635067938037,-1.4102,-6.3242,7.0859,0.6309,0.6641,-0.0499
1635067938043,-1.6328,-6.5664,7.5430,0.6128,0.6504,-0.0180
1635067938057,-1.8066,-6.7695,7.8477,0.6621,0.6323,-0.0073
1635067938087,-2.0156,-6.9258,7.7422,0.7939,0.6196,0.0108
1635067938104,-2.1543,-6.8945,7.6289,0.9863,0.5918,0.0278
1635067938123,-2.0957,-6.6523,7.5469,1.1914,0.5557,0.0320
1635067938137,-2.0742,-6.4805,7.4375,1.3301,0.5352,0.0257
1635067938142,-2.0723,-6.2344,7.3359,1.3779,0.5000,0.0129
1635067938153,-1.9365,-5.9922,7.3789,1.3887,0.4663,0.0193
1635067938161,-1.8838,-5.8867,7.7188,1.3633,0.4470,0.0299
1635067938166,-1.6680,-6.0938,7.5508,1.3975,0.3950,-0.0052
1635067938171,-1.8623,-5.7539,7.8047,1.2969,0.4929,-0.0243
1635067938182,-2.4668,-5.2031,8.1250,0.9629,0.4907,0.0852
1635067938205,-2.3789,-5.1797,7.9141,0.6558,0.4302,0.0501
1635067938212,-2.0898,-5.4219,7.7148,0.3586,0.3875,-0.0222
1635067938221,-1.8936,-5.6914,7.6016,0.1832,0.3672,0.0001
1635067938233,-1.8525,-5.7422,7.5742,0.1183,0.3672,0.0214
1635067938247,-1.8672,-5.6563,7.6289,0.1013,0.3811,0.0352
1635067938255,-1.9150,-5.7070,7.8086,0.0843,0.3770,0.0469
1635067938260,-1.9727,-5.8906,7.8555,0.0981,0.3716,0.0576
1635067938265,-2.0313,-5.8125,7.7617,0.1694,0.3779,0.0703
1635067938272,-2.0996,-5.6328,7.5820,0.3044,0.3865,0.0948
1635067938277,-2.4023,-5.7266,7.7422,0.4077,0.3621,0.1022
1635067938284,-2.5371,-6.1758,7.9688,0.4365,0.2927,0.0587
1635067938300,-2.2168,-6.1367,7.8711,0.4600,0.2629,0.0118
1635067938316,-2.0176,-5.9219,7.9922,0.5376,0.2629,0.0448
1635067938333,-1.9961,-5.6992,8.2344,0.5747,0.2512,0.0533
1635067938338,-2.1172,-5.5820,8.4063,0.5225,0.2333,0.0331
1635067938348,-2.2500,-5.5547,8.5938,0.3970,0.2258,0.0235
1635067938353,-2.5078,-5.5000,8.6484,0.2236,0.2205,0.0129
1635067938358,-2.6855,-5.6680,8.4609,0.0204,0.2078,-0.0222
1635067938363,-2.5566,-5.6992,8.0781,-0.1072,0.1981,-0.0435
1635067938368,-2.6465,-5.9023,7.9258,-0.0721,0.1812,-0.0084
1635067938373,-2.9590,-6.1719,7.9336,0.0130,0.1471,0.0086
1635067938379,-2.9316,-6.0703,7.9648,0.0992,0.1162,-0.0020
1635067938385,-2.6738,-5.7266,8.1719,0.1534,0.0939,-0.0084
1635067938401,-2.4844,-5.3594,8.5469,0.0843,0.0620,-0.0222
1635067938415,-2.3594,-4.9297,8.5156,-0.1583,0.0354,-0.0531
1635067938421,-2.3359,-4.7109,8.1172,-0.5283,0.0226,-0.0626
1635067938426,-2.2031,-4.8359,7.6914,-0.8477,-0.0040,-0.0658
1635067938431,-1.9893,-5.2031,7.3516,-1.0303,-0.0210,-0.0669
1635067938464,-1.8115,-5.4531,7.0039,-1.0742,-0.0019,-0.0403
1635067938481,-1.7734,-5.4688,6.8438,-1.0000,0.0301,-0.0105
1635067938486,-1.7930,-5.3672,6.8320,-0.8784,0.0386,0.0193
1635067938497,-1.7949,-5.6055,6.8281,-0.7402,0.0247,0.0374
1635067938514,-1.7041,-5.9844,6.8750,-0.5869,0.0290,0.0310
1635067938519,-1.5439,-6.1602,6.8633,-0.3765,0.0652,0.0437
1635067938530,-1.4912,-6.2422,6.8750,-0.1232,0.1088,0.0555
1635067938542,-1.5195,-6.1953,7.0703,0.1194,0.1396,0.0501
1635067938547,-1.5195,-6.0156,7.1055,0.3108,0.1886,0.0597
1635067938553,-1.6250,-5.7305,7.0039,0.4568,0.2396,0.0533
1635067938558,-1.6758,-5.1484,6.7891,0.5244,0.2939,0.0416
1635067938564,-2.1660,-5.2227,6.8438,0.4790,0.3066,0.0310
1635067938569,-2.4766,-6.3438,6.8984,0.3630,0.2598,-0.0243
1635067938574,-2.1543,-6.7266,7.0039,0.2991,0.2450,-0.0648
1635067938579,-1.9678,-6.4570,7.2070,0.3342,0.2876,-0.0467
1635067938584,-2.2031,-6.1016,7.6016,0.3098,0.2854,-0.0594
1635067938589,-2.3672,-5.8633,8.0000,0.1194,0.1981,-0.0786
1635067938597,-2.2559,-5.7148,8.2188,0.0406,0.1715,-0.0882
1635067938602,-2.2266,-5.6328,8.1250,-0.0019,0.1396,-0.0701
1635067938627,-2.3770,-5.6523,7.9883,-0.0008,0.0992,-0.0435
1635067938632,-2.3672,-6.2148,7.7422,0.0620,0.0386,-0.0467
1635067938636,-1.8789,-6.0430,7.4375,0.2184,0.0375,-0.0382
1635067938647,-1.7070,-4.9961,7.5742,0.3735,0.1035,0.0235
1635067938651,-2.2734,-4.8047,7.7969,0.2471,0.1216,0.0150
1635067938677,-2.7070,-5.6836,7.7344,-0.1030,0.0556,-0.0637
1635067938681,-2.5000,-6.0977,7.7930,-0.3232,-0.0008,-0.0605
1635067938697,-2.0703,-5.3438,7.7539,-0.2827,0.0311,0.0033
1635067938702,-2.4512,-5.0547,7.6992,-0.1157,0.0641,0.0406
1635067938707,-2.9941,-5.6719,7.3203,-0.0572,0.0205,0.0150
1635067938717,-2.7813,-5.4180,6.7383,-0.0210,0.0045,-0.0158
1635067938721,-2.8320,-5.6133,7.1719,0.1875,-0.0168,0.0225
1635067938754,-2.7402,-5.9961,7.6289,0.2087,-0.0157,-0.0233
1635067938758,-2.7969,-5.6680,7.7539,-0.0232,0.0386,-0.1094
1635067938765,-2.9023,-6.0977,7.7969,-0.2328,0.0013,-0.1243
1635067938771,-2.3379,-5.8359,7.3398,-0.2700,0.0237,-0.1180
1635067938777,-1.8936,-4.7578,6.7578,-0.1753,0.1534,-0.0616
1635067938787,-2.6250,-4.6133,6.8047,-0.1008,0.1482,-0.0158
1635067938792,-3.3867,-5.6367,7.1719,0.0066,0.0269,0.0054
1635067938817,-3.3672,-6.0625,7.5859,0.1024,-0.0114,-0.0041
1635067938821,-3.1523,-5.8711,7.9922,0.1609,-0.0285,-0.0190
1635067938826,-3.1504,-5.6836,8.1641,0.1555,-0.0402,0.0044
1635067938837,-3.3086,-5.6328,8.0313,0.0620,-0.0561,0.0129
1635067938841,-3.1758,-5.6523,7.7891,-0.0923,-0.0944,-0.0169
1635067938867,-2.9805,-5.6328,7.6563,-0.2477,-0.1210,-0.0254
1635067938871,-2.8887,-5.5000,7.6289,-0.4041,-0.1232,-0.0137
1635067938890,-3.0254,-5.2930,7.5430,-0.6265,-0.1242,0.0118
1635067938896,-3.3691,-5.3711,7.5391,-0.8828,-0.1774,0.0406
1635067938900,-3.3828,-5.5234,7.6094,-1.0449,-0.2466,0.0703
1635067938907,-3.2598,-5.5703,7.6641,-1.1396,-0.2869,0.1097
1635067938911,-3.3242,-5.6055,7.5508,-1.2637,-0.3179,0.1278
1635067938937,-3.4043,-5.5078,7.3477,-1.4551,-0.3647,0.1395
1635067938941,-3.3945,-5.5625,7.1836,-1.6836,-0.4243,0.1628
1635067938946,-3.3613,-5.8750,7.1133,-1.8936,-0.4893,0.1736
1635067938957,-3.4043,-6.0977,6.9492,-2.0137,-0.5527,0.1948
1635067938962,-3.3887,-6.2930,6.8828,-2.0469,-0.6050,0.2289
1635067938987,-3.3770,-6.5352,6.8281,-2.1074,-0.6509,0.2321
1635067938992,-3.3086,-6.5508,6.6445,-2.2207,-0.7188,0.2352
1635067938996,-3.1289,-6.4414,6.5117,-2.3242,-0.7861,0.2703
1635067939007,-2.9414,-6.4570,6.3867,-2.4336,-0.8486,0.2947
1635067939011,-2.8242,-6.2930,6.1602,-2.5938,-0.9072,0.3022
1635067939037,-2.7480,-6.0938,5.7930,-2.7891,-0.9712,0.3362
1635067939042,-2.6426,-6.2070,5.4961,-2.9395,-1.0566,0.3789
1635067939046,-2.4746,-6.4688,5.3047,-3.0176,-1.1504,0.4172
1635067939057,-2.2344,-6.6797,5.1406,-3.0410,-1.2246,0.4575
1635067939061,-1.9990,-6.7695,4.8008,-3.0039,-1.2705,0.5073
1635067939087,-1.8770,-6.8477,4.4258,-2.9121,-1.3115,0.5522
1635067939091,-1.7686,-6.9297,4.1797,-2.7773,-1.3555,0.5854
1635067939096,-1.4668,-6.9727,4.0000,-2.6191,-1.3955,0.6162
1635067939107,-1.2422,-6.9609,3.8965,-2.4590,-1.4033,0.6396
1635067939111,-1.1533,-6.8398,3.7051,-2.3105,-1.4141,0.7031
1635067939137,-1.0264,-6.7109,3.5059,-2.1660,-1.4170,0.7734
1635067939142,-0.9360,-6.6016,3.1328,-2.0332,-1.4072,0.8364
1635067939147,-0.8569,-6.6406,2.7930,-1.8740,-1.4053,0.9004
1635067939165,-0.9502,-7.1250,2.4727,-1.6709,-1.3916,0.9780
1635067939170,-1.1035,-7.6719,2.2285,-1.4795,-1.3535,1.0264
1635067939178,-1.2441,-7.9766,2.2070,-1.2793,-1.3145,1.0488
1635067939183,-1.3232,-8.0078,2.3477,-1.0889,-1.2773,1.0859
1635067939216,-1.2832,-7.9219,2.3379,-0.9170,-1.2227,1.1250
1635067939223,-1.1914,-7.8750,2.1875,-0.7437,-1.1572,1.1445
1635067939227,-1.0723,-7.8906,2.0391,-0.5254,-1.0752,1.1738
1635067939233,-1.0244,-8.0625,1.9844,-0.2477,-0.9937,1.2158
1635067939239,-0.9263,-8.1641,1.7207,0.0598,-0.8999,1.2607
