1635250243407,-5.2852,1.5146,8.4453,-0.9111,0.1938,0.2198
1635250243408,-4.9102,0.8257,8.2656,-0.9419,0.1503,-0.0068
1635250243409,-4.6563,0.0407,8.4766,-0.7896,0.1428,0.0410
1635250243431,-4.3516,-0.5742,8.4844,-0.5205,0.0715,0.2974
1635250243433,-4.2109,-0.7178,8.6016,-0.2428,0.0460,0.3145
1635250243436,-4.4961,-0.1652,8.5234,0.0221,0.0620,0.0709
1635250243491,-4.7773,0.4668,8.5625,0.3052,0.0343,-0.0664
1635250243493,-4.7734,0.8379,8.7734,0.4712,-0.0115,0.0081
1635250243495,-4.7500,1.1650,8.9609,0.4392,-0.0083,0.1134
1635250243496,-4.8359,1.4980,8.9922,0.3328,0.0300,0.1134
1635250243498,-4.7617,1.7930,9.0547,0.2625,0.0502,0.0645
1635250243501,-4.5273,2.0625,9.0938,0.2339,0.0534,0.0294
1635250243529,-4.3984,2.2832,9.0469,0.2253,0.0662,-0.0047
1635250243530,-4.2891,2.3223,9.0703,0.1796,0.0811,-0.0409
1635250243535,-4.3359,2.4609,8.9531,0.0551,0.1098,-0.1005
1635250243549,-4.7461,2.7266,8.7734,-0.0247,0.1406,-0.1749
1635250243556,-4.7852,2.1387,8.8750,-0.0683,0.1449,-0.1675
1635250243566,-4.5195,1.6563,8.8594,-0.1704,0.1385,-0.1855
1635250243574,-4.4570,1.4580,8.8438,-0.2056,0.1672,-0.2451
1635250243579,-4.5742,1.3428,8.9609,-0.1417,0.1821,-0.2717
1635250243589,-4.6055,1.4053,9.0469,-0.0726,0.1801,-0.2717
1635250243595,-4.6445,1.6348,8.9531,-0.0322,0.1918,-0.2908
1635250243607,-4.7266,1.7373,8.8828,-0.0332,0.2024,-0.3142
1635250243625,-4.7969,1.5889,8.7188,-0.0790,0.2109,-0.3110
1635250243638,-4.8945,1.3809,8.4453,-0.1641,0.2258,-0.2866
1635250243644,-4.9961,1.1611,8.3125,-0.2109,0.2396,-0.2749
1635250243653,-4.9883,0.8809,8.2109,-0.1981,0.2268,-0.2781
1635250243659,-5.0313,0.6436,8.1875,-0.1566,0.2087,-0.2803
1635250243666,-5.1797,0.6079,8.2578,-0.1152,0.1960,-0.2590
1635250243688,-5.3594,0.6631,8.3828,-0.0726,0.1832,-0.2217
1635250243692,-5.4453,0.7300,8.3125,-0.0481,0.1641,-0.2090
1635250243697,-5.4844,0.7466,8.3750,-0.0556,0.1545,-0.2196
1635250243707,-5.3945,0.6509,8.3516,-0.1098,0.1503,-0.2090
1635250243711,-5.2930,0.4475,8.1016,-0.1812,0.1545,-0.1643
1635250243737,-5.2305,0.2537,8.0078,-0.1886,0.1566,-0.1143
1635250243742,-5.2695,0.1747,7.9336,-0.1566,0.1417,-0.0909
1635250243751,-5.2422,0.2274,7.8516,-0.1013,0.1162,-0.0951
1635250243757,-5.1250,0.3806,8.1563,-0.0311,0.0992,-0.1005
1635250243760,-5.0625,0.5815,8.4531,0.0242,0.0928,-0.0941
1635250243788,-5.0430,0.6177,8.6406,0.0668,0.0864,-0.0749
1635250243792,-5.0469,0.4788,8.7656,0.0774,0.0832,-0.0451
1635250243803,-5.0977,0.3877,8.6875,0.0487,0.0970,-0.0121
1635250243809,-5.1484,0.4453,8.5938,0.0295,0.1151,0.0049
1635250243820,-5.1055,0.6104,8.4375,0.0487,0.1172,-0.0196
1635250243838,-4.9453,0.8403,8.3906,0.0828,0.1119,-0.0664
1635250243841,-4.7578,1.0645,8.5156,0.0998,0.1077,-0.0994
1635250243854,-4.5664,1.2832,8.7734,0.0859,0.1151,-0.1058
1635250243871,-4.3594,1.5195,9.0781,0.0455,0.1321,-0.1121
1635250243875,-4.2031,1.6543,9.3828,-0.0226,0.1545,-0.1355
1635250243885,-4.2383,1.5625,9.4609,-0.1385,0.1885,-0.1494
1635250243891,-4.5000,1.2422,9.0469,-0.2874,0.2300,-0.1154
1635250243900,-4.7422,1.0791,8.7891,-0.3843,0.2725,-0.0856
1635250243921,-4.9922,1.2871,8.7969,-0.3289,0.3044,-0.1653
1635250243925,-5.1250,1.4766,8.8750,-0.1769,0.3003,-0.3057
1635250243934,-5.1484,1.4316,8.8828,-0.1311,0.2800,-0.3770
1635250243941,-5.1563,1.5342,9.1719,-0.2152,0.2896,-0.3484
1635250243950,-5.2383,1.7832,9.3047,-0.3013,0.3247,-0.3345
1635250243970,-5.3281,1.8242,9.1641,-0.4099,0.3586,-0.3877
1635250243974,-5.2852,1.6924,9.0469,-0.5684,0.3875,-0.4346
1635250243980,-5.2734,1.4814,8.7891,-0.7642,0.4280,-0.4377
1635250243987,-5.3047,1.1699,8.4297,-0.9077,0.4683,-0.4238
1635250243988,-5.3594,0.9600,8.1719,-0.9824,0.5015,-0.4441
1635250244017,-5.4180,0.8066,8.1016,-1.0039,0.5195,-0.5015
1635250244018,-5.4102,0.6416,8.2188,-0.9854,0.5352,-0.5547
1635250244020,-5.3867,0.3950,8.3438,-0.9619,0.5576,-0.5791
1635250244049,-5.4219,0.2776,8.4453,-0.9258,0.5864,-0.5972
1635250244051,-5.4844,0.1652,8.5469,-0.8716,0.6074,-0.6152
1635250244052,-5.5195,-0.1843,8.5391,-0.8770,0.6289,-0.6035
1635250244083,-5.6328,-0.5576,8.3984,-0.9629,0.6641,-0.5645
1635250244085,-5.8477,-0.7539,8.3438,-1.0801,0.6992,-0.5332
1635250244086,-6.1445,-0.8403,8.1094,-1.2314,0.7632,-0.5474
1635250244115,-6.3086,-1.0459,7.5742,-1.3076,0.7866,-0.5771
1635250244119,-6.0352,-1.5078,7.5430,-1.4346,0.8203,-0.6060
1635250244123,-5.7383,-1.8066,7.1914,-1.5176,0.8633,-0.6333
1635250244138,-5.4570,-1.8721,6.9922,-1.4941,0.8877,-0.6484
1635250244139,-5.4141,-1.7158,6.9609,-1.3672,0.8877,-0.6367
1635250244155,-5.6563,-1.6064,6.7656,-1.1777,0.8555,-0.6025
1635250244163,-6.0117,-1.4141,6.6445,-0.9932,0.7905,-0.5825
1635250244171,-6.2617,-1.1699,6.6641,-0.8696,0.7280,-0.6016
1635250244173,-6.3359,-0.9023,6.7305,-0.8706,0.6885,-0.6250
1635250244202,-6.2500,-0.6460,6.6484,-1.0088,0.6587,-0.6577
1635250244204,-6.0664,-0.4907,6.4961,-1.2354,0.6504,-0.7227
1635250244206,-5.9922,-0.5024,6.3750,-1.5039,0.6631,-0.8154
1635250244229,-6.0977,-0.7397,6.1406,-1.8096,0.6812,-0.9219
1635250244230,-6.4063,-1.0215,5.7656,-2.1035,0.6895,-1.0293
1635250244231,-6.6797,-1.4814,5.2422,-2.3379,0.6938,-1.1270
1635250244259,-6.8945,-2.1348,4.6797,-2.4785,0.6982,-1.1934
1635250244260,-6.9609,-2.7734,4.4922,-2.5273,0.6685,-1.2197
1635250244261,-6.7773,-3.4297,4.7461,-2.5117,0.6260,-1.2012
1635250244290,-6.4531,-4.6914,4.9609,-2.3750,0.5938,-1.1494
1635250244292,-6.0664,-6.3086,4.9023,-2.1230,0.5684,-1.0879
1635250244294,-5.9375,-7.5703,4.9102,-1.8086,0.5352,-1.0068
1635250244320,-6.1289,-8.2969,5.1172,-1.3926,0.5151,-0.9092
1635250244322,-6.5352,-8.3516,5.0156,-0.8228,0.5181,-0.7695
1635250244324,-6.9180,-7.9688,5.0703,-0.0864,0.4897,-0.5962
1635250244350,-6.8438,-6.9063,5.5273,0.6187,0.4036,-0.4783
1635250244352,-6.3633,-5.2500,5.9492,1.0898,0.3450,-0.5015
1635250244354,-5.9844,-3.8711,5.9844,1.3086,0.3716,-0.5610
1635250244380,-6.0156,-3.0039,5.9961,1.2539,0.4302,-0.5591
1635250244382,-6.2773,-2.3340,6.0391,0.9297,0.4609,-0.5430
1635250244384,-6.3906,-1.5293,5.9375,0.4370,0.4695,-0.5747
1635250244410,-6.4180,-0.7441,5.8516,-0.1503,0.4780,-0.6440
1635250244412,-6.4180,-0.3711,5.6406,-0.7842,0.4875,-0.7378
1635250244414,-6.3672,-0.5171,5.1445,-1.4385,0.5117,-0.8535
1635250244446,-6.3203,-1.2393,4.5000,-2.0938,0.5522,-0.9814
1635250244449,-6.2344,-2.8066,3.9063,-2.6348,0.5830,-1.0781
1635250244451,-6.0000,-5.5039,3.0938,-2.9434,0.5820,-1.0928
1635250244471,-5.9570,-8.8828,2.5996,-2.9453,0.5469,-0.9717
1635250244473,-6.2031,-11.6484,2.6094,-2.6113,0.4438,-0.8208
1635250244475,-6.3281,-13.1484,3.2285,-1.9551,0.3555,-0.6270
1635250244501,-6.5547,-12.9375,3.4844,-0.7769,0.4077,-0.3186
1635250244503,-7.2148,-11.5703,3.2676,0.8882,0.4641,-0.1175
1635250244504,-7.2344,-9.4531,3.6094,2.4785,0.3354,-0.2122
1635250244531,-6.5117,-6.7891,4.3516,3.3945,0.1672,-0.4058
1635250244532,-5.8867,-4.1758,5.1133,3.5703,0.1609,-0.4419
1635250244534,-5.6836,-2.0723,5.9648,3.1816,0.2566,-0.3420
1635250244561,-5.6719,-0.6392,6.3203,2.2793,0.3406,-0.2749
1635250244563,-5.7461,0.0311,5.9922,0.9766,0.3853,-0.3120
1635250244564,-5.7344,-0.1293,5.6328,-0.5000,0.3906,-0.4292
1635250244591,-5.6992,-1.4482,5.3672,-1.8740,0.3694,-0.5449
1635250244593,-5.4805,-3.6797,4.1523,-3.0273,0.3770,-0.5474
1635250244594,-5.4805,-6.3477,3.3984,-3.7051,0.4150,-0.4878
1635250244621,-5.7695,-9.4375,2.7188,-3.8320,0.4524,-0.3323
1635250244622,-6.1406,-12.0938,2.2617,-3.3730,0.4353,-0.1068
1635250244624,-6.2695,-13.0938,2.2441,-2.4102,0.4141,0.0751
1635250244651,-6.4102,-12.3750,2.1699,-1.0137,0.4141,0.1443
1635250244653,-6.7852,-10.6563,2.1211,0.6006,0.3503,0.0783
1635250244655,-6.9844,-8.6484,2.8555,1.9053,0.2162,-0.0356
1635250244681,-6.8008,-6.5156,3.6484,2.5801,0.1354,-0.0611
1635250244690,-6.5391,-4.4922,4.1602,2.7070,0.1577,0.0177
1635250244695,-6.3203,-3.0391,4.5469,2.4395,0.2035,0.1006
1635250244702,-6.0859,-2.4004,4.7500,1.8955,0.2076,0.0921
1635250244716,-5.8984,-2.3926,4.7773,1.1543,0.1949,-0.0047
1635250244725,-5.8555,-2.7715,4.6211,0.3381,0.2087,-0.1111
1635250244730,-6.0117,-3.4688,4.3945,-0.3811,0.2333,-0.1738
1635250244742,-6.2344,-4.4023,4.0781,-0.8770,0.2300,-0.2058
1635250244743,-6.3320,-5.2539,3.8301,-1.0918,0.2035,-0.2302
1635250244770,-6.1836,-5.9492,3.9082,-1.0869,0.1758,-0.2494
1635250244774,-5.9414,-6.4727,4.0195,-0.9653,0.1790,-0.2590
1635250244778,-5.8594,-6.8516,3.8809,-0.7866,0.2098,-0.2664
1635250244790,-6.0586,-7.1914,3.7246,-0.6216,0.2417,-0.2781
1635250244794,-6.3984,-7.3281,3.6484,-0.5259,0.2556,-0.2908
1635250244821,-6.8203,-7.1484,3.6191,-0.4302,0.2482,-0.2813
1635250244827,-7.2344,-6.8438,3.5547,-0.2693,0.2247,-0.2473
1635250244833,-7.5469,-6.6875,3.4844,-0.0790,0.1970,-0.2217
1635250244841,-7.7539,-6.5156,3.4727,0.0955,0.1683,-0.2164
1635250244847,-7.7773,-6.3320,3.4590,0.2507,0.1385,-0.2079
1635250244871,-7.6484,-6.1836,3.3750,0.3774,0.1183,-0.1770
1635250244877,-7.3945,-5.9727,3.2734,0.4636,0.0981,-0.1536
1635250244883,-7.1484,-5.7148,3.1523,0.5137,0.0800,-0.1600
1635250244891,-7.1563,-5.4609,3.1992,0.4839,0.0736,-0.2058
1635250244897,-7.3984,-5.3867,3.1504,0.3987,0.0555,-0.2578
1635250244921,-7.6992,-5.2734,2.9746,0.3765,0.0119,-0.2705
1635250244928,-7.7344,-4.8867,2.8281,0.4316,-0.0764,-0.3037
1635250244936,-7.4883,-4.8789,2.8711,0.4902,-0.1849,-0.3887
1635250244951,-7.1094,-5.5547,2.9766,0.5220,-0.2688,-0.4419
1635250244953,-6.8320,-6.3125,3.1426,0.4956,-0.3242,-0.4048
1635250244965,-6.7617,-6.6016,3.4824,0.4849,-0.3765,-0.3398
1635250244966,-6.7539,-6.5000,3.7930,0.5762,-0.4199,-0.3323
1635250244989,-6.7148,-6.2578,4.0117,0.8105,-0.4316,-0.3823
1635250244990,-6.8125,-5.9922,4.0195,1.0850,-0.4041,-0.4238
1635250244995,-6.8867,-5.5820,4.0117,1.2715,-0.3701,-0.4377
1635250245021,-6.8477,-4.9219,4.0664,1.3145,-0.3689,-0.4399
1635250245022,-6.7383,-4.2813,4.1875,1.1270,-0.4487,-0.4612
1635250245023,-6.5195,-3.7910,4.5547,0.8828,-0.4753,-0.5176
1635250245052,-6.4180,-3.7500,4.5078,0.5742,-0.4893,-0.5918
1635250245056,-6.3945,-4.0938,4.4531,0.2954,-0.5176,-0.6685
1635250245058,-6.3438,-4.7148,4.4688,0.0604,-0.5571,-0.7280
1635250245085,-6.2500,-5.2969,4.4258,-0.1109,-0.5986,-0.7471
1635250245087,-6.0664,-5.8867,4.3789,-0.1354,-0.6392,-0.7388
1635250245089,-5.7813,-6.7656,4.5313,0.0061,-0.6680,-0.7251
1635250245102,-5.3086,-7.7539,4.7773,0.2402,-0.6851,-0.7026
1635250245104,-4.7344,-8.3125,5.0977,0.5229,-0.6924,-0.6450
1635250245132,-4.2930,-8.2266,5.4023,0.8628,-0.6816,-0.5771
1635250245134,-4.1836,-7.8203,5.4219,1.2734,-0.6489,-0.5278
1635250245136,-4.3945,-7.3008,5.3984,1.6523,-0.6167,-0.4888
1635250245168,-4.6875,-6.5820,5.4219,1.8496,-0.6338,-0.4644
1635250245170,-4.7070,-5.6992,5.4180,1.8037,-0.6772,-0.4526
1635250245172,-4.5000,-4.9102,5.5742,1.5322,-0.7124,-0.4536
1635250245193,-4.1445,-4.3945,6.0664,1.0859,-0.7266,-0.4600
1635250245199,-3.6426,-4.8008,6.5156,0.5464,-0.7202,-0.4568
1635250245205,-3.1172,-5.9648,6.6406,0.0083,-0.6709,-0.4089
1635250245213,-2.8457,-6.9570,6.6719,-0.3843,-0.6104,-0.3132
1635250245220,-2.7930,-7.5352,6.5586,-0.5493,-0.5698,-0.2430
1635250245233,-2.9219,-7.6172,6.3203,-0.5044,-0.5317,-0.2260
1635250245240,-3.1328,-7.3203,6.1758,-0.3928,-0.5127,-0.2239
1635250245262,-3.3145,-6.8242,6.2031,-0.3503,-0.5190,-0.1951
1635250245264,-3.2656,-6.3789,6.1953,-0.4321,-0.5337,-0.1334
1635250245283,-3.0195,-6.2188,6.2188,-0.6406,-0.5308,-0.0621
1635250245284,-2.8320,-6.3086,6.1875,-0.9185,-0.5049,0.0081
1635250245286,-2.8809,-6.4414,5.9609,-1.1719,-0.4763,0.0581
1635250245312,-3.1836,-6.6719,5.5586,-1.3193,-0.4658,0.0666
1635250245314,-3.5215,-6.9375,5.2227,-1.3936,-0.4871,0.0623
1635250245316,-3.7246,-6.9492,5.0742,-1.4727,-0.5308,0.0793
1635250245343,-3.7168,-6.6563,4.9336,-1.5439,-0.5742,0.0985
1635250245344,-3.7129,-6.4805,4.8828,-1.5645,-0.6113,0.0868
1635250245346,-3.7500,-6.7148,4.9141,-1.5430,-0.6445,0.0421
1635250245373,-3.6816,-7.1836,5.0430,-1.5010,-0.6836,0.0091
1635250245375,-3.4824,-7.3711,4.9844,-1.4141,-0.7168,0.0177
1635250245376,-3.3340,-7.3359,5.0156,-1.2520,-0.7295,0.0315
1635250245415,-3.2363,-7.2930,5.1992,-1.0625,-0.7349,0.0123
1635250245417,-3.1504,-7.3281,5.2773,-0.8643,-0.7275,-0.0026
1635250245419,-3.0977,-7.3633,5.1758,-0.6758,-0.7148,0.0113
1635250245432,-3.0332,-7.3398,5.1445,-0.5503,-0.7158,0.0166
1635250245433,-3.0391,-7.2344,5.2383,-0.4663,-0.7231,-0.0036
1635250245435,-3.1758,-7.1484,5.2656,-0.3770,-0.7231,-0.0323
1635250245462,-3.3125,-7.2422,5.2461,-0.2949,-0.7212,-0.0483
1635250245464,-3.3730,-7.1914,5.2500,-0.2629,-0.7285,-0.0558
1635250245465,-3.2266,-6.9570,5.1680,-0.2152,-0.7456,-0.0653
1635250245494,-2.9297,-6.7539,5.0664,-0.1268,-0.7573,-0.0898
1635250245495,-2.6777,-6.6094,5.0820,-0.1002,-0.7563,-0.1260
1635250245497,-2.5273,-6.6211,5.1836,-0.1226,-0.7437,-0.1578
1635250245526,-2.4961,-6.7305,5.2539,-0.1620,-0.7241,-0.1855
1635250245528,-2.5723,-6.8945,5.3086,-0.2247,-0.7070,-0.2090
1635250245529,-2.7012,-7.0547,5.2813,-0.2800,-0.6987,-0.2313
1635250245559,-2.6973,-7.1133,5.2227,-0.2629,-0.6978,-0.2600
1635250245561,-2.4180,-7.4063,5.2734,-0.1812,-0.7168,-0.2866
1635250245562,-1.9600,-7.7070,5.3750,-0.1119,-0.7339,-0.2803
1635250245583,-1.6064,-7.7578,5.4727,-0.0577,-0.7222,-0.2408
1635250245585,-1.5293,-7.6719,5.6328,-0.0034,-0.6772,-0.2153
1635250245587,-1.6543,-7.5469,5.7266,0.0391,-0.6230,-0.2207
1635250245613,-1.8096,-7.4766,5.7266,0.0253,-0.5942,-0.2239
1635250245615,-1.9268,-7.4414,5.6484,-0.0566,-0.5889,-0.2101
1635250245616,-1.8643,-7.3945,5.5977,-0.1694,-0.5903,-0.1951
1635250245645,-1.7520,-7.2656,5.6836,-0.2524,-0.5825,-0.1973
1635250245646,-1.7158,-7.0078,5.6133,-0.2629,-0.5571,-0.2142
1635250245648,-1.6826,-6.9180,5.5391,-0.2098,-0.5264,-0.2345
1635250245676,-1.7324,-7.0039,5.4844,-0.1512,-0.4966,-0.2473
1635250245677,-1.8164,-7.1836,5.3438,-0.1162,-0.4807,-0.2505
1635250245679,-1.8594,-7.3398,5.3047,-0.0970,-0.4795,-0.2578
1635250245707,-1.9121,-7.4688,5.3789,-0.0417,-0.4893,-0.2600
1635250245709,-1.9512,-7.5547,5.3984,0.0646,-0.5059,-0.2600
1635250245710,-1.9121,-7.5430,5.4492,0.1764,-0.5220,-0.2727
1635250245732,-1.8721,-7.4805,5.4922,0.2625,-0.5371,-0.2844
1635250245739,-1.8213,-7.4492,5.4453,0.3071,-0.5488,-0.2803
1635250245742,-1.7764,-7.2969,5.4922,0.2966,-0.5562,-0.2876
1635250245763,-1.7373,-6.9766,5.5898,0.2253,-0.5635,-0.3047
1635250245765,-1.6396,-6.9453,5.6953,0.1157,-0.5762,-0.3164
1635250245768,-1.3574,-7.3008,5.8867,-0.0237,-0.5869,-0.3025
1635250245792,-0.9360,-7.7148,6.0273,-0.1566,-0.5840,-0.2590
1635250245794,-0.6416,-8.1797,6.1523,-0.2322,-0.5581,-0.1984
1635250245795,-0.5601,-8.5391,6.0391,-0.2279,-0.4988,-0.1483
1635250245824,-0.7373,-8.6094,5.7891,-0.1172,-0.4307,-0.1132
1635250245825,-1.0576,-8.5703,5.5547,0.0604,-0.3892,-0.0834
1635250245826,-1.3740,-8.3359,5.3242,0.2668,-0.3882,-0.0611
1635250245854,-1.5605,-8.1016,5.3906,0.4722,-0.4189,-0.0504
1635250245859,-1.5918,-7.8828,5.9141,0.6372,-0.4519,-0.0430
1635250245862,-1.5244,-7.6680,5.9961,0.7358,-0.4487,-0.0292
1635250245872,-1.6299,-7.5000,6.3281,0.8018,-0.4041,-0.0153
1635250245876,-1.6943,-6.9688,6.8008,0.7202,-0.3838,-0.0334
1635250245905,-1.6035,-6.5039,6.8008,0.5889,-0.3828,-0.0526
1635250245909,-1.5010,-6.8633,6.7578,0.4573,-0.3679,-0.0568
1635250245919,-1.4189,-7.3164,6.8086,0.2391,-0.3328,-0.0856
1635250245924,-1.4980,-7.1055,6.6797,0.2976,-0.2371,-0.0856
1635250245929,-1.4980,-7.1055,6.6797,0.2976,-0.2371,-0.0856
1635250245959,-1.3359,-8.1406,6.7031,0.8433,-0.2242,-0.1558
1635250245961,-1.3311,-8.3125,6.6719,1.1387,-0.1891,-0.1238
1635250245964,-1.2871,-8.0078,6.2891,1.4648,-0.2147,-0.0739
1635250245984,-1.3477,-7.8320,6.0000,1.7871,-0.2605,-0.0356
1635250245986,-1.3398,-7.2227,4.9883,1.9795,-0.3115,-0.0185
1635250245987,-1.3047,-6.9414,5.3281,2.1484,-0.3721,0.0081
1635250246014,-1.1650,-6.4258,7.3945,2.2305,-0.4199,-0.0334
1635250246016,-0.7588,-5.5156,8.3594,2.2246,-0.3752,-0.0770
1635250246017,-0.5410,-5.1953,9.0313,2.1484,-0.2583,-0.0515
1635250246044,-0.5767,-4.8438,9.1016,1.7656,-0.1550,-0.0047
1635250246046,-0.8545,-3.4434,8.8672,1.1338,-0.0445,0.0208
1635250246048,-1.2471,-2.9531,9.0547,0.5010,0.0449,-0.0089
1635250246075,-1.3047,-4.3477,8.3125,-0.1428,0.0970,-0.0579
1635250246077,-1.0576,-5.7656,7.3203,-0.8906,0.1460,-0.0387
1635250246078,-1.0557,-6.7734,7.0508,-1.3037,0.1938,-0.0015
1635250246105,-1.2275,-7.8594,7.2773,-1.1689,0.2024,-0.0068
1635250246107,-1.2256,-7.8594,7.1563,-0.7632,0.1630,-0.0249
1635250246108,-1.0674,-6.6914,7.1328,-0.3450,0.1066,-0.0472
1635250246135,-0.9863,-5.7461,7.3242,-0.1587,0.0736,-0.0930
1635250246137,-0.9385,-5.3438,7.2031,-0.2109,0.0779,-0.1281
1635250246139,-0.9502,-5.2148,6.8711,-0.4749,0.0896,-0.1058
1635250246168,-0.9668,-5.2578,7.0000,-0.7661,0.0853,-0.0706
1635250246172,-0.9932,-5.4883,6.8945,-0.8706,0.0736,-0.0983
1635250246174,-0.9932,-5.9805,6.7695,-0.8164,0.0620,-0.1547
1635250246196,-1.0361,-6.5430,6.8828,-0.7354,0.0321,-0.1749
1635250246198,-1.0625,-6.9063,6.7891,-0.6543,-0.0019,-0.1675
1635250246199,-1.0244,-7.2148,6.5938,-0.4470,-0.0232,-0.1578
1635250246226,-0.8330,-7.4180,6.9570,-0.2024,-0.0508,-0.1792
1635250246228,-0.5146,-7.3008,7.0234,0.0306,-0.0710,-0.2004
1635250246229,-0.4739,-7.2930,6.9180,0.2881,-0.0519,-0.1664
1635250246255,-0.6006,-7.0508,6.9023,0.4199,-0.0338,-0.1345
1635250246257,-0.8066,-6.7031,6.9063,0.3318,-0.0359,-0.1175
1635250246259,-1.0693,-6.6875,6.6055,0.1476,-0.0466,-0.0653
1635250246286,-1.1152,-7.0664,6.5586,-0.0002,-0.0604,-0.0164
1635250246287,-0.9766,-7.3633,6.8398,-0.1141,-0.0519,0.0006
1635250246289,-0.8643,-7.4219,7.0703,-0.0332,-0.0168,-0.0004
1635250246317,-0.9121,-7.1367,7.0508,0.1870,0.0204,-0.0121
1635250246319,-1.0527,-6.7148,7.0820,0.3667,0.0364,-0.0345
1635250246321,-1.2441,-6.2266,7.1211,0.3318,0.0470,-0.0281
1635250246345,-1.3877,-5.7344,7.0117,0.1636,0.0513,0.0262
1635250246347,-1.2920,-5.6914,6.7383,-0.1162,0.0268,0.0772
1635250246348,-1.1172,-5.8789,6.5313,-0.5747,0.0364,0.0964
1635250246375,-1.0889,-5.9883,6.8125,-1.0869,0.0800,0.0868
1635250246376,-1.1533,-6.2930,7.6484,-1.4297,0.0896,0.0368
1635250246377,-1.0215,-6.8633,8.0938,-1.5684,0.1002,-0.0281
1635250246406,-0.8164,-7.2461,7.8633,-1.4971,0.1523,-0.0345
1635250246407,-0.7539,-7.2109,7.5625,-1.3359,0.2035,-0.0281
1635250246409,-0.8184,-6.4180,7.1484,-1.2051,0.2556,-0.0260
1635250246436,-0.8857,-5.4219,6.6992,-1.1064,0.2756,-0.0441
1635250246438,-0.8521,-5.2422,6.3047,-1.1055,0.2673,-0.0834
1635250246440,-0.7466,-5.7930,5.9375,-1.2725,0.2588,-0.1015
1635250246467,-0.7202,-6.3984,5.5938,-1.5742,0.2460,-0.1089
1635250246469,-0.8569,-7.0000,5.4414,-1.8330,0.2194,-0.1292
1635250246471,-0.9502,-7.5938,5.6836,-1.9834,0.1927,-0.1558
1635250246496,-0.8379,-8.1094,5.9844,-2.0098,0.1779,-0.1461
1635250246498,-0.6245,-8.5078,6.0156,-1.8994,0.2024,-0.0909
1635250246500,-0.5264,-8.7578,6.0391,-1.7061,0.2661,-0.0451
1635250246527,-0.5791,-8.7109,6.0234,-1.5039,0.3459,-0.0260
1635250246528,-0.7275,-8.3125,5.9219,-1.2900,0.4172,-0.0175
1635250246530,-0.9165,-7.9023,5.5234,-1.1289,0.4822,-0.0047
1635250246557,-1.1680,-7.6250,5.0195,-1.1025,0.5361,0.0123
1635250246558,-1.4238,-7.4961,4.6523,-1.1982,0.5610,0.0230
1635250246560,-1.5195,-7.6523,4.2578,-1.3691,0.5459,0.0230
1635250246587,-1.4238,-8.0938,4.0352,-1.5430,0.4971,0.0102
1635250246589,-1.2539,-8.4844,3.8750,-1.6826,0.4365,0.0102
1635250246590,-1.2490,-8.8359,3.6699,-1.7461,0.4131,0.0230
1635250246617,-1.4482,-9.1328,3.5234,-1.7139,0.4248,0.0336
1635250246618,-1.6367,-9.2266,3.5059,-1.6172,0.4055,0.0357
1635250246620,-1.6494,-9.1563,3.5547,-1.4746,0.3704,0.0506
1635250246647,-1.6348,-9.0234,3.4688,-1.3320,0.3599,0.0740
1635250246649,-1.6201,-9.0313,3.2617,-1.1992,0.3726,0.0900
1635250246650,-1.6514,-9.1406,3.1855,-1.1289,0.3779,0.0964
1635250246679,-1.5889,-9.0859,3.1992,-1.1523,0.3599,0.1187
1635250246685,-1.4697,-9.0781,3.1953,-1.1836,0.3247,0.1389
1635250246691,-1.4189,-9.2500,3.0566,-1.1504,0.3206,0.1378
1635250246697,-1.4912,-9.5703,2.9609,-1.0674,0.3406,0.1378
1635250246699,-1.6016,-9.8516,2.9844,-0.9697,0.3513,0.1698
1635250246727,-1.5967,-10.0234,2.9902,-0.8267,0.3386,0.2124
1635250246729,-1.4551,-10.0938,2.8750,-0.6533,0.3342,0.2465
1635250246730,-1.3047,-10.1094,2.7012,-0.4993,0.3577,0.2825
1635250246757,-1.3066,-10.1094,2.4746,-0.3843,0.3865,0.3230
1635250246759,-1.3662,-9.9922,2.3887,-0.3140,0.3843,0.3582
1635250246761,-1.4004,-9.8906,2.1816,-0.2534,0.3599,0.3921
1635250246787,-1.5029,-9.7891,1.9248,-0.1641,0.3652,0.4358
1635250246789,-1.6943,-9.6797,1.8359,-0.0886,0.3630,0.4763
1635250246791,-1.8887,-9.5078,1.8506,-0.0726,0.2725,0.5410
1635250246817,-1.9814,-9.3750,2.1211,-0.1205,0.2385,0.5601
1635250246819,-1.9893,-9.3750,2.2949,-0.1992,0.2216,0.5718
1635250246821,-1.9648,-9.3828,2.4004,-0.2512,0.2076,0.5889
1635250246848,-1.9512,-9.4375,2.4199,-0.2512,0.2024,0.6016
1635250246851,-1.9844,-9.4922,2.3770,-0.2152,0.2098,0.6196
1635250246853,-2.0820,-9.5000,2.2813,-0.1663,0.2236,0.6494
1635250246878,-2.2012,-9.4297,2.1387,-0.1375,0.2279,0.6719
1635250246880,-2.2969,-9.2891,2.0547,-0.1609,0.2076,0.6782
1635250246882,-2.3711,-9.1484,1.9990,-0.2056,0.1758,0.6890
1635250246906,-2.3867,-9.0625,1.9893,-0.2534,0.1385,0.6963
1635250246908,-2.3496,-9.0859,1.9727,-0.2949,0.1013,0.6973
1635250246909,-2.3789,-9.1016,2.0078,-0.3386,0.0832,0.7104
1635250246938,-2.4316,-9.1172,2.0605,-0.3770,0.0715,0.7261
1635250246939,-2.4023,-9.0938,2.0176,-0.3887,0.0545,0.7378
1635250246940,-2.4395,-9.0078,2.0254,-0.3608,0.0513,0.7485
1635250246969,-2.5449,-8.8672,1.9170,-0.3130,0.0640,0.7539
1635250246971,-2.6973,-8.8125,1.6777,-0.2524,0.0790,0.7603
1635250246973,-2.8145,-8.7656,1.5801,-0.2152,0.0715,0.7622
1635250246998,-2.8770,-8.5781,1.5391,-0.2301,0.0364,0.7612
1635250246999,-2.9297,-8.4219,1.5361,-0.2607,-0.0019,0.7559
1635250247001,-2.9512,-8.3359,1.5967,-0.2908,-0.0391,0.7358
1635250247027,-2.9492,-8.2578,1.6895,-0.3066,-0.0700,0.7036
1635250247029,-2.9648,-8.2500,1.6758,-0.2769,-0.0891,0.6709
1635250247030,-3.0273,-8.2813,1.5059,-0.1992,-0.0912,0.6431
1635250247058,-3.1465,-8.2344,1.3740,-0.1024,-0.0987,0.6123
1635250247060,-3.2656,-8.0625,1.2275,0.0040,-0.1295,0.5825
1635250247061,-3.3301,-7.9766,1.1826,0.1136,-0.1742,0.5420
1635250247088,-3.2949,-7.9688,1.2129,0.2073,-0.2274,0.4868
1635250247090,-3.1523,-8.0000,1.3115,0.3018,-0.2903,0.4431
1635250247091,-2.9609,-7.9961,1.3809,0.4104,-0.3296,0.4102
1635250247118,-2.8594,-7.9336,1.4385,0.5283,-0.3350,0.3699
1635250247120,-2.9180,-7.7461,1.3477,0.6318,-0.3232,0.3176
1635250247121,-3.1504,-7.4648,1.3262,0.6978,-0.3179,0.2644
1635250247149,-3.4414,-7.1055,1.3135,0.7104,-0.3477,0.2017
1635250247150,-3.5879,-6.8320,1.3281,0.7041,-0.4072,0.1453
1635250247152,-3.5684,-6.7734,1.4648,0.6709,-0.4775,0.0858
1635250247180,-3.4922,-6.9492,1.6826,0.6084,-0.5488,0.0262
1635250247182,-3.3418,-7.2773,1.9844,0.5635,-0.5977,-0.0164
1635250247184,-3.1777,-7.6055,2.1777,0.5840,-0.6211,-0.0579
1635250247209,-3.0898,-7.9648,2.3066,0.6680,-0.6084,-0.0951
1635250247211,-3.1816,-8.2891,2.2969,0.7871,-0.5742,-0.1238
1635250247213,-3.3516,-8.4375,2.3223,0.8892,-0.5337,-0.1377
1635250247238,-3.5391,-8.1328,2.4395,0.8755,-0.5059,-0.1387
1635250247240,-3.7402,-7.5078,2.6191,0.7837,-0.5049,-0.1461
1635250247242,-3.7773,-6.9258,2.9180,0.6357,-0.5317,-0.1727
1635250247269,-3.6816,-6.5859,3.1621,0.4285,-0.5645,-0.2153
1635250247270,-3.6016,-6.4883,3.5488,0.2019,-0.6050,-0.2686
1635250247272,-3.1406,-6.4805,3.7070,-0.0056,-0.6606,-0.3015
1635250247299,-3.0664,-7.0117,3.5430,-0.1257,-0.6743,-0.2334
1635250247300,-3.5254,-7.7070,3.0488,-0.1853,-0.5327,-0.3206
1635250247302,-3.7559,-8.2578,2.8105,-0.1471,-0.4700,-0.3877
1635250247333,-3.9824,-8.5469,2.7285,-0.0237,-0.5625,-0.3142
1635250247335,-4.0391,-8.7031,3.0645,0.0838,-0.6177,-0.3259
1635250247336,-3.9336,-8.7656,3.4570,0.1625,-0.6274,-0.3354
1635250247369,-3.8086,-8.7813,3.8223,0.2488,-0.6211,-0.3047
1635250247371,-3.6699,-8.7656,4.1875,0.3306,-0.5933,-0.3196
1635250247372,-3.5566,-8.8438,4.4375,0.4094,-0.5435,-0.3271
1635250247374,-3.5781,-9.1250,4.7070,0.4944,-0.4893,-0.2971
1635250247386,-3.5566,-9.3203,4.7852,0.5859,-0.4424,-0.2462
1635250247409,-3.5371,-9.2266,4.6992,0.7231,-0.3784,-0.1802
1635250247411,-3.5527,-9.0078,4.6484,0.8862,-0.3062,-0.1238
1635250247414,-3.5117,-8.8281,4.7266,0.9893,-0.2583,-0.0792
1635250247438,-3.4727,-8.6719,4.9180,1.0273,-0.2296,-0.0217
1635250247439,-3.6055,-8.4922,4.9648,1.0186,-0.1764,0.0102
1635250247440,-3.5762,-8.0313,5.2773,0.9692,-0.1030,0.0102
1635250247468,-3.4063,-7.5508,5.6250,0.8062,-0.0572,0.0379
1635250247469,-3.3418,-7.7266,5.4453,0.5957,-0.0210,0.1006
1635250247470,-3.4492,-8.4297,5.1250,0.3977,0.0492,0.1538
1635250247499,-3.6699,-8.9219,5.0273,0.2507,0.1141,0.1836
1635250247502,-3.7344,-9.2266,5.1250,0.1902,0.1385,0.2059
1635250247504,-3.6133,-9.2266,4.5820,0.2455,0.1779,0.2751
1635250247529,-3.5547,-8.9219,3.7148,0.4446,0.2290,0.3772
1635250247531,-3.6094,-8.5313,3.2578,0.6582,0.2311,0.4038
1635250247533,-3.5742,-8.0625,3.3535,0.7944,0.1715,0.3740
1635250247560,-3.4473,-7.6484,4.0469,0.8125,0.1077,0.3750
1635250247561,-3.5137,-7.2500,4.6602,0.7241,0.1002,0.3750
1635250247563,-3.6719,-7.2422,4.9258,0.6411,0.1354,0.3645
1635250247590,-3.8809,-7.4492,5.0508,0.5923,0.1672,0.3835
1635250247591,-4.0000,-7.5156,5.1367,0.5986,0.1821,0.3965
1635250247593,-3.9277,-7.1953,5.2891,0.6553,0.1960,0.3804
1635250247620,-3.7031,-6.9023,5.5000,0.7402,0.2225,0.3677
1635250247621,-3.6641,-6.9336,5.4180,0.7861,0.2810,0.3750
1635250247623,-3.8340,-7.0625,4.9570,0.8198,0.3438,0.3730
1635250247650,-3.8516,-7.0273,4.7422,0.8315,0.3586,0.3613
1635250247652,-3.8438,-6.8438,4.5820,0.7891,0.3523,0.3303
1635250247653,-3.8301,-6.6719,4.4961,0.7456,0.3555,0.3081
1635250247682,-3.7988,-6.5977,4.5586,0.6826,0.3523,0.3091
1635250247684,-3.6816,-6.4883,4.3906,0.5923,0.3247,0.3208
1635250247686,-3.5781,-6.4336,4.2461,0.6187,0.3171,0.3103
1635250247710,-3.4844,-6.3477,4.4922,0.6187,0.3193,0.3018
1635250247712,-3.5059,-6.1094,4.5664,0.5444,0.3320,0.2771
1635250247714,-3.5664,-5.8164,4.7773,0.4180,0.3503,0.2368
1635250247739,-3.5840,-5.5586,5.1641,0.2360,0.3735,0.1974
1635250247740,-3.5586,-5.6563,5.2617,0.0349,0.3950,0.1858
1635250247741,-3.5098,-6.1328,5.1641,-0.1205,0.4312,0.2102
1635250247769,-3.4590,-6.5586,5.0000,-0.2375,0.4917,0.2314
1635250247770,-3.4590,-6.6680,4.7773,-0.2693,0.5532,0.2347
1635250247771,-3.4883,-6.5039,4.6992,-0.1927,0.5962,0.2336
1635250247799,-3.4922,-6.2344,4.6797,-0.0375,0.6226,0.2208
1635250247800,-3.5020,-6.1328,4.7109,0.1636,0.6621,0.1996
1635250247801,-3.7793,-6.1719,4.6484,0.2913,0.7192,0.1804
1635250247834,-4.2656,-6.2109,4.6836,0.3030,0.7788,0.1527
1635250247836,-4.6758,-6.0195,4.6328,0.2222,0.8247,0.1049
1635250247837,-4.9102,-5.5391,4.6992,0.1498,0.8374,0.0591
1635250247862,-4.8789,-5.1367,4.9648,0.0625,0.8047,0.0049
1635250247868,-4.7539,-5.0195,4.8359,-0.0332,0.7788,-0.0292
1635250247875,-4.6641,-5.2188,5.0195,-0.0704,0.8022,-0.0600
1635250247882,-4.5859,-5.3477,4.9766,-0.1534,0.8462,-0.1154
1635250247888,-4.7461,-5.4375,4.5703,-0.2683,0.8931,-0.1760
1635250247901,-5.0938,-5.5352,4.1211,-0.4023,0.9150,-0.2313
1635250247907,-5.4453,-5.5078,3.9023,-0.5737,0.8906,-0.3047
1635250247921,-5.6367,-5.6680,3.5469,-0.7451,0.8022,-0.3579
1635250247927,-5.6094,-6.3438,3.1191,-0.8354,0.6875,-0.3621
1635250247946,-5.4883,-7.2031,2.8496,-0.8174,0.5767,-0.3525
1635250247958,-5.4180,-7.7656,2.7363,-0.7119,0.4683,-0.3420
1635250247979,-5.4570,-8.0703,2.6211,-0.5161,0.3757,-0.3398
1635250247986,-5.5820,-8.2422,2.5820,-0.2396,0.3044,-0.3303
1635250247996,-5.7578,-8.2813,2.4668,0.0828,0.2247,-0.2983
1635250248004,-5.8633,-8.3047,2.4258,0.4478,0.1194,-0.2664
1635250248009,-5.8125,-8.3203,2.9453,0.8350,-0.0072,-0.2462
1635250248015,-5.6836,-7.9883,3.4199,1.1865,-0.1370,-0.2399
1635250248021,-5.5273,-7.6133,3.7363,1.5723,-0.2296,-0.2408
1635250248031,-5.4648,-7.4375,4.1055,1.8818,-0.2720,-0.2515
1635250248036,-5.5703,-7.0664,4.2188,2.0020,-0.2966,-0.2600
1635250248060,-5.8242,-6.5039,4.2422,2.0000,-0.3518,-0.2622
1635250248065,-6.0586,-6.1484,4.3672,1.9170,-0.4329,-0.2686
1635250248070,-6.0352,-5.8320,4.5859,1.7627,-0.5112,-0.2898
1635250248109,-5.8438,-5.4102,4.9141,1.4990,-0.6021,-0.3206
1635250248117,-5.5469,-4.9648,5.0195,1.1738,-0.6997,-0.3420
1635250248122,-5.2422,-4.7227,4.7305,0.8540,-0.7720,-0.3525
1635250248127,-5.1406,-5.1055,4.4688,0.5474,-0.8149,-0.3782
1635250248132,-5.0703,-5.8750,4.7539,0.2498,-0.8799,-0.4292
1635250248136,-4.8047,-6.0820,4.9492,0.0083,-0.9946,-0.4888
1635250248142,-4.3984,-6.0977,4.9648,0.0657,-1.0654,-0.5098
1635250248146,-4.1328,-6.5313,5.1797,0.3914,-1.0488,-0.5474
1635250248173,-3.9805,-6.8203,5.3203,0.7168,-1.0166,-0.6187
1635250248180,-3.7793,-6.8672,5.3359,1.0156,-1.0078,-0.6304
1635250248185,-3.4785,-6.7969,5.3281,1.2412,-1.0176,-0.5718
1635250248191,-3.2051,-6.6523,5.8242,1.3164,-1.0410,-0.5278
1635250248197,-2.9922,-6.7227,6.3516,1.3174,-1.0654,-0.5332
1635250248221,-2.8809,-6.7578,7.0820,1.3281,-1.0264,-0.5303
1635250248230,-2.9082,-6.3750,7.8672,1.3809,-0.9404,-0.5044
1635250248247,-2.8594,-5.8438,8.1641,1.4893,-0.8628,-0.4802
1635250248252,-2.6777,-5.3359,8.6953,1.4072,-0.8008,-0.4951
1635250248257,-2.4121,-4.8398,8.3203,1.0713,-0.7383,-0.4910
1635250248261,-2.2969,-5.1875,7.6992,0.6968,-0.6753,-0.4399
1635250248271,-2.4199,-5.9180,7.2500,0.2837,-0.6421,-0.4133
1635250248276,-2.4824,-6.3555,7.0781,-0.0513,-0.6401,-0.4399
1635250248301,-2.3809,-6.7188,7.4844,-0.1545,-0.6382,-0.4729
1635250248306,-2.2344,-6.5078,7.6445,-0.0907,-0.6104,-0.4739
1635250248310,-2.2324,-6.0000,7.3945,0.0519,-0.6084,-0.4729
1635250248321,-2.1055,-5.7070,6.6367,0.0902,-0.6689,-0.4834
1635250248326,-1.7471,-6.0039,5.6094,-0.0577,-0.7305,-0.4675
1635250248359,-1.4795,-7.1289,5.8242,-0.2791,-0.7402,-0.3782
1635250248363,-1.5488,-7.8828,6.2109,-0.4587,-0.7148,-0.2791
1635250248368,-1.6035,-7.7891,6.3867,-0.4163,-0.7124,-0.2494
1635250248375,-1.4268,-7.3086,6.9609,-0.1162,-0.7466,-0.3005
1635250248379,-1.1416,-6.6797,7.6250,0.2285,-0.7646,-0.3801
1635250248392,-0.9263,-6.0703,8.1406,0.4551,-0.7358,-0.4260
1635250248396,-0.7661,-5.6406,8.3047,0.5166,-0.6763,-0.4153
1635250248422,-0.5693,-5.5508,7.9844,0.4180,-0.6084,-0.3665
1635250248426,-0.5410,-5.6484,7.7266,0.1625,-0.5283,-0.3291
1635250248431,-0.6055,-5.6758,7.6602,-0.1598,-0.4414,-0.3079
1635250248442,-0.6895,-6.1523,7.7422,-0.4131,-0.3594,-0.2771
1635250248446,-0.6509,-6.9922,7.8867,-0.5000,-0.2805,-0.2260
1635250248472,-0.2969,-7.4180,8.1016,-0.3704,-0.2168,-0.2068
1635250248479,0.2010,-7.4688,8.2188,-0.0917,-0.1455,-0.1941
1635250248484,0.4260,-7.4648,8.1016,0.2773,-0.0498,-0.1504
1635250248493,0.3853,-7.2070,7.8906,0.5669,0.0353,-0.1217
1635250248498,0.2178,-6.6406,7.8438,0.6968,0.1151,-0.1058
1635250248522,-0.1053,-6.0195,7.7031,0.7539,0.1918,-0.0632
1635250248527,-0.4380,-5.7148,7.3633,0.8032,0.2385,-0.0132
1635250248532,-0.9146,-6.4063,7.1953,0.8872,0.2300,0.0262
1635250248542,-1.1514,-6.3672,7.1523,0.9063,0.1587,0.0336
1635250248547,-1.1250,-5.8828,7.3906,0.8613,0.0545,-0.0036
1635250248585,-0.9717,-5.2617,7.3750,0.7368,-0.0072,-0.0536
1635250248590,-1.0293,-4.8398,7.4375,0.5356,-0.0168,-0.0653
1635250248595,-1.2490,-4.7422,7.7109,0.2881,-0.0179,-0.0685
1635250248601,-1.3311,-4.9336,7.6445,0.0572,-0.0317,-0.0760
1635250248606,-1.2090,-5.5195,7.6055,-0.0790,-0.0530,-0.0643
1635250248612,-1.1172,-5.8789,7.9141,-0.1534,-0.0689,-0.0387
1635250248617,-1.2568,-5.8008,7.8906,-0.1375,-0.0998,-0.0302
1635250248654,-1.3809,-6.0977,8.0703,0.0455,-0.1509,-0.0323
1635250248659,-1.3477,-6.3750,8.2656,0.1753,-0.1870,-0.0430
1635250248681,-1.3428,-6.1445,7.9531,0.2094,-0.2125,-0.0472
1635250248689,-1.3135,-5.6055,7.9258,0.3040,-0.2477,-0.0504
1635250248693,-1.2158,-5.2617,8.1406,0.3518,-0.2656,-0.0802
1635250248698,-1.2109,-5.1563,7.9531,0.3040,-0.2571,-0.1015
1635250248704,-1.1563,-5.1484,7.8125,0.1881,-0.2371,-0.0941
1635250248710,-1.1943,-5.3984,7.5859,0.0966,-0.2147,-0.0706
1635250248714,-1.2305,-5.8008,7.5195,0.0689,-0.2094,-0.0568
1635250248725,-1.1914,-6.0586,7.5977,0.0966,-0.2264,-0.0632
1635250248730,-1.1826,-6.1172,7.6445,0.1881,-0.2413,-0.0706
1635250248744,-1.2041,-5.9961,7.6523,0.3232,-0.2700,-0.0760
1635250248748,-1.1582,-5.7070,7.7734,0.4316,-0.3125,-0.0972
1635250248774,-1.0645,-5.5859,7.6836,0.5093,-0.3188,-0.1121
1635250248779,-1.0723,-5.4805,7.7617,0.6084,-0.3093,-0.1079
1635250248784,-1.0674,-5.2188,7.9766,0.6851,-0.3201,-0.1111
1635250248793,-1.0049,-4.9219,8.1563,0.6733,-0.3359,-0.1387
1635250248798,-0.8833,-4.6367,8.3438,0.5635,-0.3264,-0.1643
1635250248823,-0.8521,-4.3711,8.4844,0.3711,-0.2976,-0.1558
1635250248837,-0.8403,-4.2891,8.3984,0.1550,-0.2754,-0.1345
1635250248841,-0.7944,-4.5078,8.1484,-0.0237,-0.2551,-0.1302
1635250248847,-0.7827,-4.9922,7.8672,-0.1194,-0.2328,-0.1334
1635250248852,-0.7944,-5.3477,7.9258,-0.0960,-0.2222,-0.1366
1635250248863,-0.7490,-5.5469,8.2656,0.0051,-0.2285,-0.1558
1635250248868,-0.6631,-5.5352,8.3438,0.1083,-0.2413,-0.1835
1635250248893,-0.6079,-5.2266,8.4063,0.1721,-0.2380,-0.1930
1635250248898,-0.4834,-4.8750,8.1875,0.1370,-0.2296,-0.1898
1635250248902,-0.3398,-4.7734,8.0391,0.0061,-0.2179,-0.1876
1635250248913,-0.2871,-5.0742,8.1641,-0.1332,-0.1721,-0.1866
1635250248918,-0.2969,-5.6523,8.0000,-0.2045,-0.1338,-0.1727
1635250248943,-0.3159,-6.0469,7.7656,-0.1663,-0.1136,-0.1429
1635250248948,-0.4453,-5.9648,7.6289,-0.0481,-0.1360,-0.1132
1635250248966,-0.4355,-5.7891,7.6914,0.1104,-0.1913,-0.1079
1635250248980,-0.3567,-5.7148,7.9414,0.2211,-0.2190,-0.1100
1635250248987,-0.2561,-5.5742,8.0313,0.2360,-0.2200,-0.0962
1635250248991,-0.1724,-5.3633,8.0781,0.2147,-0.2200,-0.0760
1635250248999,-0.1340,-5.2383,8.1016,0.1785,-0.2200,-0.0696
1635250249009,-0.1316,-5.2109,8.2031,0.0944,-0.2115,-0.0739
1635250249016,-0.1986,-5.1445,8.0078,0.0338,-0.1785,-0.0611
1635250249021,-0.3877,-5.0586,7.8945,0.0562,-0.1541,-0.0323
1635250249034,-0.4907,-4.8555,7.6719,0.1710,-0.1572,-0.0515
1635250249039,-0.4692,-4.8008,7.6250,0.3616,-0.1838,-0.1143
1635250249064,-0.3926,-4.7539,7.8047,0.5562,-0.2253,-0.1611
1635250249068,-0.3374,-4.6289,7.9102,0.6743,-0.2891,-0.1643
1635250249073,-0.1604,-4.5859,8.1563,0.6084,-0.3635,-0.1835
1635250249084,0.0598,-4.7188,8.1406,0.3625,-0.3965,-0.1941
1635250249088,0.0096,-4.9180,8.0703,0.1284,-0.3657,-0.1420
1635250249114,-0.0981,-4.7188,8.1172,0.0264,-0.3413,-0.1036
1635250249118,-0.1101,-4.6133,7.7852,0.1359,-0.3711,-0.1345
1635250249123,-0.0168,-5.0938,8.3984,0.2805,-0.4063,-0.1589
1635250249134,0.1843,-4.9219,9.2344,0.2114,-0.3796,-0.1643
1635250249139,0.5527,-4.6484,9.4375,0.0583,-0.2998,-0.1345
1635250249165,0.7969,-5.5977,9.3750,0.1104,-0.2328,-0.0196
1635250249177,0.7852,-6.6055,8.6641,0.3848,-0.1466,0.0964
1635250249189,0.6582,-6.7813,8.6328,0.7847,-0.1051,0.1410
1635250249197,0.7588,-5.4453,9.0000,0.9512,-0.1550,0.0932
1635250249203,0.7803,-4.0781,8.9922,0.7764,-0.1838,0.0613
1635250249208,0.6938,-3.3027,9.5234,0.2520,-0.1232,0.0911
1635250249215,0.5313,-2.9277,9.6719,-0.4268,-0.0157,0.1081
1635250249220,0.2944,-3.0703,9.5156,-0.9399,0.0694,0.1028
1635250249245,0.1699,-3.7871,9.1719,-1.1719,0.1151,0.0729
1635250249249,0.0335,-4.7305,8.5547,-1.1816,0.1321,0.0570
1635250249254,-0.0551,-5.1250,8.1563,-1.1104,0.1045,0.0453
1635250249265,-0.0814,-4.9375,8.0391,-0.9824,0.0502,0.0304
1635250249269,-0.0287,-4.6094,8.0781,-0.8618,-0.0115,0.0091
1635250249295,0.0814,-4.3711,8.1797,-0.8428,-0.0583,-0.0387
1635250249299,0.1699,-4.2539,8.1797,-0.9097,-0.0604,-0.0876
1635250249304,0.1771,-4.4727,8.1328,-0.9619,-0.0359,-0.1238
1635250249315,0.2227,-4.7188,8.5156,-0.9814,-0.0232,-0.1727
1635250249319,0.3853,-4.9258,8.6016,-1.0098,-0.0136,-0.2250
1635250249345,0.3950,-5.2109,8.3359,-0.9941,0.0215,-0.2324
1635250249349,0.3972,-5.3633,8.4219,-0.9824,0.0555,-0.2260
1635250249354,0.5171,-5.3711,8.3828,-0.9907,0.0800,-0.2399
1635250249365,0.6699,-5.3867,8.1406,-1.0322,0.1119,-0.2505
1635250249369,0.7993,-5.4805,8.0703,-1.1406,0.1598,-0.2494
1635250249395,0.5649,-5.7578,7.7930,-1.3984,0.2598,-0.2399
1635250249400,0.5649,-5.7578,7.7930,-1.3984,0.2598,-0.2399
1635250249404,0.3088,-6.2969,7.1523,-1.5166,0.2854,-0.2377
1635250249425,0.2727,-6.4258,6.9492,-1.5195,0.2864,-0.2334
1635250249430,0.3567,-6.5547,6.8672,-1.5000,0.2747,-0.2302
1635250249436,0.4309,-6.7344,6.8984,-1.5049,0.2756,-0.2164
1635250249440,0.4236,-6.8906,7.0820,-1.5352,0.2939,-0.1951
1635250249469,0.3518,-6.9531,7.1406,-1.5576,0.3225,-0.1718
1635250249474,0.2155,-7.0859,7.0313,-1.5537,0.3450,-0.1515
1635250249481,0.1101,-7.3320,6.9336,-1.5391,0.3586,-0.1377
1635250249487,0.0479,-7.4688,6.8516,-1.5293,0.3684,-0.1185
1635250249492,-0.0239,-7.4688,6.6289,-1.5088,0.3735,-0.1015
1635250249506,-0.0981,-7.5664,6.4219,-1.4824,0.3704,-0.0887
1635250249511,-0.1747,-7.6484,6.4883,-1.4824,0.3630,-0.0802
1635250249536,-0.3184,-7.5938,6.3867,-1.4863,0.3608,-0.0706
1635250249540,-0.5024,-7.6484,6.1797,-1.4111,0.3396,-0.0664
1635250249545,-0.6938,-7.8594,6.0156,-1.2930,0.2864,-0.0898
1635250249556,-0.6987,-8.0859,5.9297,-1.1670,0.2290,-0.1271
1635250249560,-0.6367,-8.2188,6.0039,-1.0234,0.1885,-0.1504
1635250249586,-0.5454,-8.1641,6.0195,-0.8643,0.1492,-0.1686
1635250249590,-0.4260,-8.0156,5.9609,-0.7588,0.1119,-0.1919
1635250249595,-0.2130,-8.0234,5.9180,-0.7607,0.0960,-0.2142
1635250249614,0.0551,-8.1094,5.8359,-0.8491,0.1035,-0.2079
1635250249618,0.3447,-8.3125,5.6250,-0.9438,0.1194,-0.1792
1635250249626,0.5171,-8.6484,5.3516,-0.9951,0.1417,-0.1504
1635250249630,0.5239,-9.0234,5.1719,-0.9932,0.1736,-0.1217
1635250249656,0.3972,-9.2969,5.0625,-0.9248,0.1949,-0.0834
1635250249662,0.3064,-9.2813,4.9648,-0.8364,0.2002,-0.0356
1635250249667,0.2920,-9.0313,5.0859,-0.7490,0.1992,0.0113
1635250249683,0.3040,-8.6953,5.0313,-0.7100,0.1907,0.0581
1635250249690,0.3398,-8.5938,4.9883,-0.7300,0.2013,0.1060
1635250249696,0.3542,-8.5938,5.0820,-0.8311,0.2354,0.1378
1635250249701,0.3469,-8.6484,4.8867,-0.9365,0.2800,0.1698
1635250249727,0.2632,-8.9453,4.5820,-0.9800,0.3247,0.2113
1635250249731,0.0958,-9.2031,4.2617,-1.0039,0.3535,0.2443
1635250249736,-0.1340,-9.2344,3.9609,-0.9824,0.3555,0.2720
1635250249746,-0.3469,-9.2188,3.8535,-0.9023,0.3247,0.3018
1635250249755,-0.4021,-9.2422,3.8203,-0.8174,0.2769,0.3315
1635250249767,-0.2847,-9.3125,3.8496,-0.7578,0.2247,0.3623
1635250249772,-0.1077,-9.3203,4.1797,-0.7129,0.1779,0.3933
1635250249797,0.0790,-9.1328,4.3164,-0.6777,0.1620,0.4348
1635250249802,0.0909,-8.9922,4.1172,-0.5972,0.2002,0.4709
1635250249806,-0.0790,-9.0703,3.9512,-0.5098,0.2576,0.4741
1635250249817,-0.3159,-9.1172,3.7461,-0.4993,0.2791,0.4795
1635250249821,-0.5454,-9.0547,3.5449,-0.5249,0.2566,0.5176
1635250249847,-0.6606,-8.9531,3.3438,-0.5278,0.2173,0.5483
1635250249851,-0.6460,-8.9609,3.3145,-0.5000,0.1853,0.5356
1635250249856,-0.5288,-9.0391,3.1973,-0.4768,0.1641,0.5195
1635250249867,-0.4236,-9.1406,3.0820,-0.4385,0.1417,0.5366
1635250249872,-0.3687,-9.1797,2.9941,-0.3865,0.1354,0.5674
1635250249897,-0.5264,-9.0313,3.0234,-0.3237,0.1332,0.5845
1635250249902,-0.6655,-8.8359,2.9219,-0.2642,0.1237,0.5835
1635250249906,-0.7036,-8.7188,2.8379,-0.2268,0.1045,0.5815
1635250249917,-0.7202,-8.5703,2.8379,-0.2566,0.0683,0.5771
1635250249922,-0.7729,-8.3750,2.8789,-0.3206,0.0226,0.5664
1635250249947,-0.8711,-8.4141,2.9336,-0.3555,-0.0093,0.5444
1635250249952,-0.8999,-8.6016,2.9375,-0.3640,-0.0274,0.5156
1635250249956,-0.8711,-8.7109,2.8867,-0.3206,-0.0530,0.4922
1635250249975,-0.8735,-8.7578,2.8887,-0.2216,-0.0785,0.4729
1635250249981,-0.9551,-8.6406,2.7715,-0.1013,-0.0859,0.4517
1635250249990,-1.1318,-8.4609,2.5898,0.0391,-0.0775,0.4272
1635250249994,-1.3066,-8.2500,2.5156,0.1508,-0.0891,0.3911
1635250250034,-1.4551,-8.1250,2.5098,0.1998,-0.1412,0.3496
1635250250052,-1.4697,-8.1484,2.6348,0.2008,-0.2168,0.3049
1635250250057,-1.3955,-8.2188,2.7598,0.1859,-0.2795,0.2654
1635250250062,-1.3184,-8.1172,2.6543,0.1902,-0.3135,0.2422
1635250250067,-1.3926,-8.0313,2.5391,0.2274,-0.3188,0.2166
1635250250085,-1.6016,-7.9219,2.4668,0.2742,-0.3232,0.1709
1635250250089,-1.7930,-7.8281,2.2910,0.3306,-0.3550,0.1144
1635250250095,-1.9053,-7.8516,2.2012,0.3955,-0.4180,0.0591
1635250250100,-1.9600,-7.9414,2.2754,0.4414,-0.4871,-0.0015
1635250250104,-2.0527,-7.9258,2.3398,0.4944,-0.5435,-0.0568
1635250250110,-2.2539,-7.8281,2.4336,0.6006,-0.5732,-0.1058
1635250250115,-2.4629,-7.7539,2.6250,0.7329,-0.5977,-0.1558
1635250250139,-2.5742,-7.7891,2.8906,0.8149,-0.6401,-0.2122
1635250250143,-2.5059,-7.9219,3.1563,0.8809,-0.6943,-0.2578
1635250250148,-2.2813,-8.1250,3.6445,0.9858,-0.7456,-0.2771
1635250250159,-1.8311,-7.9688,4.0586,1.0420,-0.7114,-0.2739
1635250250163,-1.7832,-7.8555,3.9590,1.1172,-0.6553,-0.2866
1635250250192,-1.8213,-7.6172,3.7910,1.1738,-0.6191,-0.3037
1635250250199,-1.8291,-7.5352,3.9473,1.2002,-0.6274,-0.3271
1635250250204,-1.7158,-7.6641,4.3711,1.1533,-0.6572,-0.3484
1635250250210,-1.5840,-7.8867,4.7813,1.0762,-0.6626,-0.3440
1635250250215,-1.4453,-8.1250,5.1250,1.0391,-0.6284,-0.3069
1635250250239,-1.4121,-8.3203,5.1719,1.0322,-0.5698,-0.2705
1635250250244,-1.4102,-8.5313,5.2500,1.0313,-0.5308,-0.2408
1635250250248,-1.4287,-8.8750,5.6758,1.0547,-0.5200,-0.1984
1635250250259,-1.2686,-8.9063,6.0313,1.1250,-0.4978,-0.1451
1635250250265,-0.9932,-8.5781,6.3789,1.2529,-0.4158,-0.1036
1635250250290,-0.8330,-7.8984,6.1445,1.3984,-0.3318,-0.0866
1635250250305,-0.6055,-7.5977,5.3164,1.5977,-0.3157,-0.0536
1635250250310,-0.3110,-7.7422,5.6289,1.7490,-0.2871,0.0006
1635250250316,-0.1675,-7.1719,6.2969,1.6475,-0.2222,0.0676
1635250250321,-0.2155,-6.5742,6.8438,1.3584,-0.1519,0.1421
1635250250331,-0.4812,-7.1797,7.3594,0.8862,-0.0838,0.1921
1635250250335,-0.8306,-8.3594,7.6680,0.2529,-0.0030,0.2485
1635250250360,-1.0098,-9.1250,7.9727,-0.2576,0.0832,0.3484
1635250250365,-0.9429,-9.2500,7.9336,-0.3193,0.1801,0.4358
1635250250369,-0.8594,-9.1094,7.3398,-0.0290,0.2598,0.4602
1635250250380,-0.8906,-8.8281,6.3945,0.3584,0.3140,0.4634
1635250250385,-1.0391,-8.4453,5.8867,0.6094,0.3450,0.4985
1635250250410,-1.2090,-8.0156,5.6484,0.6870,0.3630,0.5562
1635250250415,-1.3838,-7.5625,5.7227,0.6836,0.3577,0.5752
1635250250419,-1.4102,-7.3633,5.7813,0.6689,0.3140,0.5444
1635250250430,-1.3691,-7.4609,6.0508,0.6211,0.2639,0.5103
1635250250445,-1.3926,-7.4688,6.4883,0.5581,0.2482,0.4912
1635250250451,-1.4648,-7.3477,6.8594,0.5659,0.2607,0.4751
1635250250456,-1.4717,-7.2695,7.0234,0.6538,0.2705,0.4592
1635250250487,-1.4023,-7.1914,7.0547,0.7500,0.2791,0.4529
1635250250491,-1.4102,-6.8555,6.9805,0.8032,0.2949,0.4497
1635250250499,-1.4482,-6.3984,6.8633,0.8149,0.3066,0.4314
1635250250505,-1.4434,-6.0391,6.8711,0.7305,0.3193,0.3984
1635250250510,-1.5127,-5.8320,6.8203,0.5474,0.3418,0.3794
1635250250521,-1.5840,-5.8281,6.8164,0.3337,0.3513,0.3708
1635250250527,-1.6182,-6.0586,6.9219,0.1647,0.3535,0.3613
1635250250551,-1.5439,-6.4063,6.9453,0.0902,0.3652,0.3582
1635250250561,-1.3906,-6.7578,6.9648,0.1295,0.4014,0.3623
1635250250566,-1.3311,-6.9492,6.9180,0.2222,0.4578,0.3677
1635250250571,-1.3857,-6.7461,6.9063,0.3030,0.5244,0.3762
1635250250576,-1.4912,-6.2813,6.8086,0.3584,0.5830,0.3804
1635250250602,-1.6299,-5.8750,6.5625,0.3699,0.6260,0.3730
1635250250606,-1.7285,-5.5508,6.4063,0.3008,0.6567,0.3496
1635250250611,-1.8311,-5.3438,6.3789,0.1530,0.6768,0.3154
1635250250622,-1.9414,-5.4063,6.3984,-0.0237,0.6855,0.2869
1635250250626,-2.0313,-5.6211,6.3945,-0.1630,0.6904,0.2720
1635250250652,-2.1230,-5.8125,6.3594,-0.2365,0.6812,0.2505
1635250250656,-2.1895,-5.8477,6.0820,-0.2354,0.6533,0.2251
1635250250661,-2.1738,-5.8555,5.9922,-0.1949,0.6206,0.2070
1635250250672,-2.1738,-5.8477,5.9609,-0.1896,0.6035,0.1985
1635250250692,-2.2285,-5.9375,5.9961,-0.2162,0.6045,0.1932
1635250250698,-2.3359,-6.1367,6.0820,-0.2607,0.6035,0.1836
1635250250702,-2.4082,-6.2188,6.0977,-0.3152,0.5928,0.1559
1635250250712,-2.4766,-6.2500,6.0039,-0.3386,0.5820,0.1294
1635250250717,-2.5527,-6.2813,5.9688,-0.3247,0.5791,0.1219
1635250250743,-2.6367,-6.2656,5.8359,-0.2874,0.5801,0.1198
1635250250747,-2.7148,-6.1484,5.6641,-0.2375,0.5845,0.1113
1635250250752,-2.7949,-6.0156,5.6680,-0.1896,0.5938,0.1070
1635250250763,-2.8945,-5.8672,5.7813,-0.1801,0.6206,0.0932
1635250250767,-3.0137,-5.6406,5.5664,-0.2002,0.6533,0.0570
1635250250793,-3.1758,-5.5234,5.3477,-0.2450,0.6704,0.0113
1635250250807,-3.3262,-5.5313,5.1680,-0.3279,0.6621,-0.0387
1635250250812,-3.4375,-5.5078,4.9141,-0.4290,0.6362,-0.0845
1635250250817,-3.5273,-5.4922,4.6406,-0.5117,0.5938,-0.1281
1635250250822,-3.5742,-5.5664,4.3828,-0.5938,0.5415,-0.1749
1635250250833,-3.6172,-5.7070,4.1758,-0.6909,0.4929,-0.2239
1635250250838,-3.7285,-5.7656,3.9082,-0.8193,0.3875,-0.3037
1635250250864,-3.9805,-6.1172,3.9199,-0.8672,0.3035,-0.3484
1635250250868,-3.9629,-6.3438,3.9063,-0.9004,0.2173,-0.3909
1635250250877,-3.9082,-6.5859,3.9395,-0.8799,0.1438,-0.4216
1635250250884,-3.8535,-6.7461,3.9707,-0.8345,0.0779,-0.4580
1635250250888,-3.7773,-6.7461,3.9258,-0.7534,0.0290,-0.4995
1635250250914,-3.7227,-6.8047,3.8984,-0.6182,-0.0062,-0.5303
1635250250919,-3.6504,-6.9688,3.7754,-0.4780,-0.0540,-0.5576
1635250250923,-3.5176,-7.1445,3.6602,-0.3535,-0.1200,-0.5791
1635250250934,-3.3887,-7.3047,3.9199,-0.2607,-0.1956,-0.6016
1635250250938,-3.2559,-7.2461,4.1602,-0.1949,-0.2678,-0.6313
1635250250965,-3.1426,-7.1797,4.3594,-0.0832,-0.3306,-0.6621
1635250250977,-3.0234,-7.4063,4.7031,0.0646,-0.3838,-0.6938
1635250250983,-2.8457,-7.6719,4.7852,0.2200,-0.4199,-0.7334
1635250250991,-2.5879,-7.6992,4.8672,0.4338,-0.4329,-0.7603
1635250250996,-2.3281,-7.5781,5.1602,0.7104,-0.4414,-0.7695
1635250251005,-2.1250,-7.2266,5.3359,1.0049,-0.4497,-0.7847
1635250251010,-1.9697,-6.8711,5.1914,1.2832,-0.4424,-0.8184
1635250251035,-1.9600,-6.9023,5.1641,1.4883,-0.4424,-0.8496
1635250251039,-1.9336,-7.1094,5.2734,1.5186,-0.4902,-0.8677
1635250251044,-1.7285,-7.2109,5.2773,1.4180,-0.5723,-0.8740
1635250251054,-1.4170,-7.2500,5.4492,1.3223,-0.6528,-0.8740
1635250251059,-1.0869,-7.0625,5.8281,1.2568,-0.7158,-0.8770
1635250251085,-0.7993,-6.7070,6.2500,1.2256,-0.7510,-0.8794
1635250251089,-0.6606,-6.4688,6.8281,1.2080,-0.7583,-0.8867
1635250251094,-0.5337,-6.4414,6.9063,1.1592,-0.7603,-0.8730
1635250251105,-0.3350,-6.6719,6.9531,1.0703,-0.7583,-0.8291
1635250251109,-0.1149,-7.0352,7.0234,0.9243,-0.7573,-0.7856
1635250251141,0.0646,-7.3359,6.8086,0.7998,-0.7466,-0.7559
1635250251147,0.1915,-7.4063,6.8320,0.7520,-0.7231,-0.7441
1635250251152,0.2561,-7.0391,7.0000,0.7178,-0.7085,-0.7441
1635250251158,0.2991,-6.5703,7.1992,0.6699,-0.7070,-0.7324
1635250251162,0.3542,-6.2461,7.4258,0.5850,-0.6987,-0.7046
1635250251175,0.5981,-6.1133,7.7148,0.4211,-0.6655,-0.6758
1635250251180,0.8975,-6.3164,7.9883,0.2094,-0.5977,-0.6440
1635250251206,1.0742,-6.7109,8.0938,0.0317,-0.5010,-0.5942
1635250251211,1.0576,-6.9453,8.1719,-0.0747,-0.3945,-0.5420
1635250251223,0.8643,-6.8047,8.1953,-0.1130,-0.2998,-0.5161
1635250251230,0.6460,-6.5195,7.9219,-0.1141,-0.2274,-0.5195
1635250251235,0.5527,-6.4102,7.4961,-0.2109,-0.1764,-0.5332
1635250251246,0.6343,-6.3672,7.3086,-0.3684,-0.1306,-0.5195
1635250251250,0.7637,-6.5430,7.1680,-0.4749,-0.0849,-0.4739
1635250251276,0.7705,-7.0664,7.1953,-0.4619,-0.0498,-0.4419
1635250251280,0.6963,-7.5156,7.5508,-0.3599,-0.0221,-0.4314
1635250251285,0.5981,-7.4805,7.6992,-0.1672,-0.0019,-0.4216
1635250251296,0.5840,-7.2734,7.7500,0.0636,0.0013,-0.4048
1635250251301,0.6772,-7.1289,7.8594,0.1550,-0.0040,-0.3972
1635250251326,0.7900,-6.9102,7.8125,0.0646,0.0087,-0.3877
1635250251331,0.7397,-6.7578,7.5508,-0.0577,0.0353,-0.3557
1635250251335,0.6416,-6.9297,7.2656,-0.1471,0.0492,-0.3237
1635250251346,0.5693,-7.1289,6.8438,-0.2152,0.0428,-0.3088
1635250251351,0.5386,-7.4766,6.5664,-0.2130,0.0258,-0.2930
1635250251376,0.5049,-7.8711,6.5117,-0.1343,0.0013,-0.2705
1635250251381,0.4812,-8.0156,6.5547,-0.0024,-0.0327,-0.2537
1635250251396,0.4285,-7.8867,6.5820,0.1848,-0.0732,-0.2408
1635250251402,0.3901,-7.6602,6.5586,0.3848,-0.1136,-0.2334
1635250251406,0.3711,-6.7500,6.6641,0.4998,-0.1550,-0.2367
1635250251416,0.6245,-6.2734,7.2383,0.4348,-0.2041,-0.2622
1635250251431,0.9238,-6.8242,7.5430,0.1604,-0.1849,-0.2494
1635250251436,0.8857,-7.5000,7.2383,-0.1652,-0.1157,-0.1526
1635250251447,0.6533,-7.9492,7.0547,-0.3354,-0.0700,-0.0643
1635250251457,0.3687,-7.8984,6.9375,-0.2598,-0.0551,-0.0494
1635250251463,0.1604,-7.6563,6.9492,-0.0268,-0.0636,-0.0611
1635250251492,0.1675,-7.3242,7.0156,0.2349,-0.0891,-0.0494
1635250251499,0.2322,-6.7891,7.2109,0.2732,-0.1136,-0.0398
1635250251504,0.2871,-6.2539,7.0938,0.1168,-0.1115,-0.0356
1635250251511,0.2681,-6.1836,7.0781,-0.1024,-0.0966,-0.0185
1635250251516,0.2130,-6.3438,6.9180,-0.3162,-0.0934,-0.0068
1635250251528,0.2417,-6.4922,6.7578,-0.4268,-0.1115,-0.0111
1635250251533,0.3662,-6.9297,6.5156,-0.3821,-0.1338,-0.0292
1635250251557,0.4045,-7.3633,6.3633,-0.0545,-0.1796,-0.0770
1635250251562,0.4045,-7.3516,6.3828,-0.0545,-0.1796,-0.0770
1635250251566,0.5913,-6.4492,6.6523,0.1284,-0.2296,-0.0866
1635250251577,0.7637,-6.2461,6.7578,0.0295,-0.2413,-0.0813
1635250251582,0.9097,-6.2617,6.8828,-0.1832,-0.2296,-0.0706
1635250251607,0.9814,-6.3672,6.7383,-0.3608,-0.2030,-0.0526
1635250251612,1.0049,-6.7461,6.7891,-0.3843,-0.1827,-0.0345
1635250251616,1.0723,-7.1992,6.7695,-0.3130,-0.1615,-0.0302
1635250251628,1.1133,-7.5508,6.9063,-0.1992,-0.1349,-0.0345
1635250251632,1.1299,-7.5938,7.0742,-0.0822,-0.1030,-0.0238
1635250251658,1.0557,-7.2734,7.1797,0.0189,-0.0679,-0.0015
1635250251662,0.9453,-6.6914,7.1484,0.0540,-0.0455,0.0049
1635250251667,0.9336,-6.3047,7.0313,-0.0119,-0.0274,-0.0015
1635250251685,0.9404,-6.2773,6.9727,-0.1779,0.0056,0.0028
1635250251690,0.9526,-6.4492,7.0156,-0.3801,0.0513,0.0145
1635250251698,0.8999,-6.7266,7.0352,-0.5098,0.0906,0.0155
1635250251703,0.7754,-6.9297,7.0234,-0.5142,0.1172,-0.0036
1635250251728,0.6797,-6.9844,7.0313,-0.4280,0.1364,-0.0356
1635250251733,0.6460,-6.9922,6.9023,-0.3076,0.1428,-0.0653
1635250251737,0.6846,-7.0313,6.8633,-0.2365,0.1428,-0.0813
1635250251748,0.7827,-6.8828,6.8633,-0.2725,0.1460,-0.0856
1635250251752,0.8643,-6.6445,6.7695,-0.3726,0.1609,-0.0876
1635250251778,0.8711,-6.4727,6.5000,-0.4929,0.1790,-0.0866
1635250251783,0.8423,-6.4961,6.2031,-0.6099,0.1810,-0.0887
1635250251787,0.9287,-6.7891,6.2500,-0.7427,0.1801,-0.1005
1635250251798,0.9238,-7.0391,6.2227,-0.8501,0.1949,-0.1058
1635250251803,0.7876,-7.3164,6.1094,-0.8408,0.1949,-0.1047
1635250251828,0.7134,-7.5938,6.1133,-0.7759,0.1790,-0.1121
1635250251833,0.7158,-7.6289,6.1523,-0.7129,0.1694,-0.1217
1635250251838,0.7397,-7.4688,6.0703,-0.6543,0.1726,-0.1185
1635250251848,0.7705,-7.3828,5.8750,-0.5947,0.1769,-0.1058
1635250251853,0.7944,-7.2930,5.7383,-0.6011,0.1821,-0.0983
1635250251879,0.7397,-7.1289,5.6094,-0.6909,0.1821,-0.0951
1635250251883,0.6030,-7.0625,5.4766,-0.7939,0.1736,-0.0941
1635250251888,0.4907,-7.1953,5.4219,-0.8940,0.1577,-0.1047
1635250251899,0.4355,-7.4258,5.3438,-1.0098,0.1406,-0.1281
1635250251903,0.4404,-7.6953,5.3359,-1.0830,0.1257,-0.1334
1635250251938,0.5098,-8.0703,5.5273,-1.0859,0.1151,-0.1111
1635250251942,0.5791,-8.2969,5.4922,-1.0352,0.1151,-0.0909
1635250251947,0.5815,-8.3750,5.3555,-0.9165,0.1247,-0.0813
1635250251952,0.5527,-8.3047,5.2148,-0.7959,0.1395,-0.0781
1635250251957,0.4907,-8.0469,5.0703,-0.7217,0.1492,-0.0770
1635250251969,0.3447,-7.9375,4.9023,-0.7046,0.1460,-0.0781
1635250251989,0.2489,-7.8516,4.8516,-0.7524,0.1343,-0.0802
1635250251996,0.2537,-7.9141,4.7656,-0.8418,0.1162,-0.0823
1635250252000,0.3877,-8.1875,4.6563,-0.9097,0.0928,-0.0792
1635250252009,0.5674,-8.5234,4.6563,-0.9399,0.0790,-0.0728
1635250252014,0.6533,-8.7578,4.6445,-0.9087,0.0768,-0.0590
1635250252054,0.6079,-8.9219,4.6602,-0.7866,0.0843,-0.0451
1635250252058,0.5576,-9.0234,4.7383,-0.6128,0.0949,-0.0419
1635250252063,0.5195,-9.0000,4.7383,-0.4451,0.1024,-0.0323
1635250252068,0.5625,-8.8750,4.7305,-0.3140,0.1055,-0.0111
1635250252073,0.6104,-8.6172,4.7227,-0.2482,0.1141,0.0134
1635250252079,0.6079,-8.3750,4.7148,-0.2450,0.1226,0.0272
1635250252084,0.5693,-8.2188,4.6133,-0.3066,0.1311,0.0325
1635250252109,0.5649,-8.2422,4.4727,-0.3960,0.1354,0.0389
1635250252114,0.5913,-8.3594,4.4766,-0.4971,0.1289,0.0315
1635250252119,0.6436,-8.4531,4.4492,-0.5747,0.1205,0.0251
1635250252130,0.6631,-8.6094,4.2578,-0.5747,0.1172,0.0294
1635250252134,0.6104,-8.8047,4.2266,-0.5288,0.1226,0.0368
1635250252160,0.6318,-8.9063,4.3281,-0.4939,0.1215,0.0464
1635250252164,0.7202,-8.9141,4.3750,-0.4736,0.1130,0.0751
1635250252169,0.8330,-8.8359,4.3203,-0.4492,0.1172,0.1144
1635250252180,0.9263,-8.6953,4.5469,-0.4258,0.1364,0.1315
1635250252192,0.9956,-8.5703,4.7188,-0.4482,0.1620,0.1304
1635250252202,1.0244,-8.5781,4.5820,-0.5034,0.1907,0.1453
1635250252207,0.9238,-8.7266,4.4141,-0.5972,0.2216,0.1719
1635250252221,0.7661,-8.9141,4.3008,-0.7192,0.2396,0.1858
1635250252225,0.6846,-9.1406,4.1992,-0.7983,0.2450,0.2007
1635250252250,0.7178,-9.6094,3.8828,-0.8110,0.2417,0.2368
1635250252255,0.8662,-10.0938,3.7500,-0.7896,0.2322,0.2964
1635250252259,1.0029,-10.1328,3.8965,-0.7739,0.2045,0.3784
1635250252270,1.0313,-9.9844,3.9980,-0.7012,0.1821,0.4497
1635250252286,0.9624,-9.9531,4.0859,-0.5776,0.1992,0.4932
1635250252291,0.8521,-9.9141,4.0313,-0.4800,0.2300,0.5293
1635250252296,0.7036,-9.9297,3.8457,-0.3950,0.2354,0.5825
1635250252320,0.6104,-9.9375,3.6621,-0.3311,0.2225,0.6348
1635250252325,0.5122,-9.8203,3.4434,-0.3225,0.2098,0.6738
1635250252329,0.4211,-9.6250,3.2051,-0.3333,0.1918,0.7104
1635250252340,0.3901,-9.6797,3.0586,-0.3289,0.1555,0.7441
1635250252345,0.4812,-10.0234,3.1621,-0.3013,0.1088,0.7646
1635250252370,0.6221,-10.2344,3.4316,-0.1013,0.0470,0.8018
1635250252375,0.7158,-10.3203,3.5332,-0.1013,0.0470,0.8018
1635250252380,0.5601,-9.6484,3.4355,0.1487,0.0513,0.8496
1635250252391,0.3757,-9.0859,3.3086,0.2051,0.0353,0.8794
1635250252395,0.1316,-8.7969,3.2305,0.1412,-0.0083,0.8901
1635250252421,-0.1197,-8.6172,3.1230,-0.0439,-0.0583,0.8696
1635250252425,-0.3088,-8.8125,3.0898,-0.2109,-0.1104,0.8398
1635250252430,-0.3423,-9.1875,3.0352,-0.3013,-0.1667,0.8232
1635250252447,-0.2969,-9.4531,2.8750,-0.2971,-0.2200,0.8262
1635250252451,-0.2417,-9.6328,2.8164,-0.1875,-0.2561,0.8315
1635250252461,-0.2585,-9.5781,2.8652,-0.0034,-0.2732,0.8208
1635250252489,-0.3853,-9.2969,2.9609,0.1965,-0.2786,0.8091
1635250252495,-0.5313,-8.9141,3.0898,0.3594,-0.2871,0.7910
1635250252502,-0.7036,-8.5625,3.1953,0.4465,-0.3020,0.7612
1635250252507,-0.8496,-8.3125,3.1855,0.4658,-0.3210,0.7261
1635250252514,-0.9526,-8.2031,3.1641,0.4380,-0.3423,0.6909
1635250252518,-1.0098,-8.0078,3.0176,0.3914,-0.3701,0.6602
1635250252532,-1.0576,-7.8594,2.9648,0.3806,-0.4019,0.6240
1635250252536,-1.1152,-7.7695,2.9629,0.3933,-0.4231,0.5728
1635250252562,-1.1348,-7.6133,2.9336,0.4211,-0.4329,0.5156
1635250252567,-1.1650,-7.4688,2.8555,0.4658,-0.4402,0.4646
1635250252572,-1.2520,-7.3164,2.7910,0.5103,-0.4456,0.4133
1635250252582,-1.3789,-7.1680,2.8906,0.5391,-0.4583,0.3420
1635250252587,-1.5342,-6.9922,2.9844,0.5840,-0.4753,0.2666
1635250252612,-1.6445,-6.6914,3.0820,0.6372,-0.5049,0.1804
1635250252630,-1.6943,-6.3789,3.1602,0.6719,-0.5527,0.0772
1635250252635,-1.7852,-6.1250,3.4805,0.6978,-0.5977,-0.0217
1635250252640,-1.7500,-6.0156,3.4434,0.7178,-0.6304,-0.0962
1635250252645,-1.7285,-6.5273,3.2598,0.7817,-0.6113,-0.1366
1635250252651,-1.7998,-7.2969,3.1602,0.7539,-0.5752,-0.1675
1635250252656,-1.9795,-7.6328,3.3984,0.6230,-0.5923,-0.2026
1635250252688,-2.1133,-7.3203,3.5430,0.4880,-0.6719,-0.2239
1635250252692,-2.1758,-6.9570,3.6836,0.4573,-0.7402,-0.2430
1635250252699,-2.1113,-6.8242,3.9629,0.4646,-0.7583,-0.3037
1635250252705,-1.9482,-7.1328,4.2305,0.4243,-0.7295,-0.3760
1635250252711,-1.8887,-7.5938,4.2969,0.3477,-0.6733,-0.3899
1635250252723,-1.9297,-7.8906,4.1289,0.3318,-0.6265,-0.3535
1635250252728,-1.9336,-8.1641,3.9590,0.4329,-0.6006,-0.3313
1635250252752,-1.8906,-8.3125,4.0625,0.5996,-0.5825,-0.3408
1635250252757,-1.8594,-8.1250,4.3711,0.7627,-0.5742,-0.3589
1635250252761,-1.8359,-7.8164,4.6289,0.9521,-0.5742,-0.3750
1635250252772,-1.8359,-7.4336,4.9258,1.1152,-0.5669,-0.4067
1635250252777,-1.8506,-7.0508,5.3086,1.1787,-0.5688,-0.4707
1635250252802,-1.7305,-6.8828,5.8477,1.1475,-0.5688,-0.5176
1635250252807,-1.5723,-6.7500,6.5391,1.0869,-0.5327,-0.5161
1635250252811,-1.3545,-6.7188,6.8867,1.0479,-0.4541,-0.5122
1635250252822,-1.0869,-7.3594,6.6172,1.0879,-0.3540,-0.5142
1635250252827,-0.9863,-8.2031,6.4336,1.1201,-0.2615,-0.4856
1635250252852,-0.9956,-8.5078,6.1445,1.0498,-0.2285,-0.4270
1635250252860,-0.9287,-8.3984,5.9570,0.9927,-0.2423,-0.3687
1635250252865,-0.7876,-7.9063,5.8789,0.9028,-0.2742,-0.3367
1635250252872,-0.5767,-7.1836,6.1797,0.6763,-0.2986,-0.3516
1635250252877,-0.2991,-6.9219,6.7148,0.2976,-0.2837,-0.3845
1635250252903,-0.1747,-7.6797,7.0078,-0.0864,-0.2104,-0.3579
1635250252907,-0.3711,-8.8281,7.2734,-0.3140,-0.1083,-0.2673
1635250252912,-0.5938,-9.4141,7.4727,-0.3066,-0.0455,-0.1993
1635250252923,-0.4475,-9.5000,7.3398,-0.0832,-0.0327,-0.1558
1635250252942,-0.1794,-9.8125,7.0664,0.1891,-0.0008,-0.0972
1635250252948,-0.0790,-9.9688,6.8359,0.3550,0.0757,-0.0111
1635250252952,-0.2130,-9.7031,6.5781,0.4434,0.1428,0.0995
1635250252963,-0.4429,-9.2969,6.4453,0.5796,0.1758,0.1910
1635250252969,-0.5576,-8.8906,6.4844,0.7031,0.1821,0.2208
1635250252995,-0.6079,-8.3125,6.6328,0.7148,0.1864,0.2283
1635250253000,-0.6392,-7.8047,6.7813,0.6411,0.1938,0.2527
1635250253005,-0.6436,-7.5938,6.9219,0.4944,0.2013,0.2793
1635250253013,-0.6104,-7.6094,6.8164,0.3093,0.2119,0.2974
1635250253018,-0.5889,-7.6250,6.5469,0.1615,0.2333,0.3284
1635250253056,-0.6294,-7.5938,6.3438,0.1274,0.2556,0.3623
1635250253060,-0.7397,-7.3945,6.3242,0.1976,0.2756,0.3718
1635250253065,-0.8711,-7.1094,6.4570,0.3093,0.2864,0.3506
1635250253070,-0.9502,-7.0430,6.5078,0.4041,0.2874,0.3154
1635250253075,-0.8809,-7.1992,6.5898,0.4126,0.2854,0.3037
1635250253083,-0.8281,-7.2148,6.6992,0.3369,0.2949,0.3220
1635250253088,-0.7515,-7.1172,6.8242,0.2754,0.3247,0.3347
1635250253114,-0.7349,-6.9883,6.8086,0.2603,0.3630,0.3335
1635250253118,-0.7441,-6.8398,6.5938,0.2625,0.3982,0.3315
1635250253135,-0.8257,-6.6289,6.3867,0.2360,0.4312,0.3401
1635250253141,-0.9121,-6.3555,6.3438,0.1487,0.4673,0.3452
1635250253146,-1.0342,-6.1992,6.2578,0.0242,0.5063,0.3420
1635250253154,-1.1035,-6.2813,6.1758,-0.0917,0.5352,0.3347
1635250253159,-1.1797,-6.4648,6.1094,-0.1938,0.5522,0.3230
1635250253194,-1.2705,-6.5742,5.8477,-0.2769,0.5596,0.3167
1635250253198,-1.3613,-6.6094,5.5938,-0.3279,0.5649,0.3186
1635250253206,-1.6084,-6.6289,5.3984,-0.4023,0.5864,0.3208
1635250253211,-1.7617,-6.5742,5.3516,-0.4163,0.5864,0.3176
1635250253217,-1.9482,-6.4297,5.3047,-0.4280,0.5820,0.3049
1635250253224,-2.1855,-6.2891,5.2969,-0.4429,0.5830,0.2847
1635250253229,-2.4102,-6.3086,5.2578,-0.4641,0.5845,0.2644
1635250253254,-2.6191,-6.2891,5.0586,-0.4854,0.5767,0.2517
1635250253259,-2.7188,-6.2734,4.8398,-0.4822,0.5596,0.2357
1635250253263,-2.7227,-6.2969,4.6914,-0.4749,0.5405,0.2070
1635250253274,-2.7207,-6.2188,4.5352,-0.4749,0.5244,0.1709
1635250253279,-2.7832,-6.1563,4.4648,-0.4866,0.5078,0.1346
1635250253304,-2.8848,-6.2266,4.4141,-0.5063,0.4897,0.0932
1635250253309,-2.9805,-6.3359,4.2148,-0.5269,0.4565,0.0400
1635250253313,-3.0391,-6.5156,4.0117,-0.5405,0.4185,-0.0068
1635250253324,-3.0918,-6.7070,3.9277,-0.5405,0.3704,-0.0472
1635250253337,-3.1016,-6.7813,3.7676,-0.5171,0.3130,-0.0845
1635250253344,-3.1211,-6.8125,3.7168,-0.4651,0.2471,-0.1175
1635250253349,-3.1230,-6.8086,3.7598,-0.4131,0.1715,-0.1643
1635250253375,-3.0879,-6.7578,3.8926,-0.3811,0.0896,-0.2175
1635250253379,-2.9531,-6.7422,4.0859,-0.3555,0.0002,-0.2632
1635250253384,-2.7754,-6.7813,4.1367,-0.3152,-0.0881,-0.2971
1635250253395,-2.5371,-6.9414,4.1094,-0.2418,-0.1509,-0.3291
1635250253399,-2.3066,-7.3086,4.3086,-0.1438,-0.1742,-0.3687
1635250253425,-2.1523,-7.6367,4.4961,-0.0290,-0.1891,-0.4004
1635250253433,-1.9746,-7.8945,4.7305,0.1412,-0.2094,-0.4058
1635250253437,-1.8555,-7.9414,4.8906,0.3477,-0.2200,-0.3962
1635250253445,-1.7500,-7.8320,4.9219,0.5518,-0.2190,-0.4036
1635250253450,-1.6230,-7.7070,4.8672,0.7178,-0.2136,-0.4302
1635250253475,-1.4844,-7.4766,4.7031,0.8188,-0.2179,-0.4451
1635250253480,-1.3975,-7.1250,4.6016,0.8682,-0.2488,-0.4517
1635250253492,-1.3711,-6.7813,4.6797,0.8838,-0.3020,-0.4749
1635250253497,-1.3066,-6.6641,4.9414,0.8574,-0.3572,-0.5176
1635250253504,-1.1777,-6.7695,5.2695,0.7847,-0.3977,-0.5674
1635250253516,-0.9717,-6.9844,5.5508,0.6616,-0.4221,-0.6006
1635250253521,-0.7441,-7.0430,5.7734,0.4668,-0.4414,-0.6069
1635250253546,-0.5742,-7.0000,5.9844,0.2625,-0.4541,-0.6069
1635250253550,-0.4883,-7.0234,6.1250,0.1136,-0.4595,-0.6162
1635250253555,-0.3997,-7.1719,6.1445,0.0423,-0.4573,-0.6323
1635250253566,-0.3469,-7.4453,6.1367,0.0572,-0.4414,-0.6396
1635250253570,-0.3733,-7.6289,6.1289,0.1658,-0.4370,-0.6431
1635250253596,-0.2441,-7.8203,5.8242,0.3584,-0.4424,-0.6592
1635250253600,0.0048,-8.2188,5.5508,0.5190,-0.4307,-0.6729
1635250253605,0.3015,-8.4609,5.5859,0.5591,-0.4253,-0.6484
1635250253616,0.5288,-8.3047,5.7734,0.5229,-0.4487,-0.5762
1635250253620,0.6724,-7.9805,6.0469,0.4722,-0.4839,-0.5078
1635250253646,0.8091,-7.7695,6.4258,0.3816,-0.4966,-0.4919
1635250253651,0.9980,-7.7031,6.8398,0.2615,-0.4785,-0.4834
1635250253655,1.1631,-7.8438,7.1094,0.1753,-0.4392,-0.4333
1635250253666,1.2539,-8.1875,7.2383,0.1636,-0.3796,-0.3601
1635250253671,1.1650,-8.4453,7.1602,0.2539,-0.3083,-0.2908
1635250253699,0.9502,-8.4922,6.8398,0.4861,-0.2551,-0.2281
1635250253704,0.8164,-8.4922,6.6172,0.8125,-0.2507,-0.1770
1635250253716,0.8882,-8.3672,6.7539,1.0771,-0.2827,-0.1292
1635250253722,1.0693,-7.8320,7.2227,1.1338,-0.3052,-0.0866
1635250253728,1.1514,-7.0234,7.3438,1.0479,-0.2935,-0.0472
1635250253737,1.1172,-6.4688,7.3672,0.9316,-0.2615,-0.0196
1635250253742,1.0361,-6.3594,7.2695,0.7520,-0.2360,-0.0238
1635250253767,1.0049,-6.5781,7.2773,0.5244,-0.2157,-0.0302
1635250253771,0.9624,-6.9141,7.4570,0.3594,-0.1849,-0.0100
1635250253776,0.9404,-7.1523,7.5000,0.3445,-0.1530,0.0347
1635250253787,0.9429,-7.3828,7.4688,0.4573,-0.1349,0.0751
1635250253797,0.9575,-7.3945,7.6055,0.5913,-0.1338,0.0911
1635250253807,0.8857,-7.1055,7.6289,0.6924,-0.1327,0.0985
1635250253811,0.7515,-6.7891,7.4805,0.7861,-0.1285,0.1124
1635250253837,0.5938,-6.5156,7.3203,0.8433,-0.1434,0.1091
1635250253842,0.5938,-6.3320,7.1953,0.8447,-0.1658,0.0900
1635250253860,0.5625,-6.3164,7.1328,0.8467,-0.1742,0.0804
1635250253866,0.4883,-6.1406,7.1992,0.8496,-0.1945,0.0804
1635250253870,0.4573,-5.6133,7.3672,0.7871,-0.2402,0.0623
1635250253877,0.4475,-5.0547,7.4766,0.6553,-0.2754,0.0230
1635250253882,0.4189,-4.6289,7.7031,0.4690,-0.2795,-0.0196
1635250253907,0.4116,-4.6172,7.7813,0.2253,-0.2935,-0.0696
1635250253925,0.4692,-5.0664,7.6445,-0.0375,-0.3040,-0.1005
1635250253944,0.5195,-5.7070,7.3516,-0.2407,-0.2935,-0.1058
1635250253958,0.5791,-6.3164,7.2266,-0.2971,-0.2764,-0.1100
1635250253963,0.6006,-6.8008,7.2422,-0.1812,-0.2656,-0.1164
1635250253967,0.6055,-6.9219,7.1719,0.0413,-0.2764,-0.1196
1635250253973,0.6318,-6.7539,7.1523,0.5381,-0.3350,-0.1302
1635250253988,0.8018,-6.4297,7.0313,0.6655,-0.3467,-0.1366
1635250253995,0.9287,-6.5000,7.0977,0.6968,-0.3274,-0.1281
1635250254000,0.9932,-6.4648,7.3594,0.7202,-0.3103,-0.1121
1635250254006,1.0625,-6.4297,7.7930,0.8062,-0.2922,-0.0951
1635250254012,0.9980,-6.2383,7.7539,0.9658,-0.2656,-0.0739
1635250254018,0.9453,-5.8906,6.9453,1.2109,-0.2498,-0.0547
1635250254023,0.9429,-5.6758,7.0625,1.4531,-0.2413,-0.0696
1635250254048,0.9648,-5.4766,7.8516,1.5264,-0.2646,-0.1196
1635250254052,1.0293,-5.2617,8.0469,1.4609,-0.2986,-0.1238
1635250254057,1.1318,-5.1406,8.0703,1.3350,-0.3115,-0.0643
1635250254068,1.2852,-5.2773,8.4609,1.0723,-0.3020,-0.0334
1635250254074,1.3857,-5.5859,8.5156,0.7646,-0.2466,-0.0260
1635250254103,1.3545,-5.6250,8.5469,0.6113,-0.1604,0.0347
1635250254113,1.2656,-5.2539,8.7734,0.5571,-0.1274,0.0772
1635250254120,1.3359,-4.8242,8.7266,0.5039,-0.1040,0.0368
1635250254129,1.3184,-4.8086,8.8359,0.3892,-0.0445,0.0134
1635250254135,1.2568,-4.9023,8.8906,0.1444,0.0087,0.0581
1635250254155,1.2227,-4.9727,8.4531,-0.0864,0.0747,0.1251
1635250254161,1.0693,-5.3516,8.3672,-0.2109,0.1172,0.1517
1635250254171,0.9336,-5.4180,8.4688,-0.3428,0.1162,0.1335
1635250254179,0.8330,-4.9727,8.3906,-0.5596,0.1013,0.1230
1635250254185,0.8164,-4.5508,8.4219,-0.7969,0.0747,0.1208
1635250254195,0.7539,-4.4258,8.4297,-1.0225,0.0673,0.0974
1635250254214,0.6484,-4.6133,8.3125,-1.1650,0.0620,0.0591
1635250254219,0.6367,-4.9023,8.2578,-1.2354,0.0247,0.0240
1635250254232,0.7852,-5.1328,8.1328,-1.2881,-0.0030,0.0028
1635250254237,0.8857,-5.3711,7.8867,-1.2754,0.0002,-0.0047
1635250254244,0.8784,-5.5859,7.8047,-1.2012,-0.0104,-0.0217
1635250254252,0.8687,-5.7148,7.8672,-1.0840,-0.0391,-0.0398
1635250254257,0.9814,-5.6836,7.7773,-0.9736,-0.0615,-0.0558
1635250254269,1.1963,-5.5898,7.9492,-0.9067,-0.0700,-0.0643
1635250254285,1.3135,-5.3047,8.0781,-0.9761,-0.0710,-0.0770
1635250254291,1.3809,-5.0391,7.9336,-1.1650,-0.0668,-0.1047
1635250254296,1.4502,-5.2500,7.8672,-1.3848,-0.0253,-0.1100
1635250254309,1.4912,-5.9063,7.6055,-1.4824,0.0524,-0.0909
1635250254314,1.4121,-6.7539,7.3711,-1.3467,0.1172,-0.0941
1635250254339,1.3496,-7.4102,7.2734,-1.0264,0.1438,-0.1292
1635250254355,1.2832,-7.5820,7.1406,-0.6260,0.1503,-0.1420
1635250254360,1.1650,-7.2266,7.0352,-0.2791,0.1364,-0.1185
1635250254365,1.1152,-6.5430,6.9961,-0.1385,0.1098,-0.0941
1635250254370,1.1387,-5.8281,6.8555,-0.2756,0.0970,-0.0930
1635250254379,1.2129,-5.5938,6.6836,-0.5737,0.1066,-0.1026
1635250254388,1.3574,-5.8633,6.8164,-0.9238,0.1417,-0.1005
1635250254399,1.4023,-6.2383,6.9414,-1.2188,0.1875,-0.0994
1635250254404,1.2900,-6.5820,7.0469,-1.3525,0.2279,-0.1068
1635250254429,1.1748,-6.9258,6.9609,-1.3594,0.2512,-0.1089
1635250254434,1.1055,-7.1914,6.7734,-1.3252,0.2588,-0.0919
1635250254438,1.0078,-7.2266,6.6055,-1.2871,0.2598,-0.0696
1635250254449,0.8833,-7.0313,6.6328,-1.2734,0.2576,-0.0590
1635250254454,0.8711,-6.8164,6.7227,-1.3438,0.2544,-0.0685
1635250254480,0.9336,-6.6797,6.2891,-1.4922,0.2534,-0.0706
1635250254484,0.9863,-6.8633,5.9961,-1.6572,0.2544,-0.0653
1635250254496,0.8906,-7.2773,5.5508,-1.7910,0.2598,-0.0760
1635250254512,0.7397,-7.8789,5.2305,-1.8018,0.2651,-0.0876
1635250254518,0.6655,-8.5391,5.1914,-1.6670,0.2566,-0.0802
1635250254524,0.6128,-8.9453,5.2422,-1.4268,0.2396,-0.0568
1635250254529,0.5889,-8.9922,5.3789,-1.1338,0.2205,-0.0356
1635250254540,0.5913,-8.7500,5.3711,-0.8589,0.2119,-0.0313
1635250254544,0.5693,-8.2266,5.2500,-0.6738,0.2247,-0.0334
1635250254570,0.5264,-7.8047,5.2930,-0.5981,0.2396,-0.0334
1635250254575,0.5239,-7.5039,5.4258,-0.6387,0.2502,-0.0409
1635250254579,0.6177,-7.5156,5.4180,-0.7480,0.2556,-0.0472
1635250254590,0.7515,-7.8164,5.3438,-0.8662,0.2715,-0.0451
1635250254594,0.8091,-8.1563,5.1445,-0.9727,0.2981,-0.0323
1635250254620,0.8115,-8.4688,4.9258,-1.0205,0.3184,-0.0079
1635250254625,0.7637,-8.6406,4.6953,-1.0303,0.3386,0.0219
1635250254629,0.6919,-8.6406,4.6367,-1.0430,0.3481,0.0443
1635250254640,0.6509,-8.5391,4.5156,-1.0654,0.3481,0.0634
1635250254645,0.6104,-8.5391,4.5117,-1.0811,0.3481,0.0836
1635250254670,0.6177,-8.6406,4.5820,-1.1045,0.3523,0.1028
1635250254675,0.6343,-8.9219,4.4922,-1.1211,0.3599,0.1208
1635250254680,0.6245,-9.2344,4.2773,-1.0918,0.3757,0.1602
1635250254690,0.5840,-9.3125,4.1914,-1.0322,0.3875,0.2028
1635250254695,0.5454,-9.1250,4.1055,-0.9556,0.3938,0.2273
1635250254720,0.5313,-8.9375,3.9395,-0.8877,0.3992,0.2474
1635250254725,0.5195,-8.9063,3.7012,-0.8682,0.4077,0.2654
1635250254729,0.4045,-8.9766,3.6172,-0.9067,0.4109,0.2771
1635250254740,0.2969,-9.1484,3.6230,-0.9375,0.3992,0.2869
1635250254745,0.2632,-9.3047,3.6074,-0.9111,0.3801,0.3091
1635250254770,0.2489,-9.3672,3.6133,-0.8164,0.3716,0.3357
1635250254774,0.2130,-9.3750,3.5547,-0.6802,0.3704,0.3591
1635250254779,0.2394,-9.2891,3.6133,-0.5767,0.3694,0.3750
1635250254790,0.2847,-9.0781,3.6055,-0.5459,0.3621,0.3848
1635250254794,0.2202,-8.9531,3.4414,-0.5684,0.3652,0.3984
1635250254820,0.1555,-9.0000,3.3203,-0.7173,0.3684,0.4070
1635250254825,0.0120,-9.0625,3.2871,-0.7173,0.3684,0.4070
1635250254829,-0.1077,-9.3672,2.9121,-0.8120,0.3311,0.4390
1635250254840,-0.1580,-9.5078,2.9219,-0.8022,0.3193,0.4580
1635250254844,-0.1580,-9.5469,2.8574,-0.7661,0.2981,0.4666
1635250254871,-0.1149,-9.5469,2.7363,-0.6929,0.2810,0.4814
1635250254872,-0.1316,-9.5781,2.6465,-0.6118,0.2725,0.4985
1635250254874,-0.2010,-9.5234,2.6152,-0.5430,0.2673,0.5059
1635250254901,-0.2751,-9.3750,2.6191,-0.4844,0.2439,0.5176
1635250254905,-0.2944,-9.2891,2.5254,-0.4268,0.2205,0.5327
1635250254909,-0.3230,-9.3516,2.3164,-0.3875,0.2098,0.5366
1635250254931,-0.4211,-9.3828,2.1074,-0.3662,0.1885,0.5454
1635250254936,-0.5215,-9.2969,2.0059,-0.3418,0.1481,0.5562
1635250254941,-0.5742,-9.0938,2.0039,-0.3193,0.0970,0.5645
1635250254951,-0.5601,-8.9609,2.0938,-0.3044,0.0587,0.5547
1635250254956,-0.4500,-8.9375,2.2012,-0.3152,0.0406,0.5400
1635250254997,-0.3015,-8.9375,2.2031,-0.3428,0.0428,0.5474
1635250255001,-0.2441,-8.9531,2.2305,-0.3577,0.0747,0.5742
1635250255003,-0.3687,-9.0156,2.1367,-0.3459,0.1311,0.6040
1635250255004,-0.5981,-9.1328,1.9648,-0.2991,0.1843,0.6250
1635250255006,-0.8711,-9.2969,1.9199,-0.2354,0.1981,0.6367
1635250255032,-1.0391,-9.3281,1.9512,-0.1672,0.1715,0.6484
1635250255034,-1.1514,-9.1875,2.0117,-0.0907,0.1460,0.6655
1635250255036,-1.2256,-9.0859,2.1172,-0.0205,0.1428,0.6699
1635250255063,-1.2588,-8.9609,2.1953,0.0019,0.1395,0.6636
1635250255064,-1.2490,-8.7813,2.2344,-0.0141,0.1257,0.6602
1635250255066,-1.3047,-8.6172,2.1367,-0.0375,0.1237,0.6602
1635250255093,-1.3760,-8.6250,2.0586,-0.0577,0.1300,0.6440
1635250255094,-1.3574,-8.7031,1.9580,-0.0886,0.1257,0.6157
1635250255096,-1.3809,-8.7578,1.9219,-0.1035,0.1109,0.6050
1635250255123,-1.4385,-8.8203,2.0254,-0.0960,0.0939,0.5986
1635250255125,-1.4502,-8.8906,1.9648,-0.0651,0.0896,0.5898
1635250255126,-1.4717,-8.9219,1.9365,-0.0077,0.0970,0.5835
1635250255153,-1.4932,-8.6719,1.9482,0.0381,0.0928,0.5791
1635250255155,-1.5654,-8.2734,1.8984,0.0817,0.0811,0.5718
1635250255157,-1.6846,-8.0313,1.8809,0.0923,0.0875,0.5430
1635250255184,-1.8691,-7.9141,1.9297,0.0381,0.0917,0.4976
1635250255186,-2.0078,-7.9727,1.9463,-0.0385,0.0662,0.4453
1635250255187,-2.0195,-8.2578,1.8574,-0.0757,0.0353,0.3933
1635250255213,-2.0039,-8.5156,1.6973,-0.0556,0.0258,0.3464
1635250255215,-2.0176,-8.5625,1.5986,0.0295,0.0279,0.3198
1635250255217,-2.0215,-8.4063,1.4814,0.1550,0.0162,0.2996
1635250255243,-2.0605,-8.1016,1.3809,0.2615,0.0002,0.2644
1635250255245,-2.1953,-7.7305,1.4316,0.3071,-0.0210,0.2070
1635250255247,-2.4199,-7.4883,1.4531,0.2998,-0.0466,0.1335
1635250255272,-2.6211,-7.4844,1.3135,0.2678,-0.0710,0.0613
1635250255275,-2.6934,-7.5742,1.2393,0.2380,-0.1190,-0.0089
1635250255277,-2.6230,-7.7227,1.2012,0.2339,-0.1902,-0.0760
1635250255304,-2.4199,-7.8203,1.2158,0.2615,-0.2529,-0.1228
1635250255305,-2.2031,-7.7031,1.2305,0.3062,-0.2976,-0.1494
1635250255307,-2.0605,-7.4805,1.1514,0.3945,-0.3264,-0.1813
1635250255334,-1.9102,-7.2891,1.0000,0.5283,-0.3445,-0.2356
1635250255335,-1.6660,-7.0977,0.7852,0.6836,-0.3667,-0.2971
1635250255337,-1.3857,-6.7617,0.4763,0.8647,-0.3860,-0.3547
1635250255364,-1.2832,-6.3594,0.1053,1.0498,-0.3933,-0.4355
1635250255366,-1.4580,-6.1172,0.0622,1.1465,-0.4167,-0.5674
1635250255368,-1.8330,-6.3086,0.5889,1.0713,-0.4934,-0.7109
1635250255393,-2.2090,-6.8242,1.6943,0.8169,-0.6357,-0.7964
1635250255394,-2.4668,-7.2969,2.6113,0.5112,-0.8042,-0.8218
1635250255395,-2.5234,-7.9219,3.3223,0.3743,-0.9082,-0.8379
1635250255423,-2.4648,-8.8828,4.0977,0.3882,-0.9082,-0.8696
1635250255424,-2.5059,-9.8359,4.4141,0.4626,-0.8340,-0.8652
1635250255425,-2.6309,-10.7813,4.4570,0.6826,-0.7603,-0.7847
1635250255453,-2.7363,-11.5078,4.1328,1.0010,-0.7148,-0.6655
1635250255454,-2.7832,-11.8984,3.9277,1.3145,-0.6670,-0.5493
1635250255455,-2.8496,-11.8984,4.4883,1.5996,-0.6265,-0.4675
1635250255484,-2.7520,-11.2344,4.7539,1.9180,-0.6104,-0.3633
1635250255486,-2.5586,-10.6250,5.1211,2.2539,-0.5869,-0.2664
1635250255488,-2.3477,-10.1016,5.4961,2.4063,-0.5562,-0.2345
1635250255515,-2.0859,-9.8516,6.2813,2.4141,-0.5337,-0.1909
1635250255523,-1.7881,-9.5547,7.1797,2.3086,-0.4893,-0.0866
1635250255524,-1.4863,-8.5781,8.0234,2.0195,-0.3752,0.0485
1635250255545,-1.2686,-6.8477,8.7656,1.4941,-0.2274,0.1315
1635250255546,-1.0049,-6.2227,8.8516,0.7734,-0.0806,0.1208
1635250255548,-0.8184,-7.8086,7.9180,-0.0428,0.0960,0.1464
1635250255575,-0.9600,-9.9922,7.1797,-0.9097,0.2544,0.2698
1635250255576,-1.1875,-11.2578,6.5469,-1.3291,0.3237,0.4006
1635250255578,-1.4795,-11.9375,6.0234,-0.8618,0.4001,0.5059
1635250255605,-1.7070,-11.7656,5.5938,0.0636,0.4705,0.5327
1635250255607,-1.6826,-10.0313,5.9844,0.8169,0.4822,0.4963
1635250255608,-1.5293,-7.6016,6.4961,1.0752,0.4875,0.4719
1635250255635,-1.5889,-6.2070,6.8828,0.9893,0.5405,0.4741
1635250255636,-1.8262,-6.2188,7.0664,0.6338,0.5864,0.4561
1635250255638,-2.0391,-7.0742,7.2031,-0.5269,0.5630,0.4038
1635250255665,-2.3242,-8.6016,6.6836,-0.6470,0.6309,0.4497
1635250255667,-2.5488,-9.3047,5.8438,-0.3193,0.7065,0.5220
1635250255668,-2.5137,-8.9375,4.9883,-0.0290,0.7012,0.4995
1635250255695,-2.4336,-8.0156,4.5273,0.1008,0.6641,0.4561
1635250255702,-2.4648,-7.5313,4.5586,0.1093,0.6128,0.4497
1635250255707,-2.5078,-7.3477,3.7188,0.0210,0.5288,0.4592
1635250255714,-2.4980,-7.9648,3.4355,-0.0034,0.4248,0.4678
1635250255720,-2.4922,-8.3047,3.7930,-0.0077,0.3193,0.4421
1635250255745,-2.4727,-8.1094,3.9824,0.1221,0.2471,0.4102
1635250255750,-2.4766,-7.9922,4.4180,0.3413,0.2365,0.3879
1635250255755,-2.5137,-7.5664,4.7695,0.4604,0.2534,0.3687
1635250255765,-2.4180,-6.9570,4.7969,0.4614,0.2661,0.3699
1635250255770,-2.2773,-6.6133,4.6953,0.3816,0.2800,0.3826
1635250255795,-2.2070,-6.4414,4.5781,0.2200,0.3013,0.3835
1635250255800,-2.3047,-6.4492,4.5547,0.0168,0.3184,0.3687
1635250255805,-2.4941,-6.5430,4.5195,-0.1609,0.3342,0.3420
1635250255815,-2.6641,-6.5117,4.3867,-0.2959,0.3545,0.3154
1635250255820,-2.7695,-6.6719,4.3164,-0.3801,0.3652,0.2837
1635250255845,-2.7832,-6.9297,4.3086,-0.4568,0.3684,0.2612
1635250255850,-2.7520,-7.0977,4.2422,-0.5225,0.3865,0.2688
1635250255855,-2.8027,-7.1953,4.1328,-0.5151,0.4172,0.2837
1635250255868,-2.8750,-7.1719,4.0117,-0.4578,0.4397,0.2729
1635250255874,-2.9316,-7.0742,4.0234,-0.3887,0.4451,0.2347
1635250255885,-2.9531,-7.0859,4.0859,-0.3535,0.4397,0.1942
1635250255889,-2.8711,-7.1367,3.8398,-0.3333,0.4343,0.1836
1635250255914,-2.8418,-7.2539,3.4902,-0.3076,0.4365,0.1890
1635250255918,-2.8887,-7.1172,3.3242,-0.2949,0.4258,0.1741
1635250255921,-2.9219,-6.8945,3.1465,-0.2991,0.3906,0.1368
1635250255944,-2.9727,-7.0938,3.3398,-0.3374,0.3491,0.1049
1635250255948,-2.9980,-7.5391,3.7227,-0.4194,0.3152,0.1102
1635250255951,-2.9082,-7.6719,3.9785,-0.4907,0.2864,0.1378
1635250255975,-2.7695,-7.6523,4.0078,-0.4619,0.2778,0.1506
1635250255981,-2.6855,-7.6016,3.8281,-0.3770,0.3152,0.1432
1635250255986,-2.8027,-7.4648,3.8496,-0.2949,0.3555,0.1251
1635250255996,-2.9863,-7.3203,3.7324,-0.2396,0.3577,0.1038
1635250256002,-3.1133,-7.1719,3.7148,-0.2184,0.3406,0.0825
1635250256025,-3.2207,-7.0078,3.7813,-0.2588,0.3130,0.0453
1635250256029,-3.2207,-7.0234,3.5684,-0.3301,0.2874,0.0006
1635250256032,-3.0898,-7.3164,3.1719,-0.4036,0.2673,-0.0175
1635250256055,-2.9766,-7.6758,3.1934,-0.4983,0.2216,-0.0143
1635250256058,-2.9395,-7.7852,3.3125,-0.6045,0.1343,-0.0111
1635250256062,-2.9336,-7.8438,3.2871,-0.5981,0.0704,-0.0175
1635250256086,-2.9336,-8.1328,3.1973,-0.4983,0.0513,-0.0270
1635250256092,-2.9180,-8.6094,3.2734,-0.3770,0.0343,-0.0292
1635250256098,-2.8848,-8.8828,3.3672,-0.2725,-0.0040,-0.0100
1635250256106,-2.9414,-8.8750,3.3555,-0.1056,-0.0338,0.0155
1635250256112,-3.1348,-8.8438,3.3828,0.1401,-0.0349,0.0123
1635250256136,-3.4277,-8.7578,3.3730,0.3923,-0.0136,-0.0238
1635250256142,-3.6934,-8.5469,3.3223,0.6372,-0.0115,-0.0451
1635250256148,-3.7871,-8.3125,3.3984,0.8691,-0.0423,-0.0334
1635250256156,-3.7129,-8.0781,3.4141,1.0840,-0.0902,-0.0270
1635250256162,-3.5781,-7.7461,3.3359,1.2578,-0.1263,-0.0441
1635250256186,-3.5098,-7.4766,3.5117,1.3643,-0.1550,-0.0749
1635250256192,-3.5879,-7.3945,3.8672,1.4111,-0.1870,-0.1100
1635250256201,-3.6934,-7.3516,3.9844,1.4307,-0.2285,-0.1260
1635250256211,-3.7168,-7.3281,3.9941,1.4629,-0.2656,-0.1312
1635250256217,-3.7480,-7.2266,3.9629,1.4922,-0.2986,-0.1558
1635250256226,-3.8184,-6.8438,3.7676,1.5000,-0.3286,-0.2047
1635250256230,-3.9102,-6.3555,3.7559,1.4688,-0.3616,-0.2642
1635250256256,-4.0078,-5.9961,4.3594,1.3330,-0.4148,-0.3237
1635250256260,-4.0820,-5.8320,5.1797,1.0840,-0.4934,-0.3687
1635250256264,-3.9355,-5.8008,5.5859,0.8008,-0.5591,-0.3782
1635250256276,-3.6387,-5.9375,5.7422,0.5996,-0.5742,-0.3813
1635250256280,-3.3555,-6.2773,5.6563,0.5391,-0.5444,-0.4102
1635250256306,-3.2070,-6.7422,5.2461,0.6318,-0.5010,-0.4548
1635250256310,-3.0371,-6.9570,4.6875,0.7446,-0.4614,-0.4963
1635250256314,-2.8750,-6.7070,4.1172,0.7485,-0.4551,-0.5278
1635250256325,-2.7949,-6.4375,4.3164,0.6602,-0.5210,-0.5386
1635250256329,-2.7520,-6.4297,5.1367,0.4487,-0.6421,-0.5430
1635250256354,-2.5879,-6.4727,5.5469,0.1392,-0.7319,-0.5527
1635250256358,-2.3047,-6.8711,5.9297,-0.1428,-0.7520,-0.5591
1635250256359,-1.9199,-7.6328,6.1523,-0.3247,-0.7251,-0.5537
1635250256386,-1.5771,-8.3672,6.0000,-0.2927,-0.6680,-0.5005
1635250256388,-1.4316,-9.0469,5.8359,0.0264,-0.5825,-0.4282
1635250256389,-1.4980,-9.3203,5.6133,0.5913,-0.4785,-0.3953
1635250256420,-1.7402,-8.9297,5.5938,1.3076,-0.3870,-0.4048
1635250256426,-1.9727,-8.0000,5.8438,2.0332,-0.3550,-0.4377
1635250256431,-2.0605,-7.0117,6.1797,2.6406,-0.3679,-0.4834
1635250256438,-1.9746,-6.2773,6.6992,3.0879,-0.3784,-0.5269
1635250256447,-1.7930,-5.6602,7.0430,3.3398,-0.3743,-0.5527
1635250256458,-1.7021,-5.0586,7.1016,3.3535,-0.3625,-0.5791
1635250256464,-1.6035,-4.6367,7.3672,3.1289,-0.3828,-0.6323
1635250256478,-1.4531,-4.3477,7.7539,2.7324,-0.4189,-0.6665
1635250256486,-1.3477,-4.2422,8.1484,2.2871,-0.4402,-0.6694
1635250256504,-1.2441,-4.1602,8.4219,1.6611,-0.4104,-0.7886
1635250256514,-1.1055,-3.7754,8.6797,1.6611,-0.4104,-0.7886
1635250256523,-1.0508,-3.2734,8.9219,1.7344,-0.3359,-1.0488
1635250256532,-0.9766,-2.9805,9.2734,1.7842,-0.2922,-1.1514
1635250256541,-0.7681,-3.0352,9.1953,1.6904,-0.2571,-1.1904
1635250256548,-0.6104,-3.0586,9.2109,1.4443,-0.2125,-1.1836
1635250256559,-0.5288,-3.0879,9.3125,1.0801,-0.1742,-1.1953
1635250256565,-0.3589,-3.2578,9.2969,0.6489,-0.1498,-1.2588
1635250256578,-0.1532,-3.5762,9.2969,0.2189,-0.1190,-1.3359
1635250256585,0.0837,-3.9375,9.3125,-0.1385,-0.0881,-1.3896
1635250256598,0.3398,-4.3398,9.0938,-0.3748,-0.0530,-1.4229
1635250256605,0.5073,-4.7500,8.7344,-0.4949,-0.0157,-1.4434
1635250256618,0.5000,-5.0430,8.3516,-0.5586,0.0087,-1.4443
1635250256625,0.4834,-5.1953,7.9844,-0.6152,-0.0062,-1.4180
1635250256639,0.7944,-5.4531,7.7656,-0.6714,-0.0349,-1.3691
1635250256645,1.2354,-6.0664,7.9844,-0.7344,-0.0445,-1.3066
1635250256659,1.7021,-6.7539,8.3984,-0.7959,-0.0296,-1.2266
1635250256665,2.0605,-7.2734,8.5469,-0.7852,0.0024,-1.1221
1635250256679,2.1895,-7.4766,8.4922,-0.7183,0.0268,-1.0059
1635250256687,2.2031,-7.4063,8.2969,-0.6831,0.0502,-0.8950
1635250256699,2.1230,-7.0820,7.9766,-0.6821,0.0822,-0.7729
1635250256722,1.9746,-6.6523,7.7422,-0.7505,0.1013,-0.6377
1635250256736,1.7979,-6.4141,7.5547,-0.9229,0.1045,-0.5269
1635250256742,1.6563,-6.4727,7.4766,-1.1416,0.1141,-0.4324
1635250256749,1.5127,-6.7852,7.3906,-1.2803,0.1257,-0.3462
1635250256772,1.2969,-7.1445,7.3281,-1.2617,0.1311,-0.2739
1635250256779,1.1035,-7.3086,7.1914,-1.0840,0.1300,-0.2228
1635250256785,0.9980,-7.1406,7.0313,-0.7866,0.1119,-0.1866
1635250256791,0.9146,-6.8945,6.9805,-0.4800,0.0757,-0.1504
1635250256798,0.8906,-6.4805,7.0195,-0.2896,0.0332,-0.1089
1635250256805,0.8760,-6.1563,7.2539,-0.2152,-0.0125,-0.0568
1635250256811,0.7349,-6.1523,7.5781,-0.1981,-0.0391,-0.0026
1635250256818,0.4932,-6.3867,7.6563,-0.1949,-0.0402,0.0262
1635250256825,0.2369,-6.7539,7.5078,-0.1641,-0.0413,0.0325
1635250256832,0.0670,-6.9297,7.3672,-0.0864,-0.0508,0.0464
1635250256860,-0.0024,-6.8125,7.1367,0.0210,-0.0859,0.0719
1635250256867,0.0933,-6.4805,7.0781,0.0859,-0.1263,0.0847
1635250256874,0.3184,-6.1094,7.3711,0.0317,-0.1572,0.0879
1635250256881,0.5386,-5.8945,7.5781,-0.1248,-0.1689,0.1049
1635250256887,0.6128,-6.1406,7.4688,-0.3289,-0.1541,0.1187
1635250256899,0.5264,-6.6641,7.2813,-0.5449,-0.1232,0.1113
1635250256904,0.4236,-7.1680,7.1367,-0.6831,-0.1136,0.1155
1635250256929,0.3687,-7.4688,7.0195,-0.6597,-0.1232,0.1495
1635250256933,0.4092,-7.5391,7.0625,-0.4619,-0.1232,0.1793
1635250256938,0.4524,-7.2852,7.1875,-0.1790,-0.1232,0.1879
1635250256949,0.5239,-6.8477,7.3359,0.0636,-0.1252,0.1847
1635250256953,0.5864,-6.3242,7.3906,0.2008,-0.1125,0.1932
1635250256979,0.5435,-5.8906,7.3594,0.2317,-0.0923,0.2091
1635250256985,0.4453,-5.7695,7.2617,0.1625,-0.0849,0.2007
1635250256989,0.3926,-5.9219,7.1328,0.0061,-0.0764,0.1709
1635250257006,0.3328,-6.0508,7.1406,-0.1886,-0.0615,0.1592
1635250257011,0.3110,-6.0156,7.1094,-0.3279,-0.0646,0.1581
1635250257020,0.3950,-5.9844,7.1953,-0.3970,-0.0859,0.1432
1635250257025,0.4644,-6.0078,7.3281,-0.4397,-0.0998,0.1134
1635250257064,0.4788,-5.9648,7.3125,-0.4609,-0.0902,0.0921
1635250257082,0.3997,-6.0742,7.2148,-0.4407,-0.0764,0.0783
1635250257087,0.3088,-6.3125,7.0742,-0.4036,-0.0646,0.0549
1635250257092,0.2297,-6.3750,6.8867,-0.3662,-0.0583,0.0368
1635250257097,0.1364,-6.3008,6.8203,-0.2854,-0.0689,0.0315
1635250257115,0.0814,-6.3281,6.6953,-0.1630,-0.1061,0.0145
1635250257120,0.1627,-6.6211,6.6289,-0.0364,-0.1466,-0.0228
1635250257125,0.3613,-6.9297,6.8633,0.0615,-0.1700,-0.0515
1635250257130,0.5073,-6.8242,7.2031,0.1838,-0.1816,-0.0536
1635250257135,0.5674,-6.6523,7.4297,0.3733,-0.1775,-0.0579
1635250257140,0.5435,-6.5391,7.4570,0.5723,-0.1593,-0.0834
1635250257145,0.5386,-6.2813,7.5000,0.6978,-0.1476,-0.1005
1635250257169,0.5791,-6.0117,7.3477,0.7617,-0.1434,-0.0898
1635250257176,0.6006,-5.9336,7.1914,0.7593,-0.1295,-0.0674
1635250257180,0.7085,-5.8281,7.0859,0.6240,-0.1252,-0.0590
1635250257190,0.8379,-5.7969,7.1602,0.3816,-0.1285,-0.0696
1635250257225,0.8906,-5.8008,7.2148,0.1125,-0.1115,-0.0728
1635250257237,0.8545,-5.8242,7.4063,-0.1035,-0.0912,-0.0792
1635250257241,0.8091,-5.9805,7.7422,-0.2460,-0.0902,-0.1047
1635250257248,0.8091,-6.2422,8.0625,-0.3022,-0.0689,-0.1175
1635250257255,0.9287,-6.5234,8.3125,-0.2290,-0.0317,-0.0919
1635250257262,1.0742,-6.7383,8.3594,-0.0534,0.0077,-0.0558
1635250257265,1.1055,-6.8828,7.9336,0.2231,0.0460,-0.0323
1635250257270,1.0557,-7.0430,7.5625,0.6284,0.0970,-0.0111
1635250257280,0.9048,-6.9375,7.4336,1.0645,0.1172,0.0091
1635250257284,0.8569,-6.6641,7.4492,1.4922,0.0928,0.0315
1635250257310,1.0459,-6.5742,7.5820,1.8037,0.0524,0.0623
1635250257314,1.3379,-6.5234,7.8750,1.8320,0.0215,0.1070
1635250257318,1.5967,-6.2305,8.1641,1.4678,0.0736,0.2549
1635250257330,1.2207,-5.1953,8.3359,1.3750,0.1088,0.2805
1635250257334,1.2207,-5.1953,8.3359,1.2412,0.1098,0.2474
1635250257360,0.7085,-5.1250,8.2188,1.0234,0.1055,0.2314
1635250257364,0.3806,-5.0938,8.2891,0.7871,0.1151,0.2771
1635250257369,0.1340,-4.7813,8.2266,0.6084,0.0992,0.3123
1635250257379,0.0311,-4.4961,8.2031,0.4316,0.0555,0.2634
1635250257384,0.0144,-4.4219,8.0781,0.2306,0.0332,0.1942
1635250257410,-0.0981,-4.3789,8.0703,0.0625,0.0279,0.1719
1635250257427,-0.2058,-4.3945,8.1172,0.0115,-0.0030,0.1624
1635250257436,-0.1388,-4.7305,8.1875,0.0764,-0.0487,0.1261
1635250257441,0.0311,-5.3438,8.4063,0.1550,-0.0775,0.0804
1635250257455,0.2058,-5.8750,8.6016,0.2104,-0.0700,0.0772
1635250257460,0.3159,-5.9922,8.7656,0.3201,-0.0391,0.1208
1635250257466,0.3733,-5.6953,8.8516,0.4998,-0.0072,0.1421
1635250257471,0.3806,-5.1602,8.9844,0.7031,0.0162,0.1144
1635250257481,0.3494,-4.7305,9.3594,0.8613,0.0534,0.0847
1635250257487,0.3662,-4.6680,9.9297,0.9434,0.1151,0.0709
1635250257514,0.5576,-4.9531,10.5156,1.0127,0.2162,0.0836
1635250257515,0.8926,-5.1484,10.4844,1.1660,0.3630,0.1294
1635250257521,1.0693,-4.7852,9.5938,1.3857,0.4907,0.1676
1635250257531,0.8950,-4.1992,8.0391,1.6475,0.5430,0.1475
1635250257536,0.4429,-3.9395,6.8789,1.8799,0.5132,0.0921
1635250257561,-0.0191,-4.0742,6.4961,2.0098,0.4365,0.0623
1635250257566,-0.3350,-4.2656,6.5938,2.0293,0.3301,0.0911
1635250257570,-0.3518,-4.2383,7.3594,2.0332,0.2141,0.1357
1635250257581,-0.2083,-3.8926,8.4141,2.0195,0.1077,0.1378
1635250257591,-0.0694,-3.2207,9.1484,1.9404,0.0470,0.0985
1635250257601,0.1005,-2.6797,9.5938,1.7412,0.0353,0.0793
1635250257606,0.1580,-2.4707,9.4766,1.4287,0.0811,0.0804
1635250257631,-0.0407,-2.4492,8.9453,1.1533,0.1512,0.1006
1635250257640,-0.2776,-2.4355,8.7813,0.9937,0.1460,0.0751
1635250257645,-0.3135,-2.6543,8.7734,0.8892,0.0960,0.0198
1635250257651,-0.3469,-2.9336,9.0547,0.8628,0.0736,0.0219
1635250257656,-0.4714,-2.8809,9.0391,0.8945,0.0428,0.0379
1635250257681,-0.5122,-2.6191,9.1563,0.8765,-0.0232,0.0219
1635250257686,-0.3184,-2.2383,9.3828,0.7158,-0.0849,-0.0143
1635250257692,-0.2155,-1.9844,9.1797,0.4478,-0.1061,-0.0100
1635250257701,-0.2632,-1.9551,8.8672,0.1934,-0.1168,0.0155
1635250257714,-0.3782,-2.0781,8.6016,-0.0109,-0.1327,0.0017
1635250257724,-0.4858,-2.1016,8.2891,-0.1503,-0.1530,-0.0441
1635250257729,-0.5171,-2.0586,7.9883,-0.1715,-0.1913,-0.0770
1635250257742,-0.3806,-2.4512,8.2188,-0.0704,-0.2306,-0.0941
1635250257754,-0.2322,-2.9590,8.8281,0.0413,-0.2539,-0.1089
1635250257762,-0.0431,-3.0977,9.3125,0.1168,-0.2754,-0.1111
1635250257766,0.0503,-3.0117,9.5156,0.2222,-0.2954,-0.1015
1635250257792,0.1101,-2.9512,9.5000,0.3467,-0.3125,-0.0994
1635250257796,0.2561,-2.7266,9.5938,0.4167,-0.3083,-0.1132
1635250257801,0.4644,-2.5703,9.6406,0.4497,-0.2656,-0.1302
1635250257812,0.7012,-2.6094,9.5547,0.4446,-0.2328,-0.1228
1635250257816,0.7085,-2.5703,9.4609,0.3657,-0.2073,-0.0994
1635250257842,0.4714,-2.3770,9.4297,0.2668,-0.1753,-0.0770
1635250257846,0.3088,-2.2109,9.4375,0.2231,-0.1519,-0.0568
1635250257851,0.3135,-2.1602,9.2344,0.2583,-0.1412,-0.0579
1635250257862,0.2896,-2.2109,9.1172,0.3625,-0.1434,-0.0568
1635250257870,0.2178,-2.0430,9.1250,0.4731,-0.1732,-0.0419
1635250257882,0.2274,-1.7998,9.1563,0.5659,-0.2041,-0.0483
1635250257887,0.2705,-1.6992,9.1875,0.6084,-0.2179,-0.0717
1635250257912,0.2991,-1.6709,9.3203,0.5488,-0.2391,-0.0792
1635250257917,0.3687,-1.5605,9.4922,0.4275,-0.2561,-0.0739
1635250257936,0.3950,-1.1367,9.5000,0.2732,-0.2656,-0.0898
1635250257941,0.3447,-0.7134,9.4766,0.0764,-0.2773,-0.1345
1635250257946,0.2871,-1.0391,9.3516,-0.1215,-0.2646,-0.1600
1635250257952,0.3374,-1.9102,9.5234,-0.2693,-0.2306,-0.1377
1635250257966,0.3972,-2.5625,9.5078,-0.2607,-0.2147,-0.1228
1635250257979,0.5000,-2.6934,9.5469,-0.0460,-0.2371,-0.1440
1635250257984,0.5815,-2.4199,9.6328,0.2445,-0.2764,-0.1643
1635250257992,0.6582,-1.9150,9.9219,0.4509,-0.2998,-0.1738
1635250257998,0.6724,-1.2568,10.1406,0.4563,-0.2998,-0.1973
1635250258023,0.6177,-0.8281,9.8281,0.2583,-0.2817,-0.2260
1635250258028,0.5288,-0.9023,9.5000,-0.0790,-0.2678,-0.2164
1635250258033,0.5386,-1.2969,9.3281,-0.4866,-0.2593,-0.1876
1635250258042,0.6870,-1.6875,9.4922,-0.7959,-0.2445,-0.1898
1635250258049,0.8403,-2.1074,9.6328,-0.8950,-0.2391,-0.2153
1635250258073,1.0508,-2.6152,9.9219,-0.8057,-0.2371,-0.2345
1635250258078,1.1514,-2.6875,10.2891,-0.7129,-0.2264,-0.2590
1635250258083,1.1387,-2.0313,10.0469,-0.6748,-0.2242,-0.3015
1635250258096,1.2041,-1.6777,9.9844,-0.7686,-0.1965,-0.2898
1635250258097,1.0869,-2.0703,10.0391,-1.0352,-0.1147,-0.2260
1635250258131,1.0361,-2.7676,10.1641,-1.2217,-0.0125,-0.1844
1635250258135,1.2227,-3.2598,10.3750,-1.0957,0.0502,-0.1984
1635250258140,1.5195,-3.5898,10.9375,-0.7310,0.0555,-0.2345
1635250258146,1.4072,-3.0684,10.9063,-0.5361,0.0598,-0.2164
1635250258150,1.1582,-1.9990,10.3281,-0.7417,0.0694,-0.1760
1635250258163,0.9048,-1.3311,9.6797,-1.2002,0.0651,-0.1887
1635250258191,0.4475,-1.3643,9.2969,-1.8174,0.0502,-0.2196
1635250258205,-0.3567,-2.5371,8.1016,-2.6543,-0.0445,-0.3069
1635250258210,-0.3567,-2.5371,8.1016,-2.2793,-0.1157,-0.3589
1635250258217,0.3303,-4.3906,8.2422,-1.5508,-0.1710,-0.4185
1635250258222,1.3906,-3.2422,9.0313,-1.0234,-0.1913,-0.5078
1635250258227,2.5938,-3.0898,11.8750,-0.9653,-0.0859,-0.5576
1635250258233,2.8359,-3.6543,11.7813,-1.5518,0.0992,-0.4580
1635250258239,2.3984,-3.4043,9.9766,-2.3008,0.2661,-0.3503
1635250258264,1.4268,-3.5527,9.1719,-2.6289,0.3535,-0.3547
1635250258268,0.7490,-3.4629,8.6563,-2.7383,0.3621,-0.3972
1635250258272,0.6221,-4.3398,7.0742,-2.4512,0.3374,-0.3867
1635250258283,0.9741,-5.2656,7.1836,-1.9063,0.2822,-0.3801
1635250258288,1.3330,-4.7969,8.3828,-1.5049,0.2588,-0.4963
1635250258314,1.5889,-4.0156,8.3203,-1.3584,0.2715,-0.5781
1635250258318,1.6709,-3.7930,7.8281,-1.5156,0.2854,-0.5356
1635250258330,1.7139,-4.5117,7.7656,-1.8057,0.3184,-0.5410
1635250258336,1.7354,-5.7500,7.4141,-1.9990,0.3450,-0.5537
1635250258340,1.5146,-6.0156,7.0391,-2.0098,0.3586,-0.4856
1635250258354,1.4385,-5.8750,6.9258,-1.8896,0.3503,-0.4631
1635250258358,1.5703,-6.3438,6.7070,-1.7773,0.3354,-0.4717
1635250258384,1.5703,-6.5547,6.6641,-1.7031,0.3108,-0.4346
1635250258388,1.5605,-6.5469,6.2695,-1.5996,0.2715,-0.4133
1635250258393,1.5439,-6.6172,6.2813,-1.5195,0.2184,-0.3931
1635250258404,1.5605,-6.8164,6.4453,-1.5371,0.1609,-0.3472
1635250258408,1.5098,-6.8594,6.3086,-1.5684,0.1354,-0.3047
1635250258434,1.3711,-7.2148,6.1641,-1.4229,0.1119,-0.2939
1635250258440,1.2305,-7.4961,5.9492,-1.1885,0.0864,-0.2791
1635250258445,1.3447,-7.4375,6.1875,-1.0439,0.0790,-0.2430
1635250258454,1.5410,-7.2148,6.5664,-1.0928,0.0949,-0.2111
1635250258458,1.6660,-6.7695,6.5977,-1.3730,0.1109,-0.1738
1635250258484,1.4648,-6.8750,5.8359,-1.6514,0.1151,-0.1387
1635250258490,1.1484,-7.6484,5.4180,-1.7217,0.1024,-0.1238
1635250258504,1.0000,-8.2344,5.5039,-1.5576,0.0822,-0.1058
1635250258512,1.0508,-7.9141,5.2500,-1.2939,0.0609,-0.0728
1635250258517,1.1484,-7.7461,5.0117,-1.0674,0.0290,-0.0717
1635250258525,1.1172,-7.9648,4.8945,-0.9399,-0.0168,-0.0696
1635250258530,1.1035,-8.4609,4.7891,-0.7280,-0.0615,-0.0536
1635250258554,1.1270,-8.6328,5.0664,-0.4673,-0.1168,-0.0334
1635250258559,1.2637,-7.6992,5.4414,-0.3586,-0.1658,-0.0121
1635250258571,1.4766,-7.6250,5.8320,-0.3459,-0.1667,-0.0089
1635250258577,1.4912,-8.3906,5.7305,-0.3418,-0.1327,0.0113
1635250258581,1.2656,-8.6797,5.6328,-0.2056,-0.1061,0.0496
1635250258594,1.1729,-8.4766,5.5898,0.0657,-0.0912,0.0655
1635250258600,1.2803,-8.0234,5.7500,0.2646,-0.0668,0.0729
1635250258625,1.4648,-7.5469,5.9570,0.3999,-0.0487,0.0932
1635250258629,1.4072,-7.1680,6.0039,0.4497,-0.0370,0.0974
1635250258640,1.1348,-6.8086,6.2070,0.2434,-0.0594,0.0729
1635250258646,1.0576,-6.6328,6.2148,-0.1268,-0.0912,0.0559
1635250258651,1.1250,-6.8828,5.9883,-0.3757,-0.0710,0.0421
1635250258675,1.2490,-7.0977,5.8555,-0.4163,-0.0487,0.0038
1635250258680,1.3232,-7.3516,5.5586,-0.2620,-0.0242,-0.0281
1635250258685,1.2656,-7.5820,5.4258,-0.0577,0.0034,-0.0472
1635250258695,1.3447,-7.5703,5.7109,0.0785,0.0141,-0.0696
1635250258715,1.6943,-7.4414,5.8672,0.1200,0.0311,-0.0856
1635250258723,1.9102,-7.6094,5.7734,0.1115,0.0470,-0.0664
1635250258728,1.6133,-7.7930,5.6016,0.1412,0.0290,-0.0270
1635250258735,1.3213,-7.8672,5.4023,0.2231,-0.0317,0.0028
1635250258741,1.1748,-7.7305,5.3828,0.1370,-0.0742,0.0368
1635250258765,1.3164,-7.8164,5.9180,-0.0907,-0.0828,0.0815
1635250258770,1.5176,-7.8828,5.9141,-0.1449,-0.0646,0.1187
1635250258781,1.5225,-8.0547,5.7188,0.0391,-0.0455,0.1166
1635250258787,1.2803,-8.1953,5.8438,0.2040,-0.0232,0.1251
1635250258792,1.2129,-7.8711,6.0547,0.2571,-0.0008,0.1581
1635250258805,1.5361,-7.8125,6.3555,0.3062,0.0109,0.1804
1635250258810,1.9248,-8.2578,6.7148,0.3296,0.0385,0.2081
1635250258835,2.0508,-8.7891,6.9258,0.3508,0.1035,0.2559
1635250258840,1.8721,-9.0859,6.8438,0.4753,0.1683,0.3284
1635250258844,1.5752,-9.1250,6.7695,0.6563,0.2056,0.4070
1635250258856,1.3262,-8.9453,6.5430,0.8496,0.2300,0.4783
1635250258860,1.1318,-8.7578,6.5313,1.0410,0.2343,0.5376
1635250258885,0.9048,-8.6328,6.2266,1.2744,0.2225,0.5728
1635250258890,0.7158,-8.3594,5.8047,1.5918,0.1683,0.5962
1635250258894,0.6460,-8.1250,5.8438,1.9570,0.0736,0.6069
1635250258918,0.7422,-7.8047,5.9648,2.2637,0.0002,0.6167
1635250258923,0.9717,-7.3906,6.5469,2.4004,-0.0434,0.6196
1635250258929,1.1514,-7.0859,7.1211,2.3984,-0.0413,0.6338
1635250258933,1.0430,-6.9023,7.5547,2.3633,0.0162,0.6719
1635250258946,0.7275,-6.6094,7.8164,2.3887,0.0811,0.7007
1635250258950,0.4644,-6.1953,8.1328,2.4219,0.1215,0.6997
1635250258976,0.2681,-5.7813,7.9648,2.3887,0.1577,0.6963
1635250258980,0.2537,-5.4023,7.8047,2.2715,0.1790,0.7007
1635250258985,0.3638,-5.2266,8.2188,2.0977,0.1853,0.6997
1635250258998,0.3901,-5.2773,8.2188,1.9355,0.2056,0.6943
1635250259010,0.4644,-5.3906,7.8008,1.8770,0.2471,0.6772
1635250259016,0.5674,-5.3281,7.7734,1.8916,0.2756,0.6338
1635250259023,0.6128,-5.0508,7.7539,1.9629,0.2705,0.5698
1635250259036,0.4954,-4.5820,7.5508,2.0801,0.2524,0.5259
1635250259041,0.3926,-4.0430,7.4961,2.1211,0.2087,0.4912
1635250259066,0.3711,-3.3242,7.4961,1.8574,0.1503,0.4016
1635250259071,0.3782,-2.8633,7.7617,1.8574,0.1503,0.4016
1635250259075,0.3638,-3.0996,8.6328,1.3867,0.1864,0.3655
1635250259086,0.5195,-3.1953,8.8516,1.1230,0.2076,0.3750
1635250259090,0.5073,-3.2168,8.6094,0.9648,0.2588,0.3867
1635250259116,0.3542,-3.2246,8.3984,0.9595,0.2864,0.3857
1635250259121,0.0574,-3.2988,8.0859,1.0498,0.2673,0.3699
1635250259125,-0.1508,-3.7051,8.0703,1.1211,0.2162,0.3442
1635250259136,-0.2656,-3.9395,8.1328,1.1270,0.1769,0.3379
1635250259140,-0.4524,-3.7480,8.1953,1.1104,0.1577,0.3667
1635250259166,-0.7134,-3.2598,8.1250,1.0820,0.1077,0.3857
1635250259171,-0.8950,-2.4570,8.0234,0.9927,0.0151,0.3484
1635250259175,-0.7803,-1.9033,8.3594,0.8901,-0.0476,0.2837
1635250259186,-0.5215,-2.0938,8.7734,0.7881,-0.0391,0.2347
1635250259195,-0.2656,-2.6426,8.9531,0.6680,-0.0210,0.1996
1635250259208,-0.0837,-3.1523,9.1406,0.6040,-0.0019,0.1836
1635250259219,-0.1460,-3.3086,9.2891,0.6240,0.0247,0.1804
1635250259226,-0.2537,-3.0586,9.3750,0.7085,0.0236,0.1676
1635250259233,-0.2871,-2.5684,9.3359,0.8135,-0.0093,0.1464
1635250259260,-0.3542,-2.1445,9.1563,0.8682,-0.0242,0.1113
1635250259262,-0.4763,-1.8115,9.4453,0.9136,-0.0147,0.0762
1635250259263,-0.7158,-1.3926,9.5078,0.9116,-0.0147,0.0272
1635250259286,-0.9165,-1.0674,8.8750,0.8530,-0.0413,-0.0472
1635250259291,-0.8545,-1.3232,8.5234,0.7339,-0.0732,-0.0728
1635250259295,-0.8306,-1.8789,8.4688,0.5166,-0.0806,-0.0483
1635250259306,-0.8232,-2.4453,8.5000,0.2817,-0.0870,-0.0175
1635250259311,-0.7729,-2.9902,8.6641,0.1667,-0.1168,-0.0079
1635250259336,-0.7300,-3.1738,8.8359,0.2222,-0.1498,-0.0281
1635250259341,-0.8809,-2.6621,9.2344,0.4478,-0.1796,-0.0685
1635250259348,-0.9072,-1.8643,9.5391,0.7871,-0.2115,-0.1377
1635250259356,-0.6416,-1.4053,9.6641,1.0801,-0.2371,-0.2036
1635250259361,-0.4116,-1.3760,9.3594,1.1260,-0.2423,-0.2408
1635250259386,-0.3423,-1.6201,8.9844,0.8682,-0.2328,-0.2122
1635250259391,-0.4834,-1.7852,8.6484,0.4072,-0.2211,-0.1281
1635250259396,-0.4932,-1.7930,8.6953,-0.0353,-0.2328,-0.0845
1635250259407,-0.2751,-1.9795,8.8203,-0.3035,-0.2488,-0.1164
1635250259411,-0.0263,-2.7715,9.1172,-0.2842,-0.2380,-0.1429
1635250259437,0.1053,-3.7813,9.6016,0.0210,-0.2306,-0.1089
1635250259441,0.0263,-4.0430,9.7031,0.5293,-0.2317,-0.0781
1635250259446,-0.0479,-3.3613,9.6719,1.1396,-0.2656,-0.1005
1635250259457,0.0024,-2.3926,9.3828,1.6074,-0.3169,-0.1420
1635250259461,0.0479,-1.2373,9.1016,1.6953,-0.3350,-0.1526
1635250259487,-0.0048,0.2035,8.7500,1.4004,-0.3445,-0.1451
1635250259493,-0.0646,1.0146,9.0703,0.8872,-0.3540,-0.1898
1635250259505,0.1340,0.7993,9.5625,0.2296,-0.3445,-0.2556
1635250259514,0.4429,-0.1340,9.6875,-0.4429,-0.3008,-0.2175
1635250259518,0.3230,-1.1084,9.9297,-0.8237,-0.2520,-0.1302
1635250259528,0.1268,-1.8740,10.2031,-0.8579,-0.2498,-0.1377
1635250259533,0.1963,-2.2480,10.5234,-0.7002,-0.2786,-0.1749
1635250259557,0.3328,-1.8594,10.4375,-0.5801,-0.2764,-0.2185
1635250259562,0.4500,-1.6299,10.3516,-0.4736,-0.2380,-0.2632
1635250259566,0.5386,-1.9219,9.6563,-0.5054,-0.2104,-0.2983
1635250259577,0.5674,-2.5723,8.8516,-0.4812,-0.2019,-0.2866
1635250259582,0.2394,-2.5391,8.5313,-0.3555,-0.2190,-0.2250
1635250259607,0.0718,-2.2598,8.3594,-0.1417,-0.2954,-0.2524
1635250259612,0.1436,-2.1172,9.1719,0.0029,-0.3796,-0.2983
1635250259616,0.2178,-1.5840,10.2500,-0.0704,-0.4285,-0.3057
1635250259627,0.4739,-1.5889,11.1406,-0.1896,-0.4509,-0.2856
1635250259632,0.9888,-2.1035,11.8125,-0.2854,-0.4019,-0.2610
1635250259657,1.2324,-1.9512,11.4766,-0.4099,-0.2678,-0.2302
1635250259662,1.1875,-1.9844,11.1094,-0.4514,-0.2030,-0.2111
1635250259676,0.8594,-1.5361,9.9453,-0.6885,-0.1583,-0.2291
1635250259681,0.8042,-0.8569,10.0703,-1.0811,-0.0370,-0.3164
1635250259686,0.5718,-0.2920,11.7031,-1.5674,0.0555,-0.4111
1635250259714,0.3711,0.6680,11.2578,-2.3574,0.0726,-0.4568
1635250259719,0.3901,-0.0383,10.3594,-3.0684,0.1311,-0.4504
1635250259727,0.2991,-1.9053,10.0781,-3.4551,0.2056,-0.4504
1635250259731,0.2632,-3.2949,9.5469,-3.4355,0.2268,-0.5088
1635250259738,0.2250,-3.9395,9.1250,-3.0879,0.2130,-0.5610
1635250259743,0.1627,-3.5918,8.8438,-2.7422,0.1672,-0.5898
1635250259767,0.2991,-2.5508,8.1094,-2.5840,0.0630,-0.6206
1635250259772,0.6870,-2.6191,7.6992,-2.5996,-0.0221,-0.6406
1635250259777,1.0791,-3.8828,7.1367,-2.8027,-0.0349,-0.6504
1635250259795,1.2803,-5.1836,6.5430,-2.8281,-0.0604,-0.6431
1635250259800,1.4932,-6.0430,6.5195,-2.6270,-0.1179,-0.6494
1635250259808,1.5508,-6.4102,7.0430,-2.4785,-0.1615,-0.6440
1635250259813,1.6807,-5.8320,7.8906,-2.4922,-0.2062,-0.6016
1635250259838,1.9053,-4.5938,7.8789,-2.4395,-0.1807,-0.5566
1635250259842,2.0957,-3.9082,8.0391,-2.1387,-0.0466,-0.5708
1635250259847,2.2656,-5.8398,7.1484,-1.8809,0.0141,-0.5771
1635250259858,2.3066,-6.9609,7.1797,-2.0195,0.0321,-0.4387
1635250259862,1.9248,-6.9727,6.8555,-1.9990,0.0598,-0.3440
1635250259888,1.6465,-7.3125,7.0625,-1.6729,0.0300,-0.3069
1635250259892,1.5840,-6.1953,7.5430,-1.5391,0.0045,-0.2673
1635250259897,1.5654,-5.6953,7.4219,-1.5244,0.0119,-0.2622
1635250259908,1.5674,-6.5117,7.1523,-1.5371,0.0311,-0.2556
1635250259912,1.4814,-7.0742,6.9570,-1.4277,0.0662,-0.2313
1635250259938,1.4170,-7.5117,6.7070,-1.0820,0.0832,-0.2164
1635250259954,1.4170,-7.2461,6.8125,-0.9268,0.0949,-0.2133
1635250259971,1.3398,-6.5234,6.7031,-0.9932,0.1109,-0.2133
1635250259976,1.2705,-6.6641,6.6914,-1.1084,0.1119,-0.2142
1635250259981,1.2129,-7.0039,6.6484,-1.2988,0.1268,-0.2036
1635250259986,1.2520,-7.1484,6.5781,-1.3926,0.1406,-0.1876
1635250260058,1.3184,-7.1602,6.6523,-1.3398,0.1492,-0.1919
1635250260064,1.3115,-6.6211,6.5469,-1.3818,0.1726,-0.1973
1635250260077,1.3213,-6.2813,6.4922,-1.5039,0.1747,-0.2291
1635250260086,1.4053,-7.6602,5.0469,-1.4707,0.1481,-0.2483
1635250260090,1.3496,-8.5547,4.8906,-1.2881,0.0822,-0.2473
1635250260095,1.4287,-8.5938,5.4531,-1.0898,0.0566,-0.2207
1635250260101,1.5654,-7.8789,5.5703,-1.0117,0.0620,-0.1824
1635250260106,1.5938,-7.8164,5.2500,-1.0098,0.0449,-0.1409
1635250260110,1.4355,-8.6563,5.1641,-1.0186,0.0396,-0.1089
1635250260115,1.2490,-9.0000,4.9023,-0.9502,0.0396,-0.0441
1635250260119,1.1387,-9.0313,4.8281,-0.6289,0.0141,0.0240
1635250260124,1.1152,-8.6641,4.6719,-0.2385,-0.0264,0.0549
1635250260136,1.0674,-8.2734,4.6953,0.1252,-0.0679,0.0581
1635250260141,1.2520,-8.2188,5.1914,0.3679,-0.1051,0.0538
1635250260145,1.4600,-8.1641,5.4648,0.4775,-0.1083,0.0687
1635250260150,1.5703,-7.9453,5.4453,0.5488,-0.0987,0.0911
1635250260154,1.5625,-7.8594,5.4023,0.5771,-0.0934,0.1038
1635250260159,1.4287,-7.7930,5.1523,0.4763,-0.1008,0.1208
1635250260165,1.3428,-7.6992,5.4766,0.3369,-0.1136,0.1432
1635250260189,1.3428,-7.5898,5.6719,0.2253,-0.1200,0.1335
1635250260199,1.2637,-7.3828,5.5664,0.1263,-0.0987,0.1091
1635250260222,1.1318,-7.3516,5.5938,0.0785,-0.0775,0.0985
1635250260230,1.1680,-7.5547,5.8750,0.1093,-0.0636,0.0858
1635250260236,1.3525,-7.6094,5.8867,0.0977,-0.0253,0.0719
1635250260240,1.4814,-7.6484,5.6016,0.0828,0.0077,0.0868
1635250260246,1.4717,-7.7344,5.5391,0.1541,-0.0093,0.1219
1635250260251,1.2852,-7.7305,5.5273,0.2455,-0.0594,0.1484
1635250260260,1.0459,-7.6133,5.5508,0.1381,-0.1210,0.1484
1635250260265,1.1152,-7.1758,5.6836,-0.1300,-0.1593,0.1357
1635250260290,1.3398,-7.0039,5.5742,-0.2502,-0.1401,0.1028
1635250260295,1.3545,-7.3477,5.3750,-0.1864,-0.1072,0.0517
1635250260299,1.2061,-7.7617,5.6914,-0.1215,-0.0859,0.0421
1635250260309,1.1484,-7.5195,5.6992,-0.0258,-0.0551,0.0623
