1635250503791,-1.9297,-1.2832,9.5703,-0.0822,-0.0583,0.0049
1635250503792,-1.7813,-0.9551,9.7344,0.0168,-0.0859,-0.0760
1635250503793,-1.6680,-1.0244,9.8828,0.0817,-0.1232,-0.1792
1635250503794,-1.5391,-1.1992,9.8516,0.0977,-0.1455,-0.1312
1635250503796,-1.6660,-1.1172,9.7188,0.0636,-0.1509,-0.0196
1635250503798,-1.8428,-0.7900,9.8438,0.0327,-0.1252,0.0049
1635250503799,-1.5098,-0.5288,9.9531,-0.0098,-0.0615,-0.0238
1635250503800,-1.4053,-0.7061,9.9922,-0.0439,-0.0157,-0.0111
1635250503802,-1.7256,-0.8403,10.0313,-0.0237,-0.0093,-0.0068
1635250503803,-1.7734,-0.7876,9.9766,0.0317,-0.0030,-0.0345
1635250503804,-1.6514,-0.7085,9.9688,0.0625,0.0141,-0.0526
1635250503806,-1.6016,-0.7754,9.9609,0.0402,0.0343,-0.0643
1635250503807,-1.6660,-0.9238,9.9375,-0.0130,0.0587,-0.0706
1635250503811,-1.7471,-1.0264,9.8516,-0.0620,0.0822,-0.0770
1635250503812,-1.7900,-0.9814,9.7656,-0.0875,0.0960,-0.0856
1635250503814,-1.8770,-0.8594,9.6719,-0.1024,0.1077,-0.0887
1635250503819,-1.9531,-0.8618,9.6406,-0.1226,0.1226,-0.0898
1635250503820,-2.0215,-0.9932,9.5547,-0.1396,0.1343,-0.0845
1635250503821,-2.1445,-1.1172,9.4609,-0.1257,0.1343,-0.0856
1635250503935,-2.1797,-1.1826,9.3906,-0.0768,0.1247,-0.0930
1635250503936,-2.1055,-1.2109,9.4531,-0.0119,0.1098,-0.0941
1635250503937,-2.0117,-1.2686,9.5313,0.0327,0.0960,-0.0866
1635250503938,-1.9600,-1.3135,9.5859,0.0391,0.0906,-0.0781
1635250503939,-1.9053,-1.2871,9.6328,0.0253,0.0896,-0.0728
1635250503940,-1.8145,-1.2305,9.6875,-0.0088,0.0949,-0.0749
1635250503941,-1.6992,-1.2520,9.7656,-0.0481,0.1002,-0.0813
1635250503941,-1.6563,-1.4053,9.7500,-0.0779,0.1088,-0.0792
1635250503942,-1.7109,-1.4648,9.5938,-0.0609,0.1088,-0.0845
1635250503943,-1.7686,-1.3975,9.4609,0.0136,0.0917,-0.0972
1635250503944,-1.8027,-1.2373,9.3125,0.0678,0.0726,-0.1005
1635250503945,-1.8262,-1.1152,9.3359,0.0753,0.0640,-0.1047
1635250504068,-1.8457,-1.1436,9.4063,0.0210,0.0630,-0.1058
1635250504072,-1.8574,-1.2969,9.5469,-0.0683,0.0704,-0.0941
1635250504078,-1.9199,-1.4531,9.6719,-0.1322,0.0768,-0.0781
1635250504079,-2.0273,-1.4932,9.7344,-0.1279,0.0757,-0.0664
1635250504081,-2.1543,-1.4648,9.6484,-0.0598,0.0747,-0.0515
1635250504083,-2.2949,-1.4189,9.4922,0.0327,0.0694,-0.0387
1635250504084,-2.4648,-1.2949,9.2969,0.0955,0.0534,-0.0249
1635250504085,-2.6309,-1.0264,9.1250,0.0955,0.0375,-0.0238
1635250504086,-2.5449,-0.9121,9.1094,0.0423,0.0311,-0.0356
1635250504087,-2.3164,-1.1650,9.2734,-0.0524,0.0353,-0.0398
1635250504088,-2.1738,-1.5293,9.4531,-0.1141,0.0375,-0.0345
1635250504090,-2.0645,-1.6104,9.6172,-0.0939,0.0311,-0.0302
1635250504091,-1.9863,-1.4385,9.6797,-0.0279,0.0268,-0.0228
1635250504092,-1.9219,-1.2920,9.6563,0.0274,0.0311,-0.0079
1635250504094,-1.9297,-1.2129,9.6563,0.0391,0.0385,0.0123
1635250504123,-1.9746,-1.1563,9.6406,0.0168,0.0492,0.0347
1635250504125,-2.0293,-1.1777,9.6484,-0.0162,0.0587,0.0506
1635250504127,-2.0293,-1.2012,9.7031,-0.0417,0.0683,0.0591
1635250504151,-2.0391,-1.2109,9.7578,-0.0566,0.0768,0.0751
1635250504156,-1.9961,-1.2061,9.7422,-0.0556,0.0779,0.0815
1635250504159,-1.9268,-1.1484,9.7188,-0.0566,0.0822,0.0858
1635250504175,-1.8955,-1.1104,9.6875,-0.0471,0.0939,0.0815
1635250504177,-1.8809,-1.1367,9.6016,-0.0290,0.0992,0.0676
1635250504195,-1.8770,-1.1563,9.5547,-0.0258,0.1002,0.0602
1635250504196,-1.9316,-1.0771,9.5156,-0.0534,0.1013,0.0517
1635250504213,-2.0000,-1.0000,9.4609,-0.0928,0.1024,0.0421
1635250504216,-2.0117,-1.0215,9.4453,-0.1311,0.1024,0.0272
1635250504217,-1.9912,-1.0605,9.4922,-0.1694,0.0981,0.0187
1635250504247,-1.9697,-1.0889,9.4766,-0.2056,0.1002,0.0102
1635250504248,-1.9316,-1.1611,9.5313,-0.2067,0.1055,-0.0111
1635250504249,-1.8955,-1.2178,9.6563,-0.1715,0.1035,-0.0238
1635250504276,-1.8408,-1.1846,9.6719,-0.1417,0.1024,-0.0270
1635250504277,-1.8311,-1.0195,9.5938,-0.1417,0.0981,-0.0313
1635250504278,-1.8691,-0.9023,9.5156,-0.1896,0.0981,-0.0483
1635250504303,-1.8789,-0.8496,9.3672,-0.2939,0.1077,-0.0685
1635250504305,-1.8672,-0.7920,9.2344,-0.4109,0.1098,-0.0930
1635250504310,-1.7979,-0.9146,9.2344,-0.5332,0.1077,-0.1164
1635250504333,-1.7666,-1.2539,9.2734,-0.6460,0.1066,-0.1185
1635250504335,-1.7188,-1.5723,9.3984,-0.6440,0.1035,-0.1526
1635250504337,-1.6660,-1.6660,9.6172,-0.5332,0.0960,-0.1962
1635250504365,-1.7158,-1.5771,9.5547,-0.4333,0.0832,-0.2058
1635250504366,-1.7686,-1.3281,9.4375,-0.4153,0.0757,-0.2015
1635250504372,-1.8643,-1.0840,9.3281,-0.4780,0.0779,-0.2207
1635250504393,-2.0039,-1.4004,9.3359,-0.6450,0.0864,-0.1770
1635250504395,-2.2012,-2.0781,9.4297,-0.8652,0.1183,-0.0834
1635250504396,-2.4668,-2.8027,9.6563,-0.8779,0.1279,-0.0674
1635250504426,-2.6328,-3.1504,9.6172,-0.5596,0.1077,-0.1089
1635250504427,-2.6797,-2.8379,9.7031,-0.0088,0.0896,-0.1451
1635250504428,-2.5449,-1.9033,9.8672,0.5083,0.0577,-0.1675
1635250504458,-2.4297,-1.1875,9.9922,0.5996,0.1141,-0.0972
1635250504460,-2.3457,-1.4697,9.7266,0.2849,0.2151,-0.1089
1635250504461,-2.3145,-1.9297,9.5078,0.0413,0.2822,-0.1686
1635250504484,-2.2852,-2.2012,9.3984,-0.1215,0.2905,-0.1675
1635250504486,-2.3926,-2.0254,9.1328,-0.3342,0.2959,-0.1100
1635250504493,-2.5605,-1.8770,8.6016,-0.5801,0.3076,-0.0930
1635250504511,-2.6309,-2.1016,8.1328,-0.7725,0.2981,-0.1185
1635250504512,-2.6035,-2.3477,8.1094,-0.9268,0.2673,-0.1079
1635250504527,-2.5566,-2.1816,8.2266,-1.0947,0.2109,-0.0643
1635250504528,-2.5898,-1.9990,8.4688,-1.2979,0.1470,-0.0515
1635250504558,-2.5723,-1.8809,8.7344,-1.6230,0.1183,-0.0313
1635250504560,-2.6523,-1.8984,8.8750,-2.0488,0.1215,-0.0132
1635250504561,-2.8223,-2.1289,8.9375,-2.4512,0.1332,-0.0366
1635250504577,-2.8359,-2.6250,8.9063,-2.7852,0.1417,-0.0664
1635250504578,-2.6719,-3.2793,8.8906,-3.0508,0.1438,-0.0568
1635250504606,-2.5449,-3.7109,8.8594,-3.2227,0.1492,-0.0462
1635250504611,-2.7207,-3.7773,8.7578,-3.2832,0.1375,-0.0823
1635250504612,-2.9707,-3.6289,8.3906,-3.2500,0.1002,-0.1558
1635250504640,-3.1035,-3.4082,7.7617,-3.1484,0.0577,-0.2345
1635250504645,-3.1816,-3.5488,7.4375,-3.0566,0.0417,-0.2930
1635250504646,-3.1973,-3.9258,7.2891,-3.0566,0.0640,-0.3408
1635250504657,-3.2148,-4.4375,7.1563,-3.0762,0.0885,-0.3687
1635250504658,-3.1504,-5.1133,7.3086,-3.0527,0.1035,-0.3782
1635250504693,-3.0586,-5.8047,7.4375,-2.9824,0.1257,-0.3953
1635250504695,-2.9238,-6.4570,7.5313,-2.8496,0.1545,-0.4185
1635250504697,-2.6465,-7.1016,7.6094,-2.6699,0.1672,-0.4250
1635250504715,-2.1484,-7.6484,7.7500,-2.5078,0.1875,-0.3931
1635250504716,-1.7471,-7.9688,7.6289,-2.3809,0.2365,-0.3323
1635250504718,-1.6758,-8.0781,7.2422,-2.1914,0.3054,-0.2834
1635250504744,-1.7949,-7.9883,6.8555,-1.9277,0.3704,-0.2705
1635250504746,-1.9648,-7.5625,6.4961,-1.6699,0.4163,-0.2622
1635250504747,-2.0527,-6.9023,6.4141,-1.4473,0.4438,-0.2451
1635250504775,-1.9648,-6.4102,6.6172,-1.2598,0.4749,-0.2367
1635250504777,-1.8047,-6.3438,6.7422,-1.1279,0.5024,-0.2334
1635250504779,-1.5537,-7.0000,6.4570,-1.0117,0.5342,-0.2058
1635250504806,-1.5244,-7.9570,5.9102,-0.8843,0.5747,-0.1440
1635250504808,-1.7998,-8.5938,5.4063,-0.6958,0.5962,-0.0919
1635250504809,-2.1738,-8.7422,5.1641,-0.4045,0.5972,-0.0643
1635250504839,-2.5684,-8.5391,5.0703,-0.0587,0.5874,-0.0547
1635250504841,-2.7891,-8.1016,5.3672,0.1859,0.5693,-0.0717
1635250504843,-2.7930,-7.4531,5.8438,0.2104,0.5547,-0.0898
1635250504867,-2.7715,-7.0000,6.1445,0.0636,0.5547,-0.0898
1635250504869,-2.8027,-6.8086,6.0039,-0.1726,0.5576,-0.0930
1635250504874,-2.9121,-6.8281,5.5703,-0.4258,0.5791,-0.1143
1635250504887,-3.0977,-7.0352,5.3477,-0.6279,0.6118,-0.1536
1635250504889,-3.2813,-7.3047,5.1523,-0.7651,0.6406,-0.1993
1635250504916,-3.4082,-7.4844,5.1055,-0.8545,0.6479,-0.2313
1635250504918,-3.5332,-7.4883,5.2070,-0.9292,0.6387,-0.2367
1635250504919,-3.5957,-7.5195,5.3477,-0.9824,0.6353,-0.2302
1635250504946,-3.6445,-7.5625,5.3789,-1.0195,0.6245,-0.2153
1635250504947,-3.6445,-7.6016,5.3164,-1.0508,0.6089,-0.1973
1635250504949,-3.5352,-7.7070,5.3750,-1.0938,0.6108,-0.1876
1635250504981,-3.3828,-7.7500,5.3672,-1.1445,0.6362,-0.1727
1635250504983,-3.3164,-7.6367,5.4102,-1.1748,0.6577,-0.1483
1635250504985,-3.2676,-7.4844,5.5820,-1.1816,0.6694,-0.1334
1635250505006,-3.1543,-7.4219,5.5391,-1.1719,0.6992,-0.1281
1635250505008,-3.1934,-7.5625,5.1055,-1.1094,0.7354,-0.1121
1635250505010,-3.4629,-7.8711,4.4688,-0.9844,0.7544,-0.0962
1635250505036,-3.8809,-8.1328,3.6445,-0.8237,0.7363,-0.0792
1635250505037,-4.3203,-8.2500,2.4414,-0.6260,0.6543,-0.0526
1635250505039,-4.5234,-8.6563,1.5010,-0.3970,0.4907,-0.0334
1635250505066,-4.4844,-9.1484,1.1514,-0.2067,0.3098,-0.0260
1635250505068,-4.3594,-9.2891,1.3066,-0.0364,0.1779,0.0017
1635250505069,-4.2500,-9.0391,1.7021,0.1433,0.0822,0.0357
1635250505096,-4.1914,-8.6406,2.0918,0.2976,0.0109,0.0379
1635250505098,-4.2031,-8.3828,2.6582,0.3752,-0.0157,-0.0015
1635250505099,-4.1797,-8.1406,3.1445,0.3477,-0.0062,-0.0377
1635250505126,-4.1523,-8.0000,3.4805,0.2720,0.0109,-0.0419
1635250505128,-4.1680,-7.9766,3.6133,0.1902,0.0268,-0.0281
1635250505130,-4.2539,-8.0156,3.5684,0.1412,0.0428,-0.0121
1635250505156,-4.4180,-8.0938,3.4688,0.1412,0.0577,-0.0036
1635250505158,-4.6914,-8.1328,3.3730,0.1433,0.0694,0.0113
1635250505160,-4.9258,-8.2734,3.2090,0.1338,0.0577,0.0294
1635250505186,-4.9453,-8.3906,3.2129,0.0944,0.0183,0.0559
1635250505187,-4.7305,-8.2813,3.4375,0.0040,-0.0551,0.0942
1635250505189,-4.4727,-8.0000,3.5332,-0.0949,-0.1263,0.1124
1635250505216,-4.2656,-7.8711,3.4609,-0.1641,-0.1550,0.0942
1635250505217,-4.2422,-7.8477,3.3770,-0.2396,-0.1604,0.0793
1635250505219,-4.3047,-7.6914,3.3125,-0.3323,-0.1913,0.0729
1635250505246,-4.3281,-7.4648,3.1953,-0.4131,-0.2529,0.0581
1635250505248,-4.1680,-7.3359,3.0684,-0.4514,-0.3125,0.0262
1635250505249,-3.9141,-7.3359,3.2715,-0.5161,-0.3667,-0.0292
1635250505276,-3.6230,-7.3164,3.5527,-0.6558,-0.4136,-0.0930
1635250505278,-3.5137,-7.3047,3.4570,-0.7896,-0.4316,-0.1175
1635250505279,-3.6582,-7.3906,3.1543,-0.8853,-0.4456,-0.1387
1635250505306,-3.7930,-7.5078,2.8164,-0.9673,-0.4934,-0.2026
1635250505308,-3.7129,-7.7344,2.5059,-1.0215,-0.5659,-0.2791
1635250505309,-3.3086,-8.2344,2.1855,-0.9814,-0.6499,-0.3079
1635250505337,-2.8594,-8.5781,1.8096,-0.8130,-0.7422,-0.2876
1635250505339,-2.5742,-8.5234,2.0645,-0.4885,-0.8467,-0.2961
1635250505341,-2.3809,-8.4297,2.6934,-0.0886,-0.9326,-0.3687
1635250505370,-2.3379,-8.4609,2.8789,0.2371,-0.9561,-0.3940
1635250505378,-2.5234,-8.4609,2.6992,0.3721,-0.9585,-0.3313
1635250505379,-2.6855,-8.3438,2.4980,0.3147,-1.0342,-0.2695
1635250505385,-2.6563,-8.1094,2.5352,0.2094,-1.1455,-0.2844
1635250505386,-2.5586,-7.8242,2.7793,0.1401,-1.2256,-0.3569
1635250505415,-2.4648,-8.3359,3.5996,0.1423,-1.3623,-0.4749
1635250505417,-2.0801,-9.1094,3.5000,0.1625,-1.4082,-0.4749
1635250505418,-1.5459,-9.5156,3.4512,0.2380,-1.4414,-0.4207
1635250505445,-1.2090,-9.3047,3.5469,0.3933,-1.4688,-0.3813
1635250505447,-1.1055,-8.7734,3.7852,0.6699,-1.4629,-0.3909
1635250505448,-1.0645,-8.2891,3.9512,1.0020,-1.4111,-0.4165
1635250505480,-0.9668,-8.1563,3.9258,1.2607,-1.3496,-0.4399
1635250505482,-0.7158,-8.1641,3.9570,1.3682,-1.3115,-0.4451
1635250505489,-0.3613,-8.2734,4.0195,1.4072,-1.2813,-0.4314
1635250505505,-0.0646,-8.2188,3.9551,1.4443,-1.2393,-0.4121
1635250505509,0.1053,-7.9180,3.8984,1.4443,-1.2100,-0.4207
1635250505516,0.3589,-7.3320,4.0508,1.3545,-1.2148,-0.4387
1635250505525,0.7563,-6.8359,4.1875,1.1865,-1.2090,-0.4368
1635250505531,1.1221,-6.6758,4.4102,0.9575,-1.1553,-0.4143
1635250505555,1.4170,-6.6172,4.7344,0.6646,-1.0781,-0.3953
1635250505561,1.7109,-6.7773,5.1680,0.4009,-0.9785,-0.3867
1635250505565,1.8857,-7.1602,5.4180,0.2539,-0.8467,-0.3687
1635250505598,1.9365,-7.5898,5.2773,0.2328,-0.7124,-0.3323
1635250505599,1.8955,-7.9141,5.0000,0.3179,-0.6040,-0.2930
1635250505601,1.7734,-8.0391,4.6953,0.4573,-0.5283,-0.2610
1635250505602,1.7520,-7.9297,4.7305,0.5723,-0.4839,-0.2175
1635250505627,1.7285,-7.5273,4.8789,0.6187,-0.4614,-0.1621
1635250505629,1.5889,-7.1367,5.1680,0.6157,-0.4360,-0.1111
1635250505631,1.3877,-6.9688,5.6680,0.5229,-0.4136,-0.0909
1635250505657,1.2324,-7.0469,5.8555,0.3625,-0.4019,-0.0866
1635250505659,1.2012,-7.4766,6.1094,0.2488,-0.3721,-0.0749
1635250505661,1.2158,-7.8672,6.5508,0.2179,-0.2998,-0.0664
1635250505687,1.1748,-7.9414,6.7266,0.3040,-0.2051,-0.0462
1635250505689,0.9404,-7.9883,6.6602,0.4934,-0.1190,-0.0228
1635250505690,0.5791,-7.7852,6.4492,0.6582,-0.0615,-0.0270
1635250505719,0.2010,-7.3555,6.2344,0.7627,-0.0200,-0.0451
1635250505721,-0.1724,-7.0273,6.1016,0.8350,0.0172,-0.0547
1635250505723,-0.4285,-6.9258,5.8828,0.8936,0.0194,-0.0706
1635250505759,-0.3853,-7.0391,5.6758,0.9561,-0.0189,-0.1036
1635250505760,-0.2250,-6.9141,5.5742,0.9585,-0.0806,-0.1515
1635250505761,-0.1029,-5.9414,5.7656,0.8032,-0.1604,-0.2313
1635250505776,-0.0598,-4.8594,6.3984,0.5146,-0.2285,-0.3462
1635250505778,-0.0263,-4.4023,6.8516,0.0593,-0.2593,-0.4495
1635250505779,0.1627,-4.8359,6.9180,-0.5728,-0.2625,-0.4834
1635250505810,0.3230,-6.0000,6.7383,-1.2256,-0.2274,-0.4463
1635250505812,0.3469,-7.3633,6.3047,-1.6016,-0.1647,-0.3931
1635250505813,0.3159,-8.7891,5.9648,-1.5293,-0.1221,-0.3867
1635250505837,0.3877,-10.0156,5.8359,-1.1055,-0.1157,-0.4080
1635250505839,0.4404,-10.4453,5.5469,-0.4885,-0.1232,-0.3835
1635250505842,0.5264,-10.1328,5.2344,0.1785,-0.1583,-0.3142
1635250505877,0.6846,-9.0938,5.3320,0.6953,-0.2083,-0.2622
1635250505886,0.7373,-7.9961,5.6367,0.9531,-0.2242,-0.2462
1635250505887,0.7612,-7.4063,5.9844,0.9478,-0.1934,-0.2228
1635250505896,0.8140,-7.3242,6.3633,0.7446,-0.1370,-0.1611
1635250505906,0.8999,-7.5078,6.4570,0.5137,-0.0732,-0.0845
1635250505922,0.8208,-7.6055,6.6914,0.4478,-0.0104,-0.0441
1635250505926,0.7466,-7.6055,6.5000,0.5474,0.0300,-0.0526
1635250505938,0.8184,-8.1563,6.1289,0.7690,0.0694,-0.0504
1635250505950,0.8042,-8.8828,6.1133,0.9668,0.0906,-0.0079
1635250505966,0.6963,-9.3672,6.3711,1.1885,0.1035,0.0187
1635250505968,0.2058,-9.2344,6.4648,1.5234,0.1395,0.0453
1635250505976,-0.2705,-8.4609,6.0664,1.9287,0.1109,0.1081
1635250505988,-0.5313,-7.4258,5.9102,2.2930,-0.0030,0.1283
1635250505989,-0.4788,-6.3516,6.0898,2.4746,-0.1094,0.0506
1635250505991,-0.1938,-5.5352,6.2383,2.3848,-0.1412,-0.0175
1635250506019,-0.1125,-5.3906,6.6172,2.1250,-0.1732,0.0528
1635250506023,-0.2130,-4.9570,7.6094,1.6875,-0.1956,0.1177
1635250506029,-0.1460,-4.4922,8.5547,1.1621,-0.1636,0.0474
1635250506049,0.1293,-4.9102,9.2266,0.7158,-0.1190,-0.0153
1635250506051,0.2561,-5.5078,8.9531,0.3699,-0.0562,0.0294
1635250506053,0.1101,-5.5078,8.3281,0.2891,0.0311,0.0613
1635250506082,0.0048,-5.7188,8.0938,0.4595,0.0662,-0.0228
1635250506084,0.0622,-5.6836,7.8164,0.4912,0.0534,-0.0898
1635250506085,0.1436,-5.2109,7.6016,0.2710,0.0587,-0.0823
1635250506107,0.2800,-5.4609,7.8398,0.0434,0.0640,-0.0547
1635250506112,0.6030,-5.6094,7.3828,-0.2227,0.0757,-0.0632
1635250506114,0.7441,-6.0078,6.7695,-0.4353,0.0811,-0.0515
1635250506138,0.4045,-6.1094,6.5430,-0.5664,0.0747,-0.0143
1635250506144,0.0383,-5.5625,6.5234,-0.6191,0.0215,-0.0292
1635250506146,0.0862,-4.9336,6.8711,-0.6675,-0.0764,-0.0621
1635250506168,0.4668,-4.4453,7.1289,-0.9131,-0.1466,-0.0887
1635250506170,0.8950,-4.8047,7.1055,-1.2617,-0.1401,-0.0919
1635250506171,0.8950,-5.7656,6.9844,-1.5205,-0.1061,-0.0760
1635250506198,0.6895,-6.4961,6.9180,-1.5771,-0.0881,-0.0941
1635250506199,0.5913,-6.8867,6.9375,-1.4053,-0.0934,-0.1420
1635250506200,0.6343,-6.6055,6.8594,-1.1875,-0.1306,-0.1802
1635250506230,0.8735,-6.0352,6.8672,-1.1064,-0.1604,-0.2015
1635250506232,1.0508,-5.7930,6.8789,-1.2070,-0.1370,-0.1962
1635250506234,1.0215,-5.7930,6.8242,-1.4365,-0.0700,-0.1770
1635250506265,0.8496,-5.8633,6.7813,-1.6357,-0.0072,-0.1898
1635250506267,0.7251,-6.3984,6.7813,-1.6602,0.0343,-0.2515
1635250506268,0.7681,-7.2930,6.6875,-1.5596,0.0545,-0.3079
1635250506288,0.8809,-7.8359,6.5664,-1.4209,0.0662,-0.2983
1635250506295,0.9165,-7.7617,6.4375,-1.2979,0.0683,-0.2654
1635250506296,0.9238,-7.3242,5.9648,-1.2588,0.0939,-0.2632
1635250506318,0.9263,-7.1914,5.9375,-1.3076,0.1300,-0.2537
1635250506319,0.8423,-7.4219,5.9414,-1.3291,0.1534,-0.2546
1635250506321,0.8184,-7.8359,5.8320,-1.3271,0.1652,-0.2622
1635250506349,0.8472,-8.0938,5.7148,-1.3154,0.1736,-0.2483
1635250506350,0.8735,-8.1484,5.6016,-1.2822,0.1790,-0.2260
1635250506352,0.9189,-8.1172,5.5313,-1.2471,0.1896,-0.2217
1635250506379,0.9404,-8.1250,5.4531,-1.2354,0.2024,-0.2196
1635250506381,0.9814,-8.1641,5.4180,-1.2402,0.2141,-0.2036
1635250506388,1.0146,-8.3594,5.2891,-1.2334,0.2311,-0.1760
1635250506409,0.9888,-8.6563,5.1328,-1.1982,0.2512,-0.1547
1635250506414,0.8643,-8.9609,4.9531,-1.1426,0.2639,-0.1398
1635250506419,0.7251,-9.0547,4.8711,-1.0811,0.2661,-0.1217
1635250506429,0.6177,-8.9453,4.8828,-1.0303,0.2607,-0.1058
1635250506434,0.5337,-8.6953,4.7656,-1.0137,0.2471,-0.0919
1635250506459,0.5454,-8.4844,4.4805,-1.0498,0.2365,-0.0749
1635250506466,0.5503,-8.5703,4.2500,-1.1143,0.2322,-0.0611
1635250506468,0.5195,-8.7813,4.1680,-1.1787,0.2300,-0.0600
1635250506496,0.5195,-8.9688,4.1680,-1.2051,0.2236,-0.0515
1635250506503,0.5024,-9.1875,4.0703,-1.1475,0.2194,-0.0345
1635250506510,0.4834,-9.4375,4.2773,-1.0293,0.2258,-0.0153
1635250506521,0.5073,-9.4063,4.4023,-0.9111,0.2385,0.0123
1635250506523,0.5601,-9.2813,4.2578,-0.7852,0.2566,0.0549
1635250506530,0.5576,-9.2344,4.0547,-0.6992,0.2822,0.0932
1635250506534,0.5073,-9.2266,3.7480,-0.6865,0.3022,0.1251
1635250506558,0.4668,-9.2266,3.5664,-0.7100,0.3193,0.1538
1635250506560,0.4404,-9.1875,3.3965,-0.7598,0.3206,0.1761
1635250506561,0.4189,-9.3203,3.2559,-0.8022,0.3152,0.1996
1635250506589,0.3831,-9.5000,3.1465,-0.8257,0.3130,0.2208
1635250506590,0.2800,-9.5469,3.0684,-0.8130,0.3140,0.2443
1635250506591,0.1986,-9.6172,3.0195,-0.7788,0.3076,0.2666
1635250506619,0.1149,-9.5859,3.0293,-0.7324,0.2927,0.2888
1635250506620,0.0886,-9.4766,3.0879,-0.6714,0.2737,0.3113
1635250506621,0.1197,-9.4844,3.1543,-0.6079,0.2576,0.3325
1635250506650,0.1866,-9.6172,3.1406,-0.5767,0.2566,0.3560
1635250506652,0.2178,-9.7891,3.1035,-0.5674,0.2651,0.3899
1635250506654,0.1436,-9.8281,3.0391,-0.5396,0.2756,0.4294
1635250506682,0.0383,-9.8047,2.9727,-0.4438,0.2886,0.4539
1635250506684,-0.0407,-9.7578,2.8887,-0.3215,0.3022,0.4688
1635250506685,-0.0933,-9.6172,2.7520,-0.2258,0.3098,0.4890
1635250506710,-0.1843,-9.4766,2.6543,-0.1663,0.3076,0.5103
1635250506712,-0.2847,-9.3359,2.6250,-0.1428,0.2949,0.5156
1635250506714,-0.2991,-9.1328,2.5820,-0.1503,0.2769,0.5112
1635250506740,-0.2847,-9.0859,2.5898,-0.1801,0.2544,0.5103
1635250506742,-0.2991,-9.0781,2.6113,-0.2385,0.2354,0.5112
1635250506744,-0.3254,-9.2188,2.6191,-0.2810,0.2225,0.5112
1635250506770,-0.3303,-9.3828,2.6992,-0.2908,0.2184,0.5142
1635250506772,-0.3064,-9.5000,2.7324,-0.2673,0.2141,0.5195
1635250506774,-0.2776,-9.6172,2.5742,-0.2152,0.2087,0.5273
1635250506800,-0.2417,-9.6953,2.4609,-0.1492,0.2130,0.5454
1635250506802,-0.2537,-9.5859,2.4551,-0.0970,0.2162,0.5688
1635250506804,-0.3159,-9.3438,2.3574,-0.0502,0.2119,0.5908
1635250506830,-0.3589,-9.2344,2.3340,-0.0215,0.2045,0.6079
1635250506832,-0.4141,-9.1953,2.4141,-0.0524,0.1907,0.6221
1635250506834,-0.4788,-9.1641,2.4297,-0.1066,0.1704,0.6377
1635250506861,-0.5479,-9.2031,2.4238,-0.1503,0.1545,0.6528
1635250506866,-0.5840,-9.1797,2.4336,-0.1927,0.1406,0.6665
1635250506872,-0.6294,-9.1953,2.4863,-0.2184,0.1172,0.6753
1635250506881,-0.6416,-9.2500,2.5195,-0.2162,0.1002,0.6909
1635250506889,-0.6367,-9.3047,2.3867,-0.1992,0.0981,0.7114
1635250506911,-0.6294,-9.4375,2.3691,-0.1726,0.1066,0.7305
1635250506912,-0.7778,-9.3672,2.3223,-0.1577,0.1035,0.7476
1635250506915,-0.9502,-9.0391,2.1992,-0.1205,0.0864,0.7686
1635250506941,-1.0244,-8.8984,2.2168,-0.0864,0.0790,0.7773
1635250506942,-1.1035,-8.8594,2.3066,-0.1141,0.0822,0.7656
1635250506944,-1.1797,-8.9219,2.4102,-0.1747,0.0736,0.7603
1635250506971,-1.2256,-9.0234,2.4766,-0.2078,0.0640,0.7612
1635250506972,-1.2441,-9.0156,2.5000,-0.2024,0.0662,0.7593
1635250506974,-1.2617,-8.9766,2.4727,-0.1523,0.0747,0.7539
1635250507006,-1.3066,-8.9766,2.4219,-0.0949,0.0875,0.7505
1635250507009,-1.3691,-8.8125,2.4629,-0.0704,0.0853,0.7495
1635250507010,-1.4580,-8.5469,2.4434,-0.0502,0.0683,0.7422
1635250507030,-1.5508,-8.4297,2.3750,-0.0183,0.0587,0.7207
1635250507035,-1.6152,-8.3828,2.1797,-0.0024,0.0566,0.6899
1635250507038,-1.6582,-8.3984,1.9814,0.0221,0.0311,0.6646
1635250507051,-1.6631,-8.4609,1.9004,0.0710,-0.0072,0.6392
1635250507057,-1.5703,-8.4844,1.8193,0.1381,-0.0434,0.6006
1635250507081,-1.4961,-8.3828,1.8311,0.1987,-0.0742,0.5654
1635250507082,-1.5342,-8.1797,2.0645,0.2306,-0.1019,0.5313
1635250507084,-1.5605,-7.9102,2.2422,0.2360,-0.1263,0.4900
1635250507109,-1.5625,-7.6914,2.2852,0.2296,-0.1412,0.4453
1635250507112,-1.5605,-7.5313,2.1895,0.2125,-0.1370,0.3984
1635250507116,-1.5986,-7.3359,2.0215,0.2073,-0.1381,0.3506
1635250507140,-1.6582,-7.0742,1.7070,0.2371,-0.1466,0.2974
1635250507146,-1.7422,-6.8125,1.1777,0.3220,-0.1593,0.2347
1635250507150,-1.9580,-6.7813,1.0430,0.4275,-0.1945,0.1475
1635250507160,-2.2090,-7.1055,1.3213,0.4753,-0.2720,0.0379
1635250507162,-2.2227,-7.6719,1.6758,0.4509,-0.3850,-0.0483
1635250507190,-2.0605,-8.0078,1.8594,0.4082,-0.4871,-0.0866
1635250507196,-2.0195,-7.9570,2.0957,0.3977,-0.5391,-0.1175
1635250507201,-2.1172,-7.7773,2.3340,0.4275,-0.5488,-0.1973
1635250507211,-2.2227,-7.6484,2.4297,0.4604,-0.5400,-0.2952
1635250507216,-2.3164,-7.6250,2.4492,0.4595,-0.5391,-0.3621
1635250507241,-2.3906,-7.7422,2.4531,0.4370,-0.5635,-0.4067
1635250507246,-2.3809,-8.0156,2.4434,0.4338,-0.6021,-0.4580
1635250507251,-2.4004,-8.3594,2.5078,0.4912,-0.6626,-0.5356
1635250507261,-2.5938,-8.4375,2.5078,0.5327,-0.6953,-0.5483
1635250507266,-2.5938,-8.4375,2.5078,0.5327,-0.6953,-0.5483
1635250507291,-2.8496,-8.4922,2.8359,0.7031,-0.8008,-0.6123
1635250507296,-2.7891,-8.6953,3.3125,0.7646,-0.8818,-0.6484
1635250507301,-2.6211,-8.9609,3.6602,0.8721,-0.9170,-0.6440
1635250507311,-2.4434,-9.1797,4.0117,1.0322,-0.8945,-0.6343
1635250507316,-2.3086,-9.2344,4.2383,1.2070,-0.8413,-0.6250
1635250507341,-2.2539,-9.1016,4.2461,1.3438,-0.7925,-0.6025
1635250507346,-2.2637,-8.9375,4.2266,1.3906,-0.7783,-0.5645
1635250507351,-2.2383,-8.7109,4.2773,1.3242,-0.7979,-0.5239
1635250507362,-2.1953,-8.6641,4.4141,1.2051,-0.8267,-0.4983
1635250507367,-2.0488,-8.9297,4.8047,1.0449,-0.8457,-0.4866
1635250507392,-1.8789,-9.4219,5.3398,0.8496,-0.8467,-0.4771
1635250507398,-1.6367,-9.9297,6.1836,0.6826,-0.8315,-0.4387
1635250507403,-1.3281,-10.2891,7.3242,0.6348,-0.7710,-0.3547
1635250507411,-0.9238,-10.5938,8.3125,0.7690,-0.6021,-0.2524
1635250507416,-0.8594,-10.2969,7.7578,1.1367,-0.3083,-0.1483
1635250507443,-1.3184,-9.3906,6.0156,1.4395,-0.0466,-0.0643
1635250507445,-1.7900,-8.1328,5.1328,1.1855,0.0162,-0.0292
1635250507447,-1.8906,-7.4375,5.2188,0.4871,0.0087,-0.0068
1635250507471,-1.8525,-8.4063,5.4102,-0.0907,0.0673,0.1357
1635250507475,-1.7637,-9.9063,5.8242,-0.3044,0.1205,0.3240
1635250507476,-1.7422,-10.4453,5.8633,-0.1354,0.1503,0.3784
1635250507502,-1.7588,-10.1016,5.8047,0.3892,0.1938,0.3464
1635250507508,-1.8740,-9.1328,5.8203,0.9199,0.2354,0.3315
1635250507514,-1.9297,-8.0625,5.8164,1.1973,0.2673,0.3645
1635250507524,-1.9814,-7.3594,5.8867,1.2158,0.2842,0.4016
1635250507526,-2.0195,-7.2813,5.5898,1.1064,0.2800,0.4070
1635250507556,-2.0586,-7.6211,5.4727,0.9326,0.2620,0.4060
1635250507558,-2.1914,-7.4453,5.5391,0.8096,0.2450,0.3889
1635250507559,-2.2598,-7.0781,5.5742,0.7900,0.2184,0.3389
1635250507581,-2.2227,-6.8203,5.8242,0.7285,0.1843,0.2825
1635250507586,-2.2227,-6.6133,6.1445,0.5527,0.1661,0.2465
1635250507594,-2.1602,-6.6016,6.0781,0.4392,0.1630,0.2325
1635250507600,-2.0000,-6.8633,5.9375,0.4563,0.1661,0.2251
1635250507604,-1.9336,-7.1094,5.8125,0.4829,0.1769,0.1921
1635250507630,-2.0195,-7.1719,5.6094,0.4912,0.1630,0.1687
1635250507634,-2.1055,-7.2109,5.4922,0.4934,0.1311,0.1538
1635250507637,-2.0488,-7.2461,5.4609,0.4817,0.1055,0.1219
1635250507662,-1.9072,-7.1641,5.2891,0.4795,0.0917,0.0858
1635250507667,-1.7715,-7.1406,5.4766,0.5103,0.0949,0.0772
1635250507670,-1.6895,-7.1914,5.6328,0.5552,0.1109,0.0900
1635250507683,-1.6660,-7.1211,5.6797,0.6211,0.1343,0.1091
1635250507688,-1.6250,-6.8711,5.3008,0.6943,0.1354,0.1187
1635250507712,-1.5225,-6.7383,4.8711,0.7539,0.0992,0.1357
1635250507717,-1.4355,-6.7070,4.7617,0.7773,0.0683,0.1635
1635250507722,-1.4453,-6.7266,4.9141,0.8008,0.0375,0.1761
1635250507732,-1.4580,-6.7070,5.2695,0.7808,0.0034,0.1475
1635250507737,-1.5322,-6.7578,5.7188,0.6602,-0.0062,0.0719
1635250507762,-1.5488,-6.9180,6.3320,0.5127,0.0226,0.0347
1635250507767,-1.6631,-7.0664,6.6055,0.4263,0.0694,0.0740
1635250507772,-1.7070,-6.9375,6.6055,0.4009,0.0981,0.1134
1635250507782,-1.4961,-6.5781,7.1133,0.3945,0.1321,0.1038
1635250507787,-1.3926,-6.4219,7.0859,0.3752,0.1960,0.0911
1635250507812,-1.3379,-6.7461,6.8281,0.3296,0.2683,0.1410
1635250507817,-1.3711,-7.0781,6.5898,0.2200,0.3289,0.2145
1635250507822,-1.4189,-7.3203,6.4453,0.1561,0.3735,0.2496
1635250507832,-1.4316,-7.3516,6.2734,0.1710,0.4087,0.2496
1635250507837,-1.5674,-6.9844,5.9961,0.2360,0.4365,0.2496
1635250507863,-1.7373,-6.2773,5.7891,0.3169,0.4451,0.2443
1635250507872,-1.7998,-5.8164,5.8398,0.3679,0.4321,0.2325
1635250507874,-1.7900,-5.7695,6.0156,0.3264,0.4268,0.2368
1635250507886,-1.8408,-5.7695,6.0156,0.2274,0.4385,0.2612
1635250507892,-1.9434,-5.8477,6.3242,0.1466,0.4663,0.2654
1635250507904,-2.0859,-5.8477,6.6602,0.0359,0.5054,0.2465
1635250507909,-2.1543,-5.6680,6.8086,-0.0896,0.5396,0.2262
1635250507932,-2.1758,-5.5039,6.8867,-0.2290,0.5791,0.2198
1635250507938,-2.2637,-5.2070,6.5039,-0.4204,0.6299,0.2188
1635250507943,-2.3984,-4.8906,5.9883,-0.6299,0.6768,0.2124
1635250507952,-2.5918,-4.8086,5.6406,-0.8364,0.7139,0.1996
1635250507957,-2.8711,-4.8398,5.2695,-1.0557,0.7427,0.1783
1635250507982,-3.1660,-4.8242,5.0156,-1.2861,0.7524,0.1251
1635250507989,-3.4727,-4.7344,4.9336,-1.5215,0.7373,0.0464
1635250507994,-3.7148,-4.8281,4.9219,-1.7236,0.6992,-0.0387
1635250508003,-3.7988,-5.1367,4.6016,-1.8779,0.6479,-0.1079
1635250508011,-3.7813,-5.6953,4.1172,-1.9756,0.5928,-0.1547
1635250508034,-3.7129,-6.5156,4.0625,-1.9863,0.5078,-0.1941
1635250508039,-3.5586,-7.1016,4.0508,-1.8154,0.4385,-0.2462
1635250508044,-3.6074,-7.4531,3.5645,-1.4531,0.4587,-0.2898
1635250508053,-3.7578,-8.1953,3.3613,-0.9761,0.4736,-0.2844
1635250508058,-3.7930,-8.9609,3.1738,-0.4651,0.4302,-0.2664
1635250508084,-3.7148,-8.8281,2.2949,-0.0151,0.3491,-0.2578
1635250508089,-3.7246,-8.4844,2.1973,0.5273,0.2705,-0.2803
1635250508095,-3.7441,-7.4805,3.1914,0.9722,0.2013,-0.3760
1635250508105,-3.5977,-5.7852,4.1055,1.1807,0.1013,-0.5151
1635250508106,-3.2734,-4.8438,4.6250,1.2832,0.0056,-0.6079
1635250508132,-2.9609,-4.6953,4.5117,1.0684,-0.0274,-0.6450
1635250508135,-2.7480,-4.9648,4.3320,0.6030,-0.0519,-0.6641
1635250508139,-2.5820,-5.3203,4.2578,0.1168,-0.1147,-0.6929
1635250508161,-2.5156,-5.9453,4.1719,-0.1949,-0.1667,-0.7378
1635250508163,-2.5059,-6.5664,4.0195,-0.2896,-0.2062,-0.8047
1635250508164,-2.4863,-7.0430,3.6855,-0.1663,-0.2668,-0.8823
1635250508191,-2.3906,-7.5469,3.5332,0.0604,-0.3381,-0.9473
1635250508193,-2.2129,-7.6328,4.0313,0.2349,-0.3987,-0.9868
1635250508194,-1.9844,-7.4336,4.5703,0.3657,-0.4604,-1.0195
1635250508222,-1.8027,-7.2266,5.0156,0.5625,-0.5327,-1.0742
1635250508223,-1.5840,-6.7344,5.5781,0.6113,-0.5698,-1.1045
1635250508224,-1.4746,-6.6953,5.6406,0.6094,-0.6050,-1.1289
1635250508254,-1.3135,-6.8203,5.5586,0.5752,-0.6348,-1.1523
1635250508256,-1.0264,-6.9492,5.6211,0.4978,-0.6606,-1.1885
1635250508262,-0.5264,-6.9180,5.6680,0.3584,-0.6943,-1.2080
1635250508273,-0.0048,-6.7227,5.7227,0.1561,-0.7178,-1.2002
1635250508277,0.3064,-6.5977,5.6445,-0.0375,-0.7168,-1.1914
1635250508304,0.4763,-6.7891,5.3555,-0.1981,-0.7168,-1.1982
1635250508310,0.6006,-7.5742,5.4102,-0.2927,-0.7051,-1.2012
1635250508317,0.5957,-8.3750,5.9063,-0.3450,-0.6606,-1.1914
1635250508324,0.7349,-8.9375,6.1641,-0.2642,-0.6221,-1.1777
1635250508330,0.9932,-9.2266,6.1719,-0.0492,-0.5996,-1.1504
1635250508344,1.2207,-9.0156,5.7188,0.1615,-0.5806,-1.0957
1635250508350,1.3926,-8.5859,5.6719,0.2742,-0.5581,-1.0391
1635250508366,1.5127,-8.1719,6.3320,0.2498,-0.5444,-0.9976
1635250508372,1.6416,-7.7383,6.8711,0.1051,-0.5337,-0.9473
1635250508397,1.7979,-7.6680,7.1563,-0.0651,-0.5010,-0.8848
1635250508411,1.9033,-8.0000,7.2305,-0.1949,-0.4285,-0.8237
1635250508419,1.8857,-8.3047,6.8633,-0.2576,-0.3508,-0.7622
1635250508425,1.8213,-8.5000,6.3398,-0.1970,-0.2935,-0.6909
1635250508433,1.7422,-8.4063,6.1328,-0.0673,-0.2456,-0.6450
1635250508446,1.6465,-8.0313,6.0195,0.0742,-0.2264,-0.6421
1635250508453,1.6016,-7.7891,6.2461,0.1327,-0.2296,-0.6494
1635250508461,1.6709,-7.8711,6.4219,0.0625,-0.2306,-0.6333
1635250508467,1.7568,-8.2656,6.5391,-0.0460,-0.2083,-0.5708
1635250508474,1.8740,-8.6406,6.5156,-0.1130,-0.1816,-0.4919
1635250508481,1.9316,-8.8359,6.4844,-0.0620,-0.1509,-0.4368
1635250508505,1.8047,-8.7734,6.2305,0.0912,-0.1083,-0.3984
1635250508515,1.6016,-8.3984,5.8125,0.2656,-0.0859,-0.3601
1635250508526,1.4502,-7.6484,5.6953,0.3530,-0.0859,-0.3323
1635250508533,1.3906,-6.9844,5.7148,0.3252,-0.0966,-0.3398
1635250508542,1.4170,-6.7266,5.8359,0.1891,-0.1136,-0.3601
1635250508548,1.5010,-6.9453,5.8477,-0.0279,-0.1263,-0.3601
1635250508556,1.5771,-7.6055,5.8047,-0.2502,-0.1295,-0.3420
1635250508562,1.5342,-8.2891,5.7188,-0.3672,-0.1210,-0.3206
1635250508575,1.4863,-8.7188,5.4883,-0.2864,-0.1210,-0.2939
1635250508588,1.4355,-8.7422,5.2734,-0.0757,-0.1423,-0.2813
1635250508596,1.3955,-8.2813,5.2148,0.1615,-0.1753,-0.2866
1635250508603,1.3447,-7.6250,5.5430,0.3486,-0.2062,-0.3025
1635250508615,1.4238,-7.2813,5.5820,0.4063,-0.2328,-0.3101
1635250508622,1.5918,-7.5938,5.6836,0.3445,-0.2456,-0.2876
1635250508635,1.7666,-8.0078,5.7578,0.2189,-0.2445,-0.2473
1635250508640,1.8643,-8.0469,5.8008,0.1870,-0.2371,-0.2122
1635250508669,1.8643,-7.9844,5.9414,0.2466,-0.2371,-0.1962
1635250508670,1.7451,-7.4609,5.9297,0.2869,-0.2339,-0.2036
1635250508671,1.7832,-7.0664,5.9922,0.2732,-0.2349,-0.2133
1635250508694,1.9863,-7.1719,6.1211,0.2073,-0.2030,-0.2036
1635250508699,2.0313,-7.3789,6.2617,0.1210,-0.1423,-0.1792
1635250508703,1.8887,-7.4453,6.3320,0.0583,-0.1061,-0.1675
1635250508722,1.6875,-7.3711,6.2070,0.0370,-0.0870,-0.1707
1635250508741,1.5537,-7.3320,5.8125,0.0753,-0.1030,-0.1781
1635250508746,1.6328,-7.6211,5.6328,0.1284,-0.1455,-0.1813
1635250508757,1.6826,-7.8906,5.6875,0.2285,-0.1572,-0.1738
1635250508773,1.7568,-8.1328,5.6719,0.4285,-0.1541,-0.1749
1635250508779,1.8457,-8.3047,5.9219,0.7178,-0.1295,-0.1770
1635250508784,1.8955,-8.2344,6.3516,1.0205,-0.0902,-0.1770
1635250508790,1.9697,-7.9648,6.4805,1.2734,-0.0625,-0.1718
1635250508795,2.0898,-7.6406,6.7617,1.4072,-0.0391,-0.1461
1635250508800,2.1465,-7.3750,7.8281,1.3691,-0.0157,-0.1207
1635250508824,2.0273,-6.5000,7.7773,1.2178,0.0002,-0.0887
1635250508829,2.0898,-5.7305,7.3398,0.9116,0.0183,-0.0451
1635250508833,2.4355,-6.2148,7.3594,0.3616,0.0524,-0.0089
1635250508844,2.5293,-7.0039,6.6797,-0.2715,0.0981,0.0783
1635250508849,2.2305,-7.3711,6.1836,-0.6333,0.1183,0.1559
1635250508882,1.8906,-6.9258,6.1797,-0.7480,0.0885,0.1389
1635250508889,1.8574,-6.5430,6.4844,-0.7705,0.0130,0.0740
1635250508894,1.9297,-6.4102,6.5273,-0.8760,-0.0200,0.0208
1635250508899,1.9990,-6.6523,6.2070,-0.8716,-0.0147,0.0006
1635250508905,1.9551,-7.1445,5.9219,-0.8203,-0.0168,-0.0175
1635250508915,1.8809,-7.3516,5.8516,-0.6694,-0.0381,-0.0547
1635250508921,1.8984,-7.1914,5.9570,-0.5142,-0.0732,-0.0781
1635250508945,1.9775,-6.7891,6.2930,-0.4619,-0.0923,-0.0781
1635250508949,2.0684,-6.5820,6.5117,-0.4790,-0.0902,-0.0739
1635250508954,2.1563,-6.6719,6.2969,-0.5674,-0.0838,-0.0728
1635250508965,2.2266,-6.9375,6.0000,-0.7344,-0.0710,-0.0696
1635250508969,2.2285,-7.2227,5.9961,-0.8726,-0.0423,-0.0717
1635250508995,2.1855,-7.3633,5.9453,-0.9204,-0.0210,-0.0876
1635250509010,2.2031,-7.5000,5.8125,-0.9258,-0.0072,-0.0941
1635250509015,2.2109,-7.5000,5.6563,-0.9629,0.0066,-0.0685
1635250509023,2.1895,-7.3086,5.5547,-0.9888,0.0183,-0.0356
1635250509028,2.1738,-7.1992,5.4844,-0.9844,0.0247,-0.0356
1635250509036,2.2012,-7.2852,5.2813,-0.9546,0.0226,-0.0547
1635250509040,2.1973,-7.4453,5.2070,-0.9214,0.0183,-0.0568
1635250509065,2.1738,-7.5664,5.1953,-0.8906,0.0141,-0.0536
1635250509069,2.1230,-7.7656,4.9961,-0.8281,0.0098,-0.0536
1635250509074,2.1055,-8.0078,4.8789,-0.7461,0.0119,-0.0526
1635250509085,2.1113,-7.9766,4.9063,-0.6992,0.0098,-0.0494
1635250509090,2.0840,-7.7852,4.9297,-0.6768,-0.0019,-0.0483
1635250509115,2.0957,-7.6484,4.9336,-0.6831,-0.0083,-0.0579
1635250509120,2.1113,-7.6211,4.9844,-0.7324,-0.0040,-0.0674
1635250509124,2.1367,-7.6563,5.0586,-0.8110,0.0034,-0.0728
1635250509135,2.2559,-8.0000,5.0000,-0.8931,0.0311,-0.0674
1635250509140,2.2559,-8.0000,5.0000,-0.8931,0.0311,-0.0674
1635250509165,2.1641,-8.4609,4.5898,-0.8003,0.1024,-0.0302
1635250509170,2.0938,-8.4453,4.4336,-0.7310,0.1215,-0.0132
1635250509174,2.0488,-8.3516,4.3242,-0.6631,0.1183,0.0113
1635250509185,2.0723,-8.2969,4.3477,-0.6353,0.1109,0.0198
1635250509195,2.1270,-8.2813,4.3594,-0.6479,0.1035,0.0187
1635250509206,2.1270,-8.3672,4.2773,-0.6660,0.1024,0.0283
1635250509210,2.0820,-8.4453,4.2578,-0.6641,0.1098,0.0389
1635250509235,2.0469,-8.4688,4.2266,-0.6514,0.1151,0.0453
1635250509240,1.9863,-8.5156,4.1406,-0.6299,0.1183,0.0506
1635250509245,1.9170,-8.5156,3.9629,-0.6299,0.1194,0.0655
1635250509255,1.9053,-8.4531,3.8867,-0.6606,0.1119,0.0804
1635250509260,1.9434,-8.4531,3.9551,-0.7471,0.0917,0.0772
1635250509285,2.0098,-8.4766,3.8496,-0.8462,0.0757,0.0836
1635250509290,2.0254,-8.6250,3.8125,-0.9258,0.0800,0.1028
1635250509294,1.9629,-8.8281,3.8398,-0.9961,0.0885,0.1102
1635250509305,1.9199,-9.0781,3.8008,-0.9907,0.0875,0.1208
1635250509310,1.8408,-9.1094,3.5527,-0.8877,0.0906,0.1527
1635250509335,1.7549,-9.3125,3.3945,-0.7437,0.1151,0.1772
1635250509340,1.6777,-9.3438,3.4180,-0.7256,0.1364,0.1985
1635250509345,1.7070,-9.2578,3.3828,-0.7896,0.1130,0.2517
1635250509356,1.7588,-9.2969,3.3965,-0.8203,0.0885,0.2856
1635250509360,1.7236,-9.2969,3.1973,-0.7622,0.0992,0.2771
1635250509391,1.5225,-9.4688,3.0664,-0.5854,0.1332,0.2622
1635250509398,1.3496,-9.6016,3.0059,-0.4023,0.1492,0.2622
1635250509402,1.3066,-9.3516,2.8340,-0.2683,0.1321,0.2856
1635250509409,1.3164,-8.9375,2.8906,-0.1927,0.1066,0.3005
1635250509414,1.3662,-8.5781,3.0684,-0.1981,0.0864,0.2856
1635250509426,1.3955,-8.3906,3.1445,-0.2534,0.0832,0.2590
1635250509445,1.3496,-8.4766,3.1406,-0.3301,0.0906,0.2262
1635250509451,1.2969,-8.7344,3.0137,-0.4153,0.1024,0.2039
1635250509456,1.2324,-8.9688,2.8105,-0.4705,0.0981,0.1996
1635250509466,1.1846,-9.0859,2.7949,-0.4609,0.0885,0.1921
1635250509470,1.2012,-9.0938,2.8145,-0.3821,0.0896,0.1730
1635250509528,1.2637,-9.1719,2.8145,-0.2629,0.1035,0.1592
1635250509536,1.2998,-9.1484,2.8047,-0.1396,0.1194,0.1635
1635250509543,1.2471,-8.9688,2.8047,-0.0375,0.1289,0.1687
1635250509551,1.2373,-8.7188,2.7754,0.0051,0.1321,0.1624
1635250509556,1.2617,-8.5469,2.7930,-0.0226,0.1215,0.1549
1635250509567,1.3359,-8.4297,2.8359,-0.1035,0.1013,0.1484
1635250509586,1.4355,-8.4922,2.6797,-0.1832,0.0928,0.1421
1635250509592,1.4453,-8.6953,2.6211,-0.2322,0.1077,0.1346
1635250509597,1.3643,-8.8203,2.6133,-0.2693,0.1172,0.1378
1635250509605,1.3135,-8.9063,2.6250,-0.2832,0.1130,0.1443
1635250509613,1.3711,-9.0469,2.5313,-0.3035,0.1098,0.1538
1635250509619,1.4453,-9.1250,2.4570,-0.3545,0.1098,0.1719
1635250509630,1.4121,-9.0234,2.5273,-0.4365,0.0981,0.1996
1635250509636,1.4189,-8.9453,2.6641,-0.5249,0.0800,0.2230
1635250509646,1.5225,-9.1016,2.6133,-0.6108,0.0715,0.2474
1635250509650,1.5889,-9.3281,2.5352,-0.7056,0.0790,0.2869
1635250509655,1.5029,-9.6406,2.4180,-0.7642,0.0906,0.3293
1635250509660,1.3877,-9.9766,2.3359,-0.7524,0.1035,0.3623
1635250509666,1.3066,-10.1641,2.1914,-0.6533,0.1151,0.3943
1635250509671,1.2637,-10.2422,2.1348,-0.4800,0.1257,0.4314
1635250509697,1.2617,-10.1953,2.1016,-0.3098,0.1332,0.4548
1635250509702,1.2227,-10.0078,2.0625,-0.1769,0.1385,0.4814
1635250509708,1.1465,-9.7656,2.1445,-0.1183,0.1343,0.5103
1635250509728,1.1221,-9.5313,2.1953,-0.1471,0.1077,0.5239
1635250509736,1.1084,-9.4844,2.2168,-0.2407,0.0811,0.5347
1635250509742,1.0791,-9.6172,2.1543,-0.3503,0.0620,0.5430
1635250509747,0.9502,-9.7969,2.0254,-0.4375,0.0406,0.5547
1635250509757,0.8140,-9.9531,1.8477,-0.4600,0.0098,0.5781
1635250509762,0.7827,-10.1094,1.9248,-0.4470,-0.0274,0.5996
1635250509796,0.8018,-10.0859,2.0918,-0.4321,-0.0710,0.6167
1635250509797,0.8662,-10.0000,2.1113,-0.3918,-0.0945,0.6475
1635250509798,0.8281,-9.9375,2.0820,-0.3257,-0.0817,0.6719
1635250509817,0.6895,-9.9609,1.8887,-0.2620,-0.0615,0.6836
1635250509822,0.6079,-10.0156,1.8809,-0.2205,-0.0689,0.6997
1635250509826,0.6821,-9.8672,1.8213,-0.2002,-0.1094,0.7178
1635250509837,0.7993,-9.6875,1.6680,-0.1620,-0.1423,0.7412
1635250509841,0.8281,-9.6016,1.6279,-0.1396,-0.1530,0.7549
1635250509867,0.7920,-9.5469,1.5508,-0.1555,-0.1647,0.7749
1635250509873,0.7441,-9.5000,1.5293,-0.1812,-0.1881,0.8008
1635250509897,0.7441,-9.3750,1.5752,-0.1918,-0.2231,0.8135
1635250509903,0.7827,-9.2422,1.4453,-0.1790,-0.2434,0.8198
1635250509910,0.7900,-9.1797,1.3477,-0.1566,-0.2402,0.8262
1635250509916,0.7373,-9.0781,1.3066,-0.1512,-0.2434,0.8271
1635250509922,0.7085,-8.8984,1.3184,-0.1663,-0.2668,0.8271
1635250509927,0.5913,-8.7266,1.3330,-0.1896,-0.2732,0.8271
1635250509938,0.4189,-8.6250,1.2920,-0.2141,-0.2688,0.8135
1635250509971,0.2083,-8.6016,1.2852,-0.2152,-0.2710,0.7964
1635250509977,-0.0526,-8.6563,1.3447,-0.1886,-0.2795,0.7700
1635250509981,-0.2585,-8.6797,1.3662,-0.1300,-0.2837,0.7402
1635250509986,-0.3972,-8.6719,1.4141,-0.0407,-0.2935,0.7114
1635250509990,-0.4573,-8.6250,1.4023,0.0551,-0.3040,0.6772
1635250509997,-0.5073,-8.5859,1.3311,0.1541,-0.3020,0.6431
1635250510001,-0.5215,-8.5781,1.3760,0.2231,-0.2966,0.6079
1635250510029,-0.5098,-8.4219,1.3311,0.2488,-0.3030,0.5835
1635250510036,-0.5313,-8.1563,1.3115,0.2445,-0.3115,0.5698
1635250510041,-0.5239,-7.8555,1.3643,0.1945,-0.3242,0.5366
1635250510048,-0.5527,-7.7461,1.3135,0.1104,-0.3350,0.4827
1635250510053,-0.7036,-7.7969,1.3477,0.0210,-0.3337,0.4336
1635250510077,-0.9385,-7.9023,1.3711,-0.0449,-0.3318,0.3867
1635250510082,-1.1299,-8.0234,1.3115,-0.0513,-0.3286,0.3369
1635250510086,-1.2256,-8.1563,1.1797,0.1168,-0.3381,0.2411
1635250510097,-1.1201,-8.1953,1.0605,0.2328,-0.3381,0.2017
1635250510102,-1.0957,-8.1250,1.2109,0.3052,-0.3413,0.1676
1635250510128,-1.1152,-7.8867,1.3691,0.3188,-0.3518,0.1315
1635250510132,-1.1582,-7.6992,1.5459,0.3071,-0.3508,0.0942
1635250510137,-1.2783,-7.6367,1.7090,0.2615,-0.3381,0.0410
1635250510148,-1.4746,-7.7344,1.7979,0.1934,-0.3296,-0.0228
1635250510152,-1.5938,-8.0156,1.7520,0.1550,-0.3232,-0.0802
1635250510178,-1.6807,-8.3594,1.6064,0.1881,-0.3125,-0.1175
1635250510182,-1.7324,-8.5625,1.5625,0.2827,-0.3125,-0.1547
1635250510187,-1.7090,-8.5938,1.7832,0.4211,-0.3188,-0.1984
1635250510198,-1.6104,-8.5781,1.8691,0.5220,-0.2966,-0.2250
1635250510202,-1.6250,-8.5234,1.9121,0.5435,-0.2583,-0.2185
1635250510228,-1.8311,-8.2813,1.8984,0.5039,-0.2445,-0.2185
1635250510233,-2.0547,-8.1094,1.7715,0.4626,-0.2477,-0.2462
1635250510237,-2.1914,-8.1250,1.7715,0.4668,-0.2529,-0.2908
1635250510248,-2.1777,-8.2969,1.9033,0.5039,-0.2881,-0.3525
1635250510253,-2.0410,-8.6641,1.9775,0.5840,-0.3359,-0.4080
1635250510278,-1.8887,-9.2344,2.1563,0.7681,-0.3486,-0.4250
1635250510283,-1.8242,-9.5938,2.3457,1.0430,-0.3188,-0.4270
1635250510288,-1.7549,-9.7109,2.5605,1.3584,-0.2668,-0.4143
1635250510299,-1.7637,-9.5391,2.6719,1.5938,-0.2104,-0.3706
1635250510317,-1.9199,-9.0547,2.7852,1.6943,-0.1764,-0.3259
1635250510331,-2.0078,-8.6094,2.7363,1.7012,-0.1796,-0.3005
1635250510347,-2.0059,-8.4766,2.7969,1.6377,-0.2211,-0.3120
1635250510353,-1.9678,-8.5313,2.9844,1.5117,-0.2773,-0.3462
1635250510358,-1.8213,-8.8281,3.0879,1.4043,-0.3274,-0.3579
1635250510363,-1.6709,-9.2969,3.1992,1.3711,-0.3604,-0.3386
1635250510369,-1.6279,-9.6563,3.5488,1.3945,-0.3860,-0.3110
1635250510375,-1.5410,-9.7344,4.1914,1.4785,-0.4158,-0.2876
1635250510404,-1.3379,-9.7969,4.7344,1.6377,-0.4297,-0.2537
1635250510405,-1.1270,-9.9688,5.2188,1.8193,-0.4126,-0.2036
1635250510409,-0.9385,-10.0391,5.6211,1.9922,-0.3562,-0.1366
1635250510419,-0.8784,-9.9219,5.4688,2.1953,-0.2583,-0.0600
1635250510424,-0.9741,-9.6641,5.0742,2.4395,-0.1998,-0.0100
1635250510449,-1.1875,-8.9844,4.9883,2.6211,-0.2380,-0.0036
1635250510466,-1.2656,-7.7188,5.2109,2.6328,-0.3530,-0.0143
1635250510470,-1.0693,-7.0938,6.0352,2.4609,-0.4731,-0.0047
1635250510476,-0.6533,-7.6602,7.3438,1.9434,-0.5039,0.0613
1635250510482,-0.2083,-8.4375,8.5938,1.1934,-0.4019,0.1836
1635250510489,0.0311,-8.9609,8.8359,0.7734,-0.2094,0.3059
1635250510494,-0.0359,-9.6797,8.5547,0.8584,-0.0083,0.3740
1635250510522,-0.2751,-9.8438,8.0391,1.1572,0.1151,0.3826
1635250510529,-0.4763,-9.0703,7.5391,1.4180,0.1779,0.4060
1635250510534,-0.7515,-8.1797,7.2148,1.5420,0.2333,0.4709
1635250510540,-1.0127,-7.6836,7.3789,1.4990,0.2832,0.5249
1635250510545,-1.1201,-7.3594,7.5781,1.3252,0.3257,0.5410
1635250510570,-1.1797,-7.1641,7.4336,1.1738,0.3567,0.5493
1635250510575,-1.1914,-7.1133,7.3125,1.0840,0.3694,0.5581
1635250510579,-1.1172,-7.0625,7.4492,1.0273,0.3884,0.5464
1635250510590,-1.1299,-6.8867,7.7305,0.9541,0.4119,0.5430
1635250510595,-1.1367,-6.4375,7.9141,0.7891,0.4302,0.5571
1635250510620,-1.2012,-5.9922,7.7656,0.5435,0.4460,0.5601
1635250510625,-1.1914,-6.3125,7.7773,0.2817,0.4844,0.5430
1635250510629,-1.1465,-6.8906,7.6250,0.0657,0.5493,0.5527
1635250510640,-1.1680,-7.1797,7.2891,0.0115,0.6001,0.5933
1635250510645,-1.2656,-7.2617,6.9883,0.1583,0.6235,0.6016
1635250510677,-1.4170,-7.0820,6.5898,0.3816,0.6182,0.5742
1635250510681,-1.5723,-6.5664,6.5938,0.6338,0.6035,0.5464
1635250510687,-1.6895,-5.8047,6.6406,0.8330,0.6025,0.4995
1635250510693,-1.7305,-5.2930,6.8008,0.8872,0.6162,0.4314
1635250510697,-1.8936,-5.0586,6.8828,0.7061,0.6226,0.3933
1635250510710,-2.0859,-4.9219,6.7695,0.3977,0.6270,0.3997
1635250510715,-2.2754,-4.9531,6.7578,0.1008,0.6362,0.3975
1635250510740,-2.3359,-5.1992,6.8633,-0.1503,0.6470,0.3677
1635250510745,-2.4199,-5.4961,6.8711,-0.3257,0.6641,0.3420
1635250510750,-2.5820,-5.6875,6.6523,-0.4194,0.6895,0.3357
1635250510761,-2.7461,-5.6680,6.3242,-0.4546,0.7153,0.3347
1635250510765,-2.9492,-5.5664,6.0977,-0.4492,0.7344,0.3167
1635250510791,-3.1035,-5.4102,5.8906,-0.4482,0.7534,0.2783
1635250510795,-3.3359,-5.3008,5.5508,-0.4514,0.7651,0.2400
1635250510810,-3.5918,-5.1523,5.0977,-0.4641,0.7534,0.2050
1635250510816,-3.8398,-5.1055,4.7227,-0.5288,0.7173,0.1453
1635250510820,-3.9844,-5.1953,4.4375,-0.6543,0.6650,0.0793
1635250510831,-4.0078,-5.3789,4.1992,-0.8013,0.5864,0.0453
1635250510835,-4.0430,-5.5977,3.9590,-0.9331,0.4780,0.0336
1635250510861,-4.0938,-5.9141,3.8887,-1.0186,0.3555,0.0198
1635250510865,-4.1250,-6.2891,4.0313,-1.0303,0.2428,-0.0047
1635250510870,-4.0547,-6.1328,3.9082,-0.8257,0.0662,-0.0547
1635250510889,-4.0078,-5.9375,3.8594,-0.6792,-0.0093,-0.1036
1635250510901,-3.9941,-5.9375,3.8926,-0.5547,-0.0998,-0.1760
1635250510910,-3.9180,-6.1016,3.7793,-0.4631,-0.1965,-0.2367
1635250510914,-3.7773,-6.3828,3.5879,-0.3672,-0.2913,-0.2695
1635250510922,-3.6016,-6.5859,3.5332,-0.2629,-0.3882,-0.2971
1635250510926,-3.3105,-6.6055,3.4375,-0.1683,-0.4978,-0.3440
1635250510955,-3.0723,-6.5195,3.5781,-0.0949,-0.5942,-0.3909
1635250510960,-2.8965,-6.3125,3.9375,-0.0737,-0.6826,-0.4302
1635250510965,-2.7402,-6.1719,4.3086,-0.0715,-0.7666,-0.4707
1635250510971,-2.5996,-6.2305,4.6172,-0.0524,-0.8276,-0.5078
1635250510976,-2.5176,-6.5313,4.8672,-0.0045,-0.8730,-0.5366
1635250511002,-2.3789,-6.9922,4.9648,0.0987,-0.9097,-0.5576
1635250511007,-2.2305,-7.3320,4.9336,0.2795,-0.9380,-0.5737
1635250511012,-2.0254,-7.3906,4.8242,0.5049,-0.9722,-0.5981
1635250511029,-1.6924,-7.1680,4.7656,0.6997,-1.0049,-0.6304
1635250511034,-1.4023,-6.8359,4.9531,0.8359,-1.0264,-0.6421
1635250511043,-1.2041,-6.6250,5.2500,0.8901,-1.0527,-0.6260
1635250511047,-1.0293,-6.5781,5.6484,0.8711,-1.0742,-0.6099
1635250511072,-0.8926,-6.6484,6.1328,0.8213,-1.0830,-0.6025
1635250511090,-0.6987,-6.7813,6.4688,0.8032,-1.0781,-0.6108
1635250511095,-0.4380,-6.8438,6.6016,0.8149,-1.0645,-0.6260
1635250511100,-0.1532,-6.6055,6.5977,0.8267,-1.0430,-0.6450
1635250511105,0.0479,-6.2734,6.5625,0.8486,-1.0078,-0.6621
1635250511113,0.1724,-5.9961,6.5977,0.8486,-0.9702,-0.6621
1635250511117,0.3040,-5.8789,6.7227,0.7593,-0.9380,-0.6558
1635250511144,0.4260,-5.8359,6.7773,0.6255,-0.9097,-0.6431
1635250511148,0.5913,-6.0273,7.0625,0.5371,-0.8926,-0.6367
1635250511153,0.7778,-6.3867,7.2852,0.4849,-0.8691,-0.6504
1635250511163,0.9575,-6.5898,7.5508,0.4465,-0.8369,-0.6772
1635250511168,1.1250,-6.6211,7.8164,0.4285,-0.8032,-0.6846
1635250511192,1.3311,-6.6094,8.1719,0.4243,-0.7666,-0.6665
1635250511197,1.5391,-6.5078,8.3984,0.3838,-0.7231,-0.6357
1635250511202,1.6328,-6.4375,8.4219,0.3125,-0.6670,-0.5962
1635250511212,1.6348,-6.3516,8.2734,0.2678,-0.6030,-0.5620
1635250511217,1.5488,-6.3320,7.8711,0.3018,-0.5381,-0.5449
1635250511243,1.4619,-6.6680,7.6328,0.3933,-0.5029,-0.5356
1635250511247,1.4883,-6.8711,7.5156,0.4763,-0.5039,-0.5215
1635250511252,1.5537,-6.6523,7.5508,0.5752,-0.5137,-0.5034
1635250511263,1.7930,-6.4102,7.6523,0.6689,-0.5146,-0.5015
1635250511267,2.0430,-6.2617,7.9609,0.6538,-0.5127,-0.5122
1635250511293,2.2207,-6.0391,8.2188,0.4893,-0.5190,-0.4866
1635250511298,2.3125,-6.0586,8.2891,0.2754,-0.5020,-0.4229
1635250511303,2.3438,-6.5352,8.2109,0.0753,-0.4658,-0.3611
1635250511313,2.3027,-7.0117,7.9258,-0.0396,-0.4189,-0.3154
1635250511318,2.1563,-7.2109,7.5938,0.0487,-0.3828,-0.2759
1635250511343,2.0156,-7.1602,7.3633,0.2891,-0.3752,-0.2441
1635250511348,1.9199,-6.9922,7.1602,0.5615,-0.3870,-0.2239
1635250511352,1.9463,-6.5547,7.2578,0.7583,-0.4019,-0.2122
1635250511363,2.0332,-5.9297,7.5781,0.8330,-0.4072,-0.2079
1635250511368,2.0781,-5.3477,7.8945,0.8169,-0.3870,-0.2058
1635250511395,2.1133,-5.1094,8.0547,0.7456,-0.3701,-0.2090
1635250511402,2.1680,-5.2969,8.1563,0.6445,-0.3562,-0.2058
1635250511406,2.1387,-5.5391,8.0938,0.5327,-0.3328,-0.1835
1635250511414,2.0469,-5.6133,7.8516,0.4753,-0.3179,-0.1696
1635250511419,1.9336,-5.4180,7.6328,0.4678,-0.3296,-0.1760
1635250511444,1.8906,-4.8945,7.5820,0.4199,-0.3445,-0.2015
1635250511449,1.8906,-4.4453,7.6133,0.3040,-0.3423,-0.2196
1635250511453,1.9248,-4.4102,7.6094,0.1189,-0.3423,-0.2207
1635250511464,1.9727,-4.7852,7.3711,-0.0853,-0.3540,-0.2142
1635250511469,2.0801,-5.5078,7.3594,-0.2482,-0.3625,-0.2111
1635250511494,2.1563,-6.2383,7.5430,-0.2886,-0.3445,-0.2164
1635250511499,2.1211,-6.4414,7.6523,-0.0651,-0.3020,-0.2207
1635250511503,2.0098,-6.1602,7.7656,0.3008,-0.2891,-0.2377
1635250511523,2.0273,-5.6133,8.1875,0.5356,-0.3093,-0.2664
1635250511527,2.2969,-5.1016,8.4609,0.5283,-0.3093,-0.2654
1635250511536,2.4727,-5.1563,8.2188,0.3210,-0.3020,-0.2036
1635250511548,2.5918,-5.4141,8.1328,0.0008,-0.2881,-0.1578
1635250511555,2.5664,-5.4570,7.9102,-0.2333,-0.2264,-0.1271
1635250511560,2.3789,-5.8242,7.8359,-0.2471,-0.1785,-0.0898
1635250511585,2.2520,-6.4258,8.0313,-0.1002,-0.1658,-0.0834
1635250511597,2.0215,-6.2773,7.5977,0.0912,-0.1466,-0.0579
1635250511616,2.0176,-5.3203,7.4805,0.3052,-0.1583,-0.0366
1635250511621,2.3281,-5.1484,8.3438,0.4094,-0.1710,-0.0792
1635250511626,2.5234,-5.3984,8.7813,0.3093,-0.1210,-0.0696
1635250511631,2.4512,-5.5938,8.6953,0.1157,-0.0721,0.0081
1635250511636,2.2637,-5.1367,8.3203,-0.0385,-0.0210,0.0506
1635250511641,2.1387,-3.5098,8.3984,-0.4099,-0.0296,-0.0611
1635250511665,2.5039,-3.4922,8.2656,-0.7920,-0.0487,-0.1026
1635250511670,2.5254,-4.6797,7.8672,-1.1738,0.0172,-0.0876
1635250511675,2.1563,-5.4766,7.5195,-1.3818,0.0800,-0.0717
1635250511685,1.8672,-5.7461,7.5391,-1.2480,0.0640,-0.1143
1635250511691,1.9053,-5.7305,7.5234,-0.9429,-0.0125,-0.1930
1635250511728,2.2813,-5.6484,7.5938,-0.7183,-0.0795,-0.2505
1635250511732,2.5449,-5.4336,7.7070,-0.6724,-0.0870,-0.2568
1635250511737,2.5684,-5.1680,7.7148,-0.7256,-0.0700,-0.2578
1635250511743,2.4609,-5.1797,7.5703,-0.8013,-0.0700,-0.2834
1635250511747,2.4727,-5.3672,7.3008,-0.9141,-0.0721,-0.3218
1635250511756,2.5410,-5.5547,7.0313,-1.0488,-0.0519,-0.3452
1635250511760,2.5605,-5.7813,6.9688,-1.1523,-0.0179,-0.3386
1635250511786,2.5508,-5.9219,6.9570,-1.2354,0.0045,-0.3259
1635250511791,2.6113,-5.9766,6.9766,-1.3184,0.0226,-0.3196
1635250511796,2.6758,-6.0625,6.9297,-1.3662,0.0449,-0.3142
1635250511806,2.6836,-6.2813,6.8828,-1.3574,0.0790,-0.3154
1635250511810,2.6367,-6.5781,6.6914,-1.3086,0.1130,-0.3323
1635250511836,2.5996,-6.9805,6.6328,-1.2373,0.1406,-0.3335
1635250511840,2.5625,-7.1523,6.5352,-1.1699,0.1661,-0.3015
1635250511845,2.5391,-7.1406,6.3477,-1.0947,0.1927,-0.2590
1635250511856,2.5527,-7.0117,6.3867,-1.0537,0.2194,-0.2324
1635250511861,2.5508,-6.6914,6.4766,-1.0566,0.2842,-0.1866
1635250511886,2.4258,-6.5273,6.1289,-1.1875,0.3789,-0.0685
1635250511901,2.5039,-6.7813,5.8945,-1.2803,0.2991,-0.1472
1635250511906,2.5879,-7.0625,5.9609,-1.3330,0.2471,-0.2556
1635250511914,2.5078,-7.2578,5.8555,-1.3809,0.2651,-0.2441
1635250511919,2.3516,-7.4063,5.7422,-1.3105,0.2639,-0.1984
1635250511927,2.3125,-7.4336,5.6641,-1.2432,0.2428,-0.2079
1635250511931,2.3281,-7.4883,5.4688,-1.1924,0.2311,-0.2175
1635250511957,2.3965,-7.5586,5.4023,-1.1602,0.1587,-0.2749
1635250511962,2.4609,-7.4258,5.6016,-1.1504,0.1875,-0.2441
1635250511977,2.3750,-7.3125,5.4102,-1.2090,0.2629,-0.1355
1635250511983,2.4336,-7.4336,5.2031,-1.2188,0.2556,-0.1398
1635250511987,2.4336,-6.9727,5.1992,-1.6738,0.4663,0.0443
1635250511997,2.1367,-7.0742,4.7383,-2.0645,0.4524,0.1655
1635250512001,2.4648,-8.2188,4.4688,-1.7969,0.2109,-0.0994
1635250512034,2.5625,-8.8438,4.4180,-1.6406,0.2385,-0.1600
1635250512038,2.2910,-8.9531,4.3516,-1.4570,0.2886,-0.0451
1635250512045,2.0859,-9.0859,4.4023,-1.1299,0.2002,-0.0345
1635250512051,2.6152,-9.8828,4.3164,-0.0981,-0.0349,-0.4941
1635250512057,2.7324,-9.3672,4.8867,0.2211,0.2661,-0.3994
1635250512067,1.8984,-7.3711,4.7930,-0.3726,0.5298,0.2485
1635250512077,1.8145,-6.9570,4.7031,-0.6675,0.3215,0.2622
1635250512088,2.5449,-7.6992,4.6484,-0.8608,0.1587,-0.1260
1635250512092,2.7695,-8.3750,4.4688,-1.0771,0.2534,-0.1578
1635250512117,2.3301,-8.8125,4.3477,-1.1367,0.3640,0.0368
1635250512123,2.0195,-9.1250,4.1758,-0.9941,0.3694,0.0815
1635250512128,2.0273,-9.0391,4.0234,-0.8452,0.3418,0.0410
1635250512137,2.1133,-8.6172,3.9766,-0.7661,0.3184,0.0613
1635250512142,2.1875,-8.4375,4.0313,-0.7109,0.2981,0.1017
1635250512168,2.3066,-8.5234,3.9941,-0.7427,0.2939,0.1006
1635250512172,2.3828,-8.7266,3.9824,-0.8301,0.2939,0.1070
1635250512177,2.3125,-9.0391,3.8184,-0.8599,0.2959,0.1400
1635250512188,2.2207,-9.2969,3.6367,-0.8057,0.3152,0.1730
1635250512192,2.1211,-9.2500,3.5859,-0.7280,0.3301,0.2007
1635250512218,2.1074,-9.0391,3.5762,-0.6343,0.3184,0.2305
1635250512223,2.1445,-8.9453,3.5156,-0.5620,0.3044,0.2571
1635250512227,2.1660,-8.9844,3.2813,-0.5342,0.3088,0.2847
1635250512238,2.1387,-9.0938,3.3633,-0.5469,0.3098,0.3123
1635250512243,2.1230,-9.0781,3.4727,-0.5791,0.2949,0.3240
1635250512268,2.1250,-9.0703,3.3457,-0.5610,0.2949,0.3411
1635250512273,2.0684,-9.1797,3.1953,-0.5098,0.3193,0.3613
1635250512277,1.9385,-9.2109,3.0996,-0.4790,0.3320,0.3816
1635250512288,1.8740,-9.1016,3.1445,-0.4651,0.3108,0.4092
1635250512293,1.9648,-9.1094,3.2188,-0.4619,0.2810,0.4348
1635250512318,2.0742,-9.1484,3.1328,-0.4705,0.2705,0.4634
1635250512323,2.0117,-9.2266,3.0938,-0.4749,0.2778,0.4912
1635250512328,1.8594,-9.2656,3.1211,-0.4683,0.2854,0.5059
1635250512338,1.7520,-9.3594,3.0801,-0.4365,0.2822,0.5239
1635250512343,1.6895,-9.4688,2.9453,-0.3716,0.2737,0.5454
1635250512379,1.6543,-9.4141,2.8496,-0.3035,0.2705,0.5728
1635250512384,1.6348,-9.2734,2.8477,-0.2482,0.2620,0.5908
1635250512396,1.4336,-9.0703,2.8262,-0.2087,0.2417,0.6040
1635250512404,1.3643,-9.0234,2.8125,-0.2365,0.2322,0.6113
1635250512409,1.3447,-9.0078,2.8223,-0.2822,0.2109,0.6133
1635250512413,1.3428,-9.0625,2.8496,-0.3247,0.1896,0.6133
1635250512420,1.3838,-9.1797,2.8438,-0.3523,0.1832,0.6250
1635250512425,1.3643,-9.2969,2.8223,-0.3513,0.1875,0.6455
1635250512449,1.3447,-9.3281,2.7520,-0.3152,0.1981,0.6709
1635250512454,1.1699,-9.2656,2.6367,-0.2673,0.2109,0.6987
1635250512459,0.9766,-9.1953,2.6523,-0.2216,0.2109,0.7061
1635250512469,0.8687,-9.2344,2.6953,-0.1938,0.1992,0.6997
1635250512486,0.8760,-9.2578,2.6680,-0.1790,0.1821,0.6997
1635250512492,0.8999,-9.2734,2.5664,-0.1503,0.1661,0.7114
1635250512496,0.9072,-9.3047,2.5469,-0.1119,0.1598,0.7188
1635250512509,0.8232,-9.2344,2.5820,-0.0992,0.1620,0.7271
1635250512515,0.7539,-9.0469,2.5879,-0.1172,0.1598,0.7432
1635250512543,0.6460,-8.8125,2.5508,-0.1534,0.1492,0.7520
1635250512547,0.5288,-8.6719,2.5352,-0.1949,0.1300,0.7368
1635250512566,0.4858,-8.7266,2.4414,-0.2322,0.1151,0.7051
1635250512571,0.5239,-8.9297,2.3770,-0.2534,0.1024,0.6807
1635250512576,0.6436,-9.0781,2.2617,-0.2482,0.0790,0.6753
1635250512581,0.7085,-9.1094,2.2305,-0.1927,0.0609,0.6729
1635250512590,0.6392,-8.9219,2.2813,-0.1152,0.0726,0.6646
1635250512595,0.4763,-8.6484,2.3066,-0.0428,0.0885,0.6475
1635250512621,0.3184,-8.5625,2.2773,0.0008,0.0853,0.6284
1635250512626,0.1891,-8.6016,2.2637,0.0147,0.0662,0.6016
1635250512631,0.0670,-8.5703,2.3359,0.0264,0.0460,0.5645
1635250512641,-0.0215,-8.4766,2.4258,0.0774,0.0343,0.5229
1635250512645,-0.0359,-8.3750,2.4004,0.1583,0.0290,0.4814
1635250512681,-0.0431,-8.2500,2.2695,0.2285,0.0300,0.4421
1635250512686,-0.1029,-8.1172,2.1777,0.2539,0.0268,0.4060
1635250512691,-0.2681,-7.9414,2.1367,0.2445,0.0098,0.3635
1635250512697,-0.4500,-7.7969,2.1445,0.2104,-0.0200,0.3027
1635250512702,-0.5815,-7.8242,2.2344,0.1689,-0.0562,0.2294
1635250512711,-0.6128,-7.9453,2.3574,0.1168,-0.1019,0.1592
1635250512716,-0.5146,-7.9844,2.4102,0.0923,-0.1412,0.0974
1635250512741,-0.4429,-7.9375,2.3281,0.1210,-0.1476,0.0400
1635250512746,-0.4524,-7.9023,2.1387,0.1625,-0.1243,-0.0121
1635250512750,-0.6128,-7.8242,2.1328,0.1774,-0.1072,-0.0643
1635250512761,-0.9189,-7.6641,2.1348,0.1647,-0.1157,-0.1238
1635250512766,-1.1943,-7.6875,2.0801,0.1647,-0.1317,-0.1941
1635250512791,-1.3613,-7.9414,2.0527,0.1742,-0.1550,-0.2717
1635250512798,-1.3926,-8.1953,2.1016,0.1902,-0.2073,-0.3398
1635250512802,-1.2656,-8.4063,2.1270,0.2466,-0.2710,-0.3899
1635250512811,-1.0459,-8.5156,2.0781,0.3508,-0.3008,-0.4185
1635250512816,-0.9097,-8.4922,2.0898,0.4626,-0.2966,-0.4324
1635250512841,-0.9600,-8.2891,2.1660,0.5435,-0.2944,-0.4517
1635250512847,-1.1699,-8.1328,2.1172,0.6040,-0.3040,-0.4856
1635250512852,-1.3926,-8.1328,2.1074,0.6519,-0.3220,-0.5293
1635250512862,-1.4863,-8.3281,2.3145,0.6851,-0.3721,-0.5771
1635250512881,-1.4023,-8.7500,2.6738,0.7266,-0.4465,-0.6187
1635250512886,-1.1963,-9.1719,3.0137,0.7861,-0.4924,-0.6323
1635250512891,-0.9429,-9.4375,3.3359,0.8999,-0.4893,-0.6123
1635250512906,-0.7729,-9.3672,3.2676,1.0547,-0.4531,-0.5801
1635250512910,-0.7085,-9.3047,2.9863,1.2373,-0.4116,-0.5547
1635250512923,-0.7202,-9.1875,2.6406,1.3516,-0.3923,-0.5313
1635250512929,-0.7441,-9.0703,2.6523,1.4072,-0.4167,-0.5044
1635250512943,-0.7754,-9.0313,3.3574,1.3711,-0.4998,-0.4866
1635250512948,-0.7109,-8.9063,4.2461,1.2637,-0.5742,-0.4409
1635250512972,-0.5171,-8.9063,5.2930,1.0918,-0.6006,-0.3867
1635250512977,-0.2825,-8.8125,6.1016,0.8911,-0.5518,-0.3633
1635250512996,-0.0455,-8.8203,6.3047,0.7241,-0.4380,-0.3386
1635250513003,0.0120,-8.9844,5.9570,0.5825,-0.2976,-0.2781
1635250513008,-0.0072,-9.1016,5.5508,0.4009,-0.1775,-0.1909
1635250513012,-0.0407,-9.0234,5.0078,0.1593,-0.1083,-0.1015
1635250513033,-0.1029,-9.2188,4.8281,-0.0864,-0.0721,-0.0302
1635250513037,-0.1915,-9.7266,4.7617,-0.2864,-0.0508,0.0336
1635250513046,-0.2394,-10.4141,4.7109,-0.3108,-0.0391,0.1102
1635250513050,-0.2585,-10.9297,4.5547,-0.0864,-0.0381,0.1858
1635250513063,-0.1915,-11.0078,4.5234,0.3232,-0.0296,0.2262
1635250513068,-0.0646,-10.6563,5.0781,0.7349,-0.0157,0.2240
1635250513093,0.1125,-9.8203,5.3398,1.0127,0.0194,0.2496
1635250513097,0.1699,-9.3359,5.3984,1.1465,0.0620,0.3262
1635250513102,0.1053,-9.2500,5.2852,1.1055,0.1013,0.4092
1635250513112,0.0000,-9.1328,5.3164,0.9946,0.1354,0.4592
1635250513117,-0.0598,-8.8906,5.3047,0.8701,0.1492,0.4880
1635250513143,-0.1699,-8.7031,5.1016,0.6924,0.1661,0.5410
1635250513157,-0.1699,-8.7031,5.1016,0.6914,0.1683,0.5493
1635250513162,-0.2896,-8.4063,5.0000,0.7432,0.1587,0.5493
1635250513168,-0.2441,-8.1172,5.1641,0.7783,0.1523,0.5493
1635250513173,-0.1580,-7.8906,5.3945,0.7881,0.1545,0.5591
1635250513183,-0.0694,-7.8828,5.5781,0.7656,0.1694,0.5781
1635250513188,0.0048,-7.9688,5.6680,0.7124,0.2013,0.5923
1635250513213,0.0431,-8.0000,5.7695,0.6680,0.2450,0.5962
1635250513218,0.0622,-8.0703,5.8359,0.6528,0.2864,0.5952
1635250513222,0.0000,-8.1016,5.7617,0.6563,0.3354,0.5952
1635250513233,-0.1125,-7.7773,5.6328,0.6572,0.3906,0.6143
1635250513237,-0.2537,-7.2656,5.4844,0.6563,0.4141,0.6304
1635250513263,-0.3542,-6.9883,5.4063,0.6411,0.4099,0.6323
1635250513268,-0.4331,-6.9258,5.4531,0.5645,0.3982,0.6294
1635250513272,-0.5435,-6.9570,5.5703,0.4541,0.3918,0.6206
1635250513297,-0.6870,-6.9727,5.6250,0.3625,0.3950,0.5942
1635250513305,-0.8281,-7.0195,5.7109,0.3242,0.4045,0.5571
1635250513311,-0.9097,-7.0000,5.7734,0.3147,0.4185,0.5356
1635250513326,-1.0029,-6.9375,5.7617,0.3328,0.4546,0.5293
1635250513331,-1.0908,-6.8320,5.6172,0.3667,0.4949,0.5249
1635250513336,-1.2090,-6.7461,5.6992,0.3657,0.5298,0.5059
1635250513344,-1.3838,-6.7617,5.8750,0.3052,0.5576,0.4836
1635250513354,-1.6084,-7.0938,5.9102,0.2849,0.5894,0.4795
1635250513364,-1.8311,-7.4648,5.8555,0.3103,0.6191,0.4900
1635250513368,-1.9512,-7.4219,5.8008,0.3359,0.6299,0.4858
1635250513400,-1.9600,-6.8711,5.6328,0.3530,0.6172,0.4634
1635250513407,-1.8838,-6.3398,5.4453,0.3679,0.5972,0.4412
1635250513412,-1.8359,-6.1641,5.3672,0.3232,0.5918,0.4326
1635250513418,-2.0039,-6.0039,5.3438,0.1976,0.6182,0.4294
1635250513424,-2.2832,-5.8477,5.2188,0.0381,0.6377,0.4028
1635250513436,-2.5293,-5.8828,5.0000,-0.1013,0.6260,0.3528
1635250513442,-2.6836,-6.0586,4.7539,-0.2439,0.5884,0.2996
1635250513464,-2.7520,-6.2969,4.6680,-0.3992,0.5405,0.2634
1635250513469,-2.7598,-6.5234,4.5977,-0.5361,0.4939,0.2505
1635250513475,-2.7148,-6.7148,4.4336,-0.6064,0.4556,0.2527
1635250513479,-2.7012,-6.9102,4.2227,-0.6011,0.4236,0.2454
1635250513504,-2.7813,-6.9805,4.0742,-0.5630,0.3865,0.2166
1635250513527,-2.8809,-6.8633,3.9590,-0.5107,0.3374,0.1687
1635250513532,-2.9648,-6.6719,3.7461,-0.4290,0.2715,0.1208
1635250513540,-2.9922,-6.5742,3.7852,-0.3608,0.1853,0.0666
1635250513545,-2.9551,-6.5664,3.9277,-0.3459,0.0811,0.0017
1635250513549,-2.8555,-6.5938,4.2148,-0.3491,-0.0115,-0.0515
1635250513556,-2.7480,-6.6641,4.5117,-0.3481,-0.0828,-0.0930
1635250513561,-2.5996,-6.6836,4.7539,-0.3472,-0.1360,-0.1271
1635250513574,-2.4727,-6.7578,4.7695,-0.3193,-0.1742,-0.1600
1635250513579,-2.4238,-6.8203,4.6367,-0.2512,-0.2008,-0.1835
1635250513604,-2.4219,-6.9375,4.5313,-0.1545,-0.2371,-0.2101
1635250513609,-2.3828,-7.0430,4.4570,-0.0704,-0.2837,-0.2494
1635250513614,-2.2832,-7.0625,4.4219,0.0051,-0.3369,-0.2898
1635250513625,-2.1777,-7.0742,4.5625,0.0806,-0.3882,-0.3271
1635250513629,-2.0313,-7.1719,4.7266,0.1263,-0.4307,-0.3718
1635250513655,-1.8887,-7.2891,4.8633,0.1519,-0.4573,-0.4048
1635250513659,-1.8027,-7.3906,4.9023,0.2008,-0.4795,-0.4102
1635250513664,-1.7568,-7.4219,4.9023,0.3232,-0.5039,-0.4153
1635250513678,-1.6729,-7.3945,4.7891,0.4924,-0.5264,-0.4419
1635250513683,-1.5674,-7.4023,4.8711,0.5942,-0.5425,-0.4644
1635250513696,-1.4316,-7.2656,5.0508,0.5850,-0.5508,-0.4612
1635250513700,-1.2686,-7.1563,5.1914,0.5273,-0.5698,-0.4292
1635250513725,-1.1650,-7.1250,5.3359,0.4519,-0.5859,-0.4121
1635250513730,-1.1348,-7.0859,5.4375,0.3508,-0.5957,-0.4431
1635250513734,-1.1133,-7.1484,5.5000,0.2656,-0.6074,-0.4802
1635250513745,-1.0986,-7.3516,5.5273,0.2423,-0.6138,-0.4878
1635250513750,-1.0742,-7.5313,5.6445,0.2764,-0.6265,-0.4856
1635250513775,-0.9741,-7.5664,5.7148,0.3647,-0.6348,-0.4866
1635250513780,-0.8447,-7.5469,5.8359,0.4902,-0.6357,-0.4941
1635250513786,-0.7852,-7.5078,5.8242,0.5815,-0.6304,-0.4941
1635250513795,-0.7588,-7.3906,5.6758,0.6104,-0.6230,-0.4866
1635250513800,-0.7661,-7.2070,5.4102,0.5771,-0.6348,-0.4749
1635250513825,-0.7466,-7.0977,5.1992,0.4871,-0.6646,-0.4717
1635250513830,-0.6680,-6.9609,5.2188,0.3848,-0.7031,-0.4941
1635250513835,-0.6533,-6.9258,5.6094,0.3018,-0.7466,-0.5430
1635250513846,-0.5957,-7.2109,6.1445,0.2423,-0.7881,-0.5972
1635250513850,-0.4788,-7.5508,6.4766,0.2083,-0.8052,-0.6035
1635250513876,-0.2871,-7.6445,6.5234,0.2507,-0.7998,-0.5737
1635250513880,0.0096,-7.6094,6.5039,0.3657,-0.7871,-0.5557
1635250513906,0.2441,-7.3945,6.5547,0.4626,-0.7690,-0.5718
1635250513912,0.3757,-7.0469,6.4492,0.5283,-0.7539,-0.5864
1635250513919,0.4260,-6.7773,6.4023,0.5542,-0.7358,-0.5771
1635250513924,0.5073,-6.7383,6.5313,0.5327,-0.7148,-0.5737
1635250513931,0.7300,-6.7578,6.7734,0.4626,-0.6880,-0.5684
1635250513935,0.9863,-6.7461,6.9805,0.4072,-0.6528,-0.5576
1635250513947,1.1943,-6.8086,6.7813,0.4263,-0.6021,-0.5493
1635250513951,1.2617,-6.8438,6.7227,0.6753,-0.4912,-0.6025
1635250513976,1.5410,-6.3906,6.6758,0.8955,-0.4541,-0.6270
1635250513981,1.7666,-6.6836,6.8555,1.2031,-0.4050,-0.5845
1635250513998,1.9150,-7.0234,7.4766,1.4521,-0.3359,-0.5293
1635250514004,2.0215,-7.3359,7.4883,1.5811,-0.2764,-0.4910
1635250514008,2.0723,-7.8750,7.3320,1.5830,-0.2402,-0.4143
1635250514016,2.0469,-8.0781,7.3203,1.4395,-0.2242,-0.3057
1635250514037,2.0098,-7.4961,7.1250,1.2734,-0.2380,-0.2345
1635250514046,1.8857,-6.5039,7.3008,1.1582,-0.2742,-0.2537
1635250514050,1.7666,-5.4336,7.6836,1.0264,-0.3169,-0.3228
1635250514056,1.6875,-4.5938,7.8945,0.8730,-0.3486,-0.3589
1635250514062,1.8027,-4.4258,7.9414,0.6943,-0.3540,-0.3250
1635250514087,2.0488,-5.0938,8.0156,0.4370,-0.3499,-0.2686
1635250514093,2.2559,-5.8984,8.1875,0.1647,-0.3188,-0.2153
1635250514097,2.2324,-6.4883,8.3125,0.0444,-0.2688,-0.1653
1635250514107,2.1484,-6.8516,8.3984,0.1040,-0.2498,-0.1504
1635250514112,2.1348,-6.7383,8.2969,0.2008,-0.2678,-0.1696
1635250514143,2.1953,-6.3242,8.0391,0.2561,-0.2805,-0.1866
1635250514150,2.2344,-5.8359,7.9766,0.2455,-0.2668,-0.1835
1635250514156,2.2207,-5.4141,7.9766,0.1796,-0.2477,-0.1792
1635250514165,2.2344,-5.3164,7.8633,0.1147,-0.2371,-0.1760
1635250514172,2.1758,-5.5781,7.8047,0.0987,-0.2190,-0.1547
1635250514188,2.0625,-5.8789,7.6680,0.1252,-0.2104,-0.1292
1635250514194,2.0410,-6.0859,7.4336,0.1881,-0.2317,-0.1228
1635250514201,2.1113,-6.1094,7.2969,0.2466,-0.2668,-0.1409
1635250514207,2.2090,-5.8984,7.4688,0.2539,-0.2986,-0.1664
1635250514225,2.3047,-5.5938,7.6406,0.2157,-0.3306,-0.1876
1635250514231,2.3359,-5.4102,7.7109,0.1658,-0.3486,-0.1770
1635250514244,2.2305,-5.3359,7.7227,0.1274,-0.3423,-0.1483
1635250514252,2.0938,-5.2930,7.7461,0.1508,-0.3286,-0.1312
1635250514260,2.0254,-5.4063,7.9141,0.2200,-0.3391,-0.1398
1635250514265,2.0547,-5.4922,7.8906,0.2615,-0.3499,-0.1558
1635250514278,2.1680,-5.5586,7.6797,0.2966,-0.3391,-0.1429
1635250514283,2.1484,-5.4883,7.6367,0.3784,-0.3169,-0.1175
1635250514308,2.1445,-5.3242,7.5703,0.5029,-0.3147,-0.1483
1635250514312,2.2344,-5.3242,7.4805,0.5488,-0.3455,-0.1941
1635250514317,2.3477,-5.3750,7.4766,0.4541,-0.3604,-0.1813
1635250514340,2.4492,-5.2031,7.7344,0.2966,-0.3337,-0.1398
1635250514344,2.4551,-5.0273,8.0938,0.1221,-0.3093,-0.1196
1635250514356,2.5137,-5.5430,8.2813,-0.0641,-0.2891,-0.1207
1635250514361,2.5684,-6.2813,8.5391,-0.2098,-0.2168,-0.0930
1635250514367,2.5313,-6.4844,8.7266,-0.2544,-0.1306,-0.0409
1635250514372,2.4492,-6.3242,8.8359,-0.1183,-0.0817,-0.0175
1635250514401,2.2813,-5.9219,8.6328,0.0902,-0.0583,-0.0217
1635250514408,2.1914,-5.2930,8.3672,0.2222,-0.0327,-0.0206
1635250514413,2.2930,-4.8320,8.2344,0.2094,0.0056,-0.0047
1635250514419,2.5801,-4.9492,8.0391,-0.0534,0.0109,0.0357
1635250514425,2.7090,-5.6094,7.7891,-0.4482,0.0194,0.1038
1635250514456,2.5293,-5.6016,7.6484,-0.8569,0.0502,0.1581
1635250514460,2.3672,-5.2891,7.5703,-1.2002,0.0396,0.1261
1635250514468,2.4141,-5.6133,7.7422,-1.4092,0.0194,0.0666
1635250514499,2.4453,-5.8359,7.7813,-1.4941,0.0470,0.0496
1635250514500,2.3457,-5.7422,7.7031,-1.3594,0.0757,0.0443
1635250514501,2.2520,-5.5938,7.7266,-1.0557,0.0757,0.0038
1635250514512,2.3027,-5.3438,7.7070,-0.7866,0.0757,-0.0472
1635250514516,2.4727,-5.2578,7.6680,-0.6343,0.0949,-0.0643
1635250514534,2.6094,-5.3711,7.6797,-0.6309,0.1311,-0.0409
1635250514546,2.6660,-5.6953,7.5313,-0.7324,0.1672,-0.0175
1635250514552,2.6133,-6.0586,7.2852,-0.8462,0.2013,-0.0164
1635250514559,2.5449,-6.3203,7.2500,-0.9248,0.2247,-0.0419
1635250514564,2.4922,-6.3672,7.2148,-0.9854,0.2407,-0.0664
1635250514571,2.4629,-6.2500,7.0977,-1.0176,0.2544,-0.0632
1635250514575,2.4941,-6.1602,7.1094,-1.0566,0.2683,-0.0441
1635250514589,2.5254,-6.0586,7.1133,-1.1533,0.2886,-0.0345
1635250514593,2.5469,-6.1211,7.0430,-1.2861,0.3206,-0.0217
1635250514619,2.4980,-6.2578,6.8516,-1.4121,0.3586,0.0028
1635250514623,2.3516,-6.5469,6.5781,-1.4756,0.3918,0.0166
1635250514628,2.2871,-6.9180,6.4805,-1.4971,0.4119,0.0187
1635250514652,2.3125,-7.2734,6.4570,-1.4805,0.4172,0.0240
1635250514657,2.3887,-7.5273,6.3516,-1.3965,0.4290,0.0549
1635250514665,2.4238,-7.4922,6.2070,-1.2754,0.4451,0.0911
1635250514670,2.4336,-7.3867,6.1836,-1.1748,0.4619,0.1081
1635250514715,2.4453,-7.2695,6.1914,-1.1406,0.4812,0.1261
1635250514720,2.4551,-7.2266,6.0859,-1.1396,0.5117,0.1666
1635250514726,2.4453,-7.2773,5.9688,-1.1543,0.5493,0.2050
1635250514732,2.4180,-7.3359,5.9258,-1.1992,0.5757,0.2198
1635250514736,2.5039,-7.4922,5.7461,-1.2441,0.5801,0.2273
1635250514743,2.5508,-7.6563,5.5430,-1.2666,0.5703,0.2496
1635250514748,2.4746,-7.8359,5.6094,-1.2764,0.5674,0.2729
1635250514752,2.3477,-7.9922,5.5703,-1.2676,0.5703,0.2856
1635250514759,2.2754,-8.1563,5.5859,-1.2256,0.5649,0.3113
1635250514769,2.2813,-8.3047,5.5898,-1.1904,0.5493,0.3474
1635250514779,2.2344,-8.3125,5.4336,-1.1816,0.5493,0.3835
1635250514784,2.0996,-8.3438,5.2617,-1.1650,0.5640,0.4124
1635250514815,2.0684,-8.7422,4.7148,-1.1514,0.5610,0.4443
1635250514820,2.2129,-9.0781,4.3633,-1.1660,0.5288,0.4773
1635250514825,2.2383,-9.2969,4.1172,-1.1611,0.5034,0.5249
1635250514831,2.1035,-9.3125,4.1992,-1.1309,0.4832,0.5601
1635250514836,1.9336,-9.2031,4.4102,-1.0713,0.4663,0.5815
1635250514860,1.7852,-9.0547,4.4570,-0.9897,0.4578,0.6050
1635250514864,1.6875,-9.0000,4.3750,-0.9111,0.4683,0.6313
1635250514869,1.5059,-9.1016,4.1680,-0.8462,0.4897,0.6440
1635250514879,1.3232,-9.2344,3.8320,-0.7813,0.5034,0.6475
1635250514884,1.1914,-9.2031,3.3828,-0.7207,0.4993,0.6646
1635250514910,1.0742,-9.0313,2.9824,-0.6777,0.4683,0.6890
1635250514917,1.0049,-8.8906,2.8379,-0.6958,0.4036,0.7026
1635250514921,0.9121,-8.7422,2.9063,-0.7788,0.3237,0.6934
1635250514931,0.8208,-8.5859,2.9961,-0.8706,0.2556,0.6807
1635250514936,0.6797,-8.6406,3.1172,-0.9141,0.2173,0.6636
1635250514965,0.5264,-8.8281,3.2090,-0.9097,0.1960,0.6401
1635250514969,0.4858,-9.0078,3.1289,-0.8438,0.1810,0.6338
1635250514983,0.5098,-9.0313,2.8867,-0.7192,0.1821,0.6582
1635250514989,0.4932,-8.8828,2.6465,-0.5479,0.1864,0.6807
1635250514999,0.3662,-8.5469,2.4648,-0.3738,0.1970,0.6738
1635250515017,0.0766,-8.1484,2.4004,-0.2290,0.2162,0.6367
1635250515037,-0.2847,-7.7969,2.3457,-0.1396,0.2290,0.5879
1635250515041,-0.6484,-7.4688,2.1680,-0.1098,0.2162,0.5283
1635250515049,-0.9238,-7.2695,2.0313,-0.1322,0.1821,0.4497
1635250515054,-1.0820,-7.2227,1.9219,-0.2002,0.1257,0.3699
1635250515059,-1.0869,-7.2539,1.8379,-0.2854,0.0470,0.3005
1635250515065,-0.9814,-7.4258,1.8027,-0.3672,-0.0285,0.2283
1635250515071,-0.8735,-7.6289,1.8955,-0.4312,-0.0955,0.1538
1635250515076,-0.8184,-7.7266,2.1563,-0.4385,-0.1434,0.0804
1635250515112,-0.8379,-7.6094,2.3008,-0.3726,-0.1550,0.0123
1635250515117,-0.8950,-7.5078,2.3164,-0.2311,-0.1274,-0.0504
1635250515121,-1.0625,-7.4453,2.1816,-0.0651,-0.0902,-0.1185
1635250515127,-1.2422,-7.4258,1.9365,0.0955,-0.0646,-0.1835
1635250515132,-1.4189,-7.4922,1.7666,0.2211,-0.0721,-0.2483
1635250515140,-1.5176,-7.6289,1.7832,0.2881,-0.1200,-0.3164
1635250515145,-1.5273,-7.8164,1.9580,0.3083,-0.1965,-0.3718
1635250515170,-1.4170,-7.9141,2.2031,0.3201,-0.2656,-0.4143
1635250515175,-1.3066,-7.8203,2.4766,0.3423,-0.3030,-0.4568
1635250515179,-1.2373,-7.6250,2.7051,0.3752,-0.3052,-0.5122
1635250515190,-1.2588,-7.5859,2.8867,0.4094,-0.2954,-0.5781
1635250515195,-1.3662,-7.6172,2.8848,0.4551,-0.2805,-0.6177
1635250515220,-1.4268,-7.5547,2.7480,0.5508,-0.2700,-0.6387
1635250515225,-1.5195,-7.2969,2.9902,0.6538,-0.2773,-0.6694
1635250515230,-1.4316,-7.1250,3.4258,0.6392,-0.3220,-0.7388
1635250515240,-1.0908,-7.5742,3.5918,0.4871,-0.3838,-0.7886
1635250515245,-0.7275,-8.3203,3.6445,0.2104,-0.4094,-0.7354
1635250515270,-0.5049,-8.8750,3.7715,-0.1056,-0.4167,-0.6611
1635250515278,-0.3782,-9.2422,3.9551,-0.3088,-0.4094,-0.6431
1635250515282,-0.2058,-9.6250,4.0898,-0.3503,-0.3594,-0.6475
1635250515290,-0.1436,-10.0078,4.1172,-0.2576,-0.2615,-0.6333
1635250515296,-0.2346,-10.1484,4.0273,-0.0630,-0.1498,-0.6025
1635250515321,-0.3208,-10.1406,3.7910,0.2147,-0.0689,-0.5620
1635250515325,-0.3254,-10.1563,3.3828,0.5039,-0.0306,-0.5249
1635250515330,-0.1986,-10.2656,3.2285,0.7637,-0.0327,-0.4834
1635250515341,0.0431,-10.4531,3.6367,0.9487,-0.0732,-0.4387
1635250515345,0.3254,-10.5000,4.1680,1.0732,-0.1168,-0.3845
1635250515371,0.6221,-10.4922,4.5313,1.2344,-0.1125,-0.3110
1635250515375,0.7300,-10.5000,4.8555,1.4668,-0.0498,-0.2462
1635250515380,0.6631,-10.3125,5.1055,1.7305,0.0364,-0.2015
1635250515400,0.5049,-9.7344,5.2422,1.9365,0.0992,-0.1760
1635250515412,0.2607,-8.6797,5.2930,1.9785,0.1205,-0.1621
1635250515418,0.1555,-7.0820,5.1367,1.6592,0.0811,-0.1461
1635250515425,0.3567,-6.6523,5.5039,0.9873,-0.0019,-0.1387
1635250515432,0.6392,-7.2930,5.8789,0.0646,-0.0370,-0.0930
1635250515444,0.7993,-8.4219,5.8906,-0.7100,0.0002,-0.0185
1635250515458,0.7900,-9.8438,5.7734,-1.0225,0.0790,0.0219
1635250515463,0.6245,-10.9766,5.4844,-0.8462,0.1790,0.0410
1635250515471,0.3469,-11.5000,5.0938,-0.3237,0.2576,0.0762
1635250515476,0.1125,-11.2031,4.7617,0.2720,0.2864,0.1400
1635250515502,0.0048,-10.2734,4.7344,0.6787,0.2544,0.2039
1635250515512,0.0909,-9.1797,4.8906,0.8042,0.1949,0.2496
1635250515514,0.2130,-8.3438,5.3047,0.6904,0.1587,0.2900
1635250515522,0.3423,-7.9648,5.6758,0.3933,0.1587,0.3049
1635250515527,0.3972,-7.9844,5.8008,0.0413,0.1938,0.3027
1635250515553,0.3374,-8.3281,5.6992,-0.2236,0.2428,0.3135
1635250515566,0.1819,-8.7500,5.4141,-0.3428,0.2917,0.3369
1635250515572,-0.0191,-8.8672,5.2031,-0.3333,0.3396,0.3582
1635250515578,-0.1986,-8.8047,5.0586,-0.2756,0.3757,0.3708
1635250515583,-0.3398,-8.6016,4.6523,-0.2407,0.4055,0.4006
1635250515592,-0.3901,-8.4688,4.4336,-0.2927,0.4172,0.4465
1635250515596,-0.4524,-8.3672,4.3906,-0.4385,0.3982,0.4709
1635250515622,-0.4932,-8.3047,4.1484,-0.6001,0.3789,0.4763
1635250515626,-0.6177,-8.5156,4.1133,-0.7109,0.3735,0.4719
1635250515654,-0.7422,-8.6484,4.1055,-0.7930,0.3748,0.4729
1635250515670,-0.9312,-8.6328,3.9258,-0.8022,0.3789,0.5015
1635250515675,-1.1777,-8.6484,3.7461,-0.7344,0.3821,0.5293
1635250515680,-1.4238,-8.6484,3.5332,-0.6426,0.3801,0.5337
1635250515685,-1.6152,-8.6641,3.3203,-0.5547,0.3535,0.5283
1635250515690,-1.7402,-8.8047,3.1543,-0.4673,0.3054,0.5259
1635250515695,-1.7471,-8.9688,3.1074,-0.3779,0.2450,0.5293
1635250515701,-1.7109,-9.0313,3.1309,-0.2778,0.1810,0.5410
1635250515707,-1.7305,-9.0234,3.1836,-0.1620,0.1449,0.5493
1635250515732,-1.8242,-8.9141,3.1406,0.1093,0.1343,0.5601
1635250515736,-2.3594,-8.7344,3.1016,0.2795,0.1088,0.5400
1635250515741,-2.5801,-8.8047,3.1445,0.4604,0.0598,0.5039
1635250515752,-2.7148,-8.8359,3.3223,0.6836,-0.0083,0.4678
1635250515756,-2.6094,-8.6641,3.8613,0.9829,-0.1263,0.4124
1635250515782,-2.3301,-8.3750,4.7109,1.4268,-0.2593,0.3401
1635250515786,-2.0176,-8.1641,5.2852,1.9375,-0.2710,0.2793
1635250515791,-1.9893,-8.3438,5.1211,2.6094,-0.1210,0.1974
1635250515802,-2.2813,-8.9688,4.5078,3.3672,0.0353,0.1038
1635250515806,-2.5977,-9.8594,3.5156,4.1055,0.0790,0.0751
1635250515832,-2.6484,-10.1875,2.7227,4.7227,0.0162,0.1676
1635250515836,-2.4551,-9.4922,2.6309,5.1484,-0.1487,0.2571
1635250515852,-1.9102,-8.0313,2.7422,5.3672,-0.3784,0.2273
1635250515858,-1.3379,-6.2813,3.2266,5.1992,-0.5957,0.1326
1635250515863,-1.0313,-4.1367,3.8281,4.5391,-0.7798,0.0368
1635250515872,-0.8857,-1.9512,4.6680,3.5664,-0.9199,-0.0611
1635250515876,-0.6724,-0.4141,5.7148,2.4023,-1.0225,-0.1973
1635250515910,-0.2681,-0.1245,6.5703,1.1543,-1.0586,-0.3206
1635250515914,0.1580,-1.2754,6.9063,-0.0534,-1.0186,-0.3345
1635250515921,0.3184,-3.4570,6.8906,-0.9673,-0.9443,-0.2079
1635250515927,0.3423,-5.9688,6.7539,-1.3457,-0.8828,-0.0813
1635250515932,0.4211,-8.0391,6.5547,-1.1084,-0.8340,-0.0653
1635250515942,0.6895,-8.8906,6.2461,-0.4546,-0.8223,-0.1377
1635250515947,1.1611,-8.3438,6.2148,0.2869,-0.8457,-0.2196
1635250515972,1.5391,-6.8438,6.3086,0.8403,-0.8604,-0.2654
1635250515977,1.7158,-5.4492,6.5156,1.0869,-0.8394,-0.2813
1635250515981,1.7783,-4.9023,6.8359,1.0420,-0.7925,-0.2739
1635250515992,1.7949,-4.9375,7.1406,0.7935,-0.7319,-0.2271
1635250515997,1.6729,-5.0625,7.4648,0.5552,-0.6763,-0.1589
1635250516022,1.5537,-5.0234,7.6797,0.4817,-0.6411,-0.1260
1635250516040,1.6250,-4.8320,7.6680,0.5444,-0.6304,-0.1600
1635250516045,1.7207,-4.7266,7.5664,0.6553,-0.6265,-0.2111
1635250516053,1.8359,-4.5820,7.6367,0.6455,-0.6211,-0.2313
1635250516058,1.9385,-4.3008,7.6523,0.4775,-0.6104,-0.2334
1635250516068,2.0957,-4.1484,7.5430,0.2296,-0.5957,-0.2473
1635250516074,2.2402,-4.4453,7.5430,-0.0194,-0.5742,-0.2695
1635250516079,2.3164,-4.9727,7.5391,-0.1875,-0.5552,-0.2771
1635250516093,2.3809,-5.4375,7.5430,-0.2130,-0.5488,-0.2791
1635250516098,2.4570,-5.6992,7.6563,-0.1119,-0.5518,-0.2908
1635250516130,2.5586,-5.7109,7.7813,0.0274,-0.5542,-0.2993
1635250516135,2.6133,-5.4727,7.6875,0.1561,-0.5488,-0.2781
1635250516139,2.6465,-5.2383,7.7695,0.2380,-0.5444,-0.2430
1635250516145,2.7051,-4.9883,7.9023,0.2413,-0.5488,-0.2164
1635250516150,2.7617,-4.7930,8.1016,0.1742,-0.5464,-0.1993
1635250516163,2.8164,-4.8672,8.3047,0.0678,-0.5361,-0.1802
1635250516181,2.8281,-5.0703,8.5000,-0.0396,-0.5146,-0.1632
1635250516187,2.8457,-5.2891,8.5859,-0.1119,-0.4946,-0.1675
1635250516192,2.8262,-5.5469,8.4766,-0.1205,-0.4731,-0.1813
1635250516203,2.8242,-5.6953,8.2578,-0.0757,-0.4456,-0.1760
1635250516207,2.7910,-5.6953,8.1406,0.0008,-0.4243,-0.1536
1635250516233,2.7383,-5.6406,8.1250,0.0732,-0.4019,-0.1323
1635250516237,2.6230,-5.4961,8.0938,0.1200,-0.3743,-0.1079
1635250516242,2.4453,-5.4102,8.1641,0.1541,-0.3477,-0.0972
1635250516253,2.2910,-5.3984,8.1719,0.1550,-0.3359,-0.1068
1635250516257,2.2617,-5.5195,8.0391,0.1252,-0.3413,-0.1238
1635250516283,2.3770,-5.7852,8.0156,0.0562,-0.3455,-0.1366
1635250516288,2.5410,-5.7813,8.0313,-0.0556,-0.3328,-0.1355
1635250516292,2.8223,-5.4805,8.1875,-0.1821,-0.3169,-0.1292
1635250516303,3.1094,-6.2070,8.9141,-0.3652,-0.2786,-0.1175
1635250516308,2.9902,-7.0898,8.9375,-0.5938,-0.1647,-0.0313
1635250516333,2.8535,-7.1797,8.7969,-0.6738,-0.0530,0.1219
1635250516338,2.7363,-7.1953,8.6094,-0.4780,-0.0093,0.1953
1635250516342,2.5566,-7.3945,8.6875,-0.2216,0.0109,0.1772
1635250516353,2.3262,-6.7227,8.6172,-0.0598,0.0534,0.1709
1635250516358,2.2383,-6.0977,8.2813,0.1157,0.0928,0.2124
1635250516383,2.1387,-6.0977,7.9297,0.3201,0.1151,0.2688
1635250516388,1.9463,-5.8164,7.5391,0.4082,0.1024,0.2771
1635250516398,1.8262,-5.1133,7.4063,0.3923,0.0375,0.2294
1635250516407,1.9033,-4.8086,7.5430,0.3157,-0.0296,0.1761
1635250516414,2.0215,-5.0313,7.6602,0.1317,-0.0540,0.1655
1635250516425,2.1172,-5.2422,8.0156,-0.1024,-0.0551,0.1804
1635250516430,2.2188,-5.2969,8.0781,-0.2493,-0.0551,0.1750
1635250516454,2.3340,-5.5117,8.1172,-0.2715,-0.0530,0.1613
1635250516459,2.3770,-5.4609,7.9883,-0.2502,-0.0317,0.1559
1635250516463,2.3496,-5.2109,7.7891,-0.1886,-0.0221,0.1517
1635250516474,2.3027,-5.0352,7.8555,-0.1737,-0.0221,0.1421
1635250516479,2.2695,-4.8047,7.7305,-0.2311,-0.0083,0.1315
1635250516504,2.3750,-4.8477,7.8594,-0.3311,0.0066,0.1357
1635250516508,2.5586,-5.2734,8.0625,-0.4153,0.0279,0.1389
1635250516513,2.6895,-5.6953,8.1797,-0.4695,0.0715,0.1389
1635250516524,2.6719,-5.9063,8.0156,-0.4131,0.1183,0.1294
1635250516529,2.5879,-5.8359,7.7109,-0.2544,0.1311,0.1144
1635250516554,2.5195,-5.4844,7.5586,-0.1109,0.1183,0.0836
1635250516560,2.5039,-5.2070,7.7109,-0.0779,0.1237,0.0623
1635250516564,2.5000,-5.0313,8.0469,-0.1843,0.1555,0.0825
1635250516577,2.5078,-4.9648,8.2500,-0.3865,0.1885,0.1230
1635250516582,2.5586,-5.1875,8.2031,-0.5874,0.2205,0.1464
1635250516594,2.5840,-5.4961,8.1563,-0.7280,0.2629,0.1506
1635250516598,2.4980,-5.7266,8.0156,-0.8057,0.3066,0.1368
1635250516624,2.3379,-6.0703,7.8711,-0.8013,0.3406,0.1251
1635250516628,2.2324,-6.3750,7.8789,-0.7417,0.3704,0.1346
1635250516635,2.2090,-6.4492,7.9570,-0.6362,0.4150,0.1538
1635250516644,2.2949,-6.3047,7.9766,-0.6064,0.4502,0.1804
1635250516649,2.2949,-6.3047,7.9766,-0.6064,0.4502,0.1804
1635250516676,2.2734,-6.3438,7.8203,-0.6450,0.5522,0.2305
1635250516680,2.1289,-6.4180,7.5078,-0.6895,0.6025,0.2465
1635250516684,1.9551,-6.4609,7.2188,-0.7065,0.6309,0.2517
1635250516694,1.7998,-6.5078,7.0859,-0.7163,0.6377,0.2314
1635250516698,1.7256,-6.6289,7.1719,-0.7437,0.6440,0.2039
1635250516724,1.6543,-6.8047,7.3203,-0.7686,0.6631,0.1974
1635250516729,1.5146,-6.9297,7.3359,-0.7769,0.6831,0.2091
1635250516733,1.4316,-7.0859,7.2305,-0.7534,0.7036,0.2156
1635250516745,1.4912,-7.2148,7.2461,-0.7163,0.7217,0.2166
1635250516750,1.5654,-7.1797,7.0859,-0.6885,0.7407,0.2251
1635250516776,1.5361,-7.0664,6.8203,-0.6343,0.7671,0.2465
1635250516782,1.4619,-6.9922,6.7109,-0.6143,0.7876,0.2581
1635250516788,1.3877,-7.0313,6.5977,-0.6323,0.8057,0.2539
1635250516797,1.2275,-7.1602,6.3945,-0.6406,0.8228,0.2590
1635250516803,1.0264,-7.2813,6.3516,-0.6245,0.8335,0.2644
1635250516816,0.8496,-7.3398,6.4883,-0.6045,0.8291,0.2549
1635250516822,0.7490,-7.3711,6.6523,-0.5938,0.8184,0.2465
1635250516836,0.7612,-7.3711,6.6836,-0.5776,0.8076,0.2559
1635250516842,0.8594,-7.3672,6.6797,-0.5801,0.8047,0.2825
1635250516856,0.9839,-7.3516,6.4492,-0.5938,0.8193,0.3135
1635250516862,1.0146,-7.3047,6.1406,-0.5894,0.8398,0.3442
1635250516876,0.8423,-7.2656,5.9609,-0.5874,0.8501,0.3591
1635250516882,0.5049,-7.3008,5.8125,-0.5845,0.8555,0.3623
1635250516897,0.1675,-7.4570,5.7734,-0.5439,0.8555,0.3718
1635250516913,-0.0837,-7.5547,5.6836,-0.4375,0.8335,0.3848
1635250516923,-0.1986,-7.4766,5.5078,-0.3374,0.7803,0.3772
1635250516930,-0.1675,-7.3594,5.5352,-0.3035,0.7227,0.3613
1635250516938,-0.0814,-7.1797,5.5742,-0.3162,0.6895,0.3708
1635250516944,-0.0359,-6.9805,5.5820,-0.3289,0.6704,0.3911
1635250516955,-0.1125,-6.9141,5.5547,-0.3491,0.6543,0.3879
1635250516960,-0.4116,-6.9219,5.4492,-0.3887,0.6470,0.3667
1635250516985,-0.7681,-7.0391,5.3594,-0.4290,0.6299,0.3528
1635250516990,-1.0166,-7.2070,5.2422,-0.4587,0.5854,0.3528
1635250516994,-1.0742,-7.2891,5.1016,-0.4854,0.5225,0.3484
1635250517005,-0.9790,-7.4258,5.0977,-0.4790,0.4651,0.3335
1635250517011,-0.7661,-7.4961,5.0195,-0.4556,0.4302,0.3293
1635250517042,-0.6509,-7.3750,4.7734,-0.4204,0.4172,0.3357
1635250517048,-0.8403,-7.2109,4.5938,-0.3694,0.4109,0.3369
1635250517056,-1.2734,-7.1484,4.4219,-0.3311,0.4014,0.3145
1635250517063,-1.6416,-7.0977,4.3203,-0.3289,0.3608,0.2793
1635250517070,-1.8291,-7.1406,4.5742,-0.3640,0.2905,0.2390
1635250517076,-1.8643,-7.2305,4.9297,-0.4333,0.2119,0.2059
1635250517080,-1.8115,-7.2891,4.9609,-0.4705,0.1715,0.1910
1635250517106,-1.8525,-7.3398,4.8203,-0.4502,0.1683,0.1793
1635250517110,-1.9795,-7.2148,4.7344,-0.4290,0.1726,0.1410
1635250517115,-2.0410,-7.0117,4.7930,-0.4534,0.1438,0.0921
1635250517125,-1.9814,-6.9922,4.9023,-0.5215,0.0960,0.0613
1635250517129,-1.7422,-7.1641,4.8438,-0.6226,0.0598,0.0559
1635250517159,-1.5361,-7.3672,4.5859,-0.7139,0.0460,0.0623
1635250517162,-1.4189,-7.5586,4.2734,-0.7437,0.0492,0.0602
1635250517165,-1.4121,-7.8047,4.2305,-0.7109,0.0524,0.0559
1635250517185,-1.4648,-7.9336,4.2695,-0.6777,0.0470,0.0570
1635250517201,-1.6084,-7.8594,4.2930,-0.6426,0.0343,0.0698
1635250517205,-1.7373,-7.8594,4.3477,-0.6045,0.0236,0.0709
1635250517210,-1.7588,-7.8398,4.3516,-0.5757,0.0151,0.0549
1635250517214,-1.6943,-7.9414,4.4180,-0.5439,0.0066,0.0443
1635250517226,-1.5986,-8.0391,4.3984,-0.4961,0.0013,0.0464
1635250517232,-1.4883,-8.0469,4.3164,-0.4312,0.0098,0.0645
1635250517256,-1.4004,-8.0078,4.2969,-0.3662,0.0247,0.0772
1635250517259,-1.3594,-7.8359,4.1992,-0.3354,0.0396,0.0879
1635250517263,-1.4238,-7.6250,4.1016,-0.3323,0.0555,0.0985
1635250517286,-1.5801,-7.5234,4.0195,-0.3481,0.0630,0.0900
1635250517289,-1.7686,-7.5820,4.0156,-0.3662,0.0587,0.0666
1635250517293,-1.8623,-7.8398,4.0430,-0.3599,0.0449,0.0400
1635250517316,-1.7852,-8.1563,4.0352,-0.3066,0.0226,0.0283
1635250517320,-1.6416,-8.2891,3.9844,-0.1949,0.0087,0.0283
1635250517324,-1.5439,-8.1797,3.8750,-0.0566,0.0130,0.0272
1635250517347,-1.5752,-7.8594,3.8555,0.0466,0.0268,0.0177
1635250517353,-1.6943,-7.4023,3.8320,0.0646,0.0204,-0.0026
1635250517359,-1.8672,-6.9688,3.7715,0.0008,-0.0147,-0.0366
1635250517366,-1.9697,-6.7539,3.6191,-0.1289,-0.0615,-0.0919
1635250517378,-1.9697,-6.8438,3.3887,-0.3076,-0.1210,-0.1569
1635250517386,-1.9248,-7.2031,3.3535,-0.5000,-0.2051,-0.2142
1635250517389,-1.8477,-7.7227,3.3613,-0.6309,-0.2986,-0.2568
1635250517416,-1.7285,-8.3984,3.5566,-0.6270,-0.3689,-0.2866
1635250517421,-1.5391,-8.9297,3.7051,-0.5024,-0.3987,-0.3047
1635250517426,-1.4434,-9.0625,3.7461,-0.2576,-0.3860,-0.3120
1635250517436,-1.4287,-8.8906,3.7246,0.0381,-0.3562,-0.3164
1635250517440,-1.5127,-8.4375,3.5469,0.2688,-0.3350,-0.3281
1635250517466,-1.6543,-7.9883,3.3945,0.3733,-0.3486,-0.3462
1635250517469,-1.7109,-8.0234,3.6797,0.3550,-0.4180,-0.3792
1635250517473,-1.5508,-8.4609,4.1172,0.2274,-0.5127,-0.4067
1635250517497,-1.3115,-8.9141,4.2773,0.1221,-0.5732,-0.3813
1635250517502,-1.1084,-9.2188,4.5352,0.1625,-0.5679,-0.3354
1635250517510,-1.0029,-9.2188,4.6445,0.2922,-0.5308,-0.3196
1635250517520,-1.0557,-8.9219,4.4805,0.4912,-0.4978,-0.2888
1635250517530,-1.2354,-8.4453,4.1992,0.4912,-0.4978,-0.2888
1635250517540,-1.2617,-8.9375,4.6367,0.5146,-0.5708,-0.2939
1635250517549,-1.0938,-9.4531,4.8242,0.4861,-0.5806,-0.2483
1635250517557,-0.9429,-9.7422,5.2383,0.5527,-0.5435,-0.1653
1635250517562,-0.8066,-10.0156,5.4219,0.7402,-0.4731,-0.1015
1635250517586,-0.6631,-10.2500,5.8672,0.9561,-0.3870,-0.0292
1635250517591,-0.6582,-9.9141,6.1719,1.1064,-0.2837,0.0676
1635250517595,-0.6460,-9.2813,6.2578,1.2246,-0.1849,0.1517
1635250517616,-0.5767,-8.7813,6.2461,1.2637,-0.0870,0.2113
1635250517620,-0.5000,-8.3516,6.4102,1.1797,0.0087,0.2676
1635250517624,-0.5527,-7.8750,6.7227,0.9873,0.0843,0.3103
1635250517647,-0.7012,-7.4375,6.6641,0.7891,0.1470,0.3433
1635250517652,-0.8760,-7.4063,6.4414,0.5933,0.1949,0.3816
1635250517660,-0.9336,-7.8945,6.5117,0.2954,0.2225,0.4336
1635250517668,-0.9453,-8.4688,6.6523,-0.0471,0.2439,0.5059
1635250517674,-1.0527,-8.8750,6.5273,-0.2258,0.2864,0.5898
1635250517702,-1.1729,-9.0469,6.3984,-0.2013,0.3469,0.6357
1635250517703,-1.2637,-8.9453,6.3711,-0.0704,0.3950,0.6230
1635250517704,-1.3760,-8.9375,6.1484,0.1104,0.4248,0.6250
1635250517727,-1.5654,-8.8516,5.6523,0.3923,0.4470,0.6738
1635250517730,-1.5986,-8.5625,5.4648,0.7188,0.4407,0.7026
1635250517736,-1.3066,-8.1719,5.6211,0.9648,0.3928,0.6665
1635250517747,-1.0293,-7.7148,5.8008,1.0947,0.3684,0.6538
1635250517750,-1.0605,-7.2500,5.8984,1.1143,0.3884,0.6655
1635250517777,-1.2803,-6.9141,6.0586,0.9893,0.4131,0.6440
1635250517780,-1.4746,-6.6953,6.2930,0.7637,0.4194,0.6089
1635250517784,-1.5938,-6.6328,6.3398,0.5176,0.4077,0.5996
1635250517807,-1.6133,-6.9023,6.1523,0.3264,0.3748,0.5908
1635250517810,-1.5029,-7.4883,6.0039,0.1848,0.3672,0.5815
1635250517814,-1.4697,-7.8359,5.8633,0.1338,0.3982,0.5942
1635250517838,-1.5586,-7.8867,5.7969,0.2179,0.4397,0.6069
1635250517843,-1.6680,-7.6484,5.8047,0.3733,0.4663,0.6006
1635250517848,-1.7568,-7.1484,5.9844,0.4871,0.4768,0.5889
1635250517858,-1.8193,-6.6875,6.1953,0.5200,0.4939,0.5869
1635250517863,-2.0391,-6.3984,6.0859,0.4807,0.5205,0.5889
1635250517888,-2.2832,-6.2891,6.0703,0.4307,0.5396,0.5781
1635250517899,-2.4844,-6.2227,6.1016,0.3784,0.5415,0.5327
1635250517907,-2.5293,-6.1875,6.1680,0.3369,0.5361,0.4688
1635250517916,-2.4648,-6.1602,6.3008,0.3052,0.5469,0.4199
1635250517922,-2.4121,-6.1445,6.3008,0.2688,0.5767,0.3984
1635250517929,-2.3652,-6.0664,6.1211,0.2211,0.6108,0.3953
1635250517937,-2.3711,-5.7266,5.8750,0.1252,0.6387,0.3826
1635250517957,-2.4043,-5.3086,5.7070,-0.0311,0.6440,0.3389
1635250517961,-2.6035,-4.9531,5.4414,-0.2301,0.6514,0.2900
1635250517964,-2.9375,-4.8594,5.2070,-0.4258,0.6426,0.2314
1635250517987,-3.2617,-4.9492,4.9648,-0.6216,0.5962,0.1484
1635250517991,-3.4414,-4.9258,4.5938,-0.7778,0.5151,0.0464
1635250517995,-3.4844,-4.7344,4.1758,-0.8994,0.4131,-0.0674
1635250518020,-3.5137,-4.5000,3.8711,-1.0020,0.2991,-0.1941
1635250518026,-3.5273,-4.4766,3.7617,-1.0928,0.1810,-0.3291
1635250518035,-3.5215,-4.7344,3.8320,-1.1855,0.0640,-0.4451
1635250518046,-3.4902,-5.2383,4.0625,-1.2285,-0.0445,-0.5366
1635250518050,-3.3535,-6.1094,4.3242,-1.1641,-0.1338,-0.6035
1635250518059,-3.0391,-7.1836,4.3945,-1.0098,-0.2051,-0.6611
1635250518063,-2.7305,-8.0547,4.5547,-0.7598,-0.2402,-0.6929
1635250518088,-2.4863,-8.7031,4.8516,-0.3843,-0.2466,-0.7026
1635250518092,-2.2520,-9.2422,5.0078,0.1104,-0.2242,-0.6909
1635250518096,-2.0703,-9.5781,4.8555,0.6509,-0.1764,-0.6538
1635250518118,-1.9414,-9.4609,4.6367,1.1279,-0.1243,-0.5928
1635250518122,-1.8809,-8.7266,4.6953,1.4307,-0.1061,-0.5176
1635250518126,-1.8789,-7.6016,4.9688,1.5342,-0.1125,-0.4590
1635250518148,-1.8457,-6.6016,5.1836,1.4609,-0.1221,-0.4282
1635250518152,-1.7549,-6.1133,5.5430,1.2334,-0.1104,-0.4016
1635250518156,-1.6777,-5.9961,5.9727,0.8550,-0.0806,-0.3633
1635250518184,-1.6826,-5.8672,6.3047,0.3806,-0.0413,-0.3259
1635250518185,-1.7637,-5.4453,6.7188,-0.1663,0.0013,-0.3303
1635250518187,-1.8193,-4.7031,6.8789,-0.8418,0.0481,-0.3855
1635250518209,-1.8145,-4.2891,6.5742,-1.5781,0.1024,-0.4473
1635250518213,-1.7900,-4.6133,5.9570,-2.3066,0.1534,-0.4482
1635250518217,-1.7715,-5.5664,5.0820,-2.9629,0.1853,-0.4058
1635250518234,-1.7764,-6.8086,4.1797,-3.4043,0.1970,-0.3750
1635250518235,-1.8145,-8.2031,3.3984,-3.4824,0.2141,-0.3589
1635250518259,-1.9033,-9.4688,2.8691,-3.1895,0.2354,-0.3547
1635250518263,-1.9863,-10.4375,2.9512,-2.6094,0.2067,-0.3867
1635250518267,-1.9746,-11.0859,3.2559,-1.8848,0.1385,-0.4333
1635250518278,-1.8027,-11.3516,3.6289,-1.1318,0.1002,-0.4409
1635250518283,-1.6582,-11.2578,3.6660,-0.4290,0.1172,-0.3994
1635250518308,-1.5322,-11.1953,3.6387,0.2136,0.1555,-0.3452
1635250518312,-1.4932,-11.2578,3.7715,0.8052,0.1758,-0.2920
1635250518315,-1.4883,-11.2734,3.8535,1.3730,0.1832,-0.2367
1635250518339,-1.5059,-11.2891,3.8828,1.9678,0.2098,-0.1813
1635250518342,-1.4795,-10.9922,3.9805,2.5254,0.2491,-0.1196
1635250518346,-1.4580,-9.7969,4.2031,2.8809,0.2502,-0.0579
1635250518369,-1.4453,-8.1094,4.6172,2.9570,0.2035,-0.0451
1635250518374,-1.4141,-6.3984,4.8789,2.7480,0.1672,-0.0632
1635250518379,-1.3184,-5.1016,5.2188,2.3066,0.1534,-0.0664
1635250518389,-1.1514,-4.4688,5.6875,1.6641,0.1428,-0.0664
1635250518394,-0.9189,-4.6016,6.1680,0.9170,0.1460,-0.0579
1635250518425,-0.7397,-5.1758,6.4336,0.1519,0.1927,-0.0462
1635250518426,-0.6680,-5.9648,6.2578,-0.5449,0.2800,-0.0494
1635250518429,-0.6558,-6.9570,5.9297,-1.0791,0.3938,-0.0430
1635250518450,-0.6724,-8.0000,5.7656,-1.4502,0.5078,0.0166
1635250518452,-0.6919,-8.7344,5.3672,-1.7207,0.7021,0.2666
1635250518454,-0.6270,-9.8438,4.6484,-1.5830,0.7949,0.3921
1635250518479,-0.7251,-10.1563,4.3594,-1.2852,0.8906,0.4995
1635250518481,-0.9551,-10.1172,4.3594,-0.8706,0.9780,0.5771
1635250518483,-1.1680,-9.6484,4.1641,-0.4556,1.0293,0.6230
1635250518508,-1.2471,-9.1953,3.9336,-0.0960,1.0547,0.6646
1635250518510,-1.2207,-8.9688,3.8320,0.1508,1.0918,0.7271
1635250518512,-1.2803,-8.6797,3.9063,0.2593,1.1582,0.7910
1635250518539,-1.4580,-8.2266,3.8945,0.3125,1.2344,0.8188
1635250518541,-1.8984,-7.8828,3.7695,0.4167,1.2900,0.8164
1635250518544,-2.5703,-7.7031,3.7383,0.5264,1.2920,0.7700
1635250518570,-3.0273,-7.5508,3.6426,0.5635,1.2305,0.7007
1635250518577,-3.1680,-7.4258,3.5996,0.5356,1.1279,0.6699
1635250518584,-3.1230,-7.3867,3.6074,0.4722,1.0176,0.6675
1635250518590,-2.9688,-7.1523,3.8867,0.3401,0.9302,0.6421
1635250518597,-2.8477,-6.7031,4.2344,0.1221,0.8867,0.5933
1635250518611,-2.9277,-6.3945,4.5703,-0.1172,0.8979,0.5601
1635250518616,-3.2832,-6.3633,4.4648,-0.3716,0.9385,0.5537
1635250518640,-3.7715,-6.4453,4.1367,-0.6099,0.9673,0.5571
1635250518646,-4.1836,-6.7227,3.6191,-0.8320,0.9463,0.5327
1635250518652,-4.4375,-7.3750,3.2949,-1.0029,0.8896,0.4922
1635250518660,-4.5508,-8.0391,3.1934,-1.1006,0.8193,0.4922
1635250518667,-4.6172,-8.2266,3.0059,-1.1182,0.7397,0.5186
1635250518691,-4.6484,-8.1641,2.8008,-1.0176,0.6631,0.5229
1635250518696,-4.6172,-8.1016,2.6758,-0.8750,0.6108,0.4846
1635250518702,-4.7070,-7.9531,2.6719,-0.7524,0.5947,0.4570
1635250518712,-4.9961,-7.7227,2.5605,-0.6514,0.5820,0.4773
1635250518718,-5.2813,-7.9336,2.5703,-0.5342,0.5332,0.5015
1635250518731,-5.3086,-8.5234,2.9492,-0.4055,0.4578,0.5142
1635250518737,-5.0938,-9.0547,2.9902,-0.1779,0.3811,0.5962
1635250518761,-4.7461,-9.6484,2.6738,0.2869,0.3469,0.7358
1635250518774,-4.5898,-10.5078,2.7891,0.8979,0.3735,0.8218
1635250518780,-4.8789,-10.9219,3.1348,1.4814,0.4397,0.8296
1635250518788,-5.4336,-10.1719,3.2695,2.0117,0.5078,0.8306
1635250518794,-6.0313,-8.3125,3.4277,2.4316,0.5259,0.8389
1635250518801,-6.3281,-6.3242,3.8418,2.6016,0.4917,0.7847
1635250518807,-6.3086,-5.1758,4.5508,2.4844,0.4705,0.6719
1635250518831,-6.1016,-5.0977,5.0469,2.1270,0.5142,0.6089
1635250518832,-6.0391,-5.4648,5.0781,1.5977,0.6089,0.6592
1635250518838,-6.2539,-5.7422,5.0820,1.1191,0.6855,0.7529
1635250518860,-6.6211,-5.7422,5.0234,0.8604,0.7100,0.7827
1635250518864,-6.9375,-5.7734,4.8555,0.8423,0.6875,0.7520
1635250518868,-7.1289,-5.6523,4.6719,0.9233,0.6489,0.7090
1635250518880,-7.0938,-5.4766,4.6250,0.9604,0.6152,0.6611
1635250518884,-6.9922,-5.3828,4.7969,0.9404,0.5845,0.6221
1635250518914,-6.8945,-5.3555,4.9219,0.8530,0.5513,0.5908
1635250518915,-6.8398,-5.4727,5.0000,0.7305,0.5259,0.5635
1635250518917,-6.9258,-5.4922,5.0078,0.5562,0.5088,0.5391
1635250518945,-7.0430,-5.3047,5.0742,0.3999,0.4907,0.5186
1635250518946,-7.1094,-5.0977,5.1836,0.2881,0.4663,0.5156
1635250518948,-7.0664,-5.0000,5.1133,0.1658,0.4163,0.5220
1635250518971,-6.8828,-5.1133,4.8203,0.0317,0.3503,0.5410
1635250518973,-6.6523,-5.3555,4.4688,-0.1577,0.2981,0.5752
1635250518975,-6.5430,-5.6563,4.3086,-0.3130,0.2588,0.6040
1635250519002,-6.5117,-5.7188,4.0234,-0.4036,0.2151,0.6089
1635250519004,-6.4492,-5.5703,3.4590,-0.3865,0.1449,0.5879
1635250519006,-6.2695,-5.5586,3.2363,-0.2927,0.0736,0.5654
1635250519032,-6.1406,-5.4102,3.3008,-0.2173,0.0130,0.5444
1635250519034,-6.0859,-5.1445,3.0664,-0.1460,-0.0721,0.5229
1635250519036,-5.9375,-5.0195,2.9316,-0.0662,-0.1604,0.4880
1635250519066,-5.8984,-4.8477,3.3262,-0.0417,-0.2062,0.4124
1635250519070,-5.8633,-4.7383,3.5742,-0.0747,-0.2380,0.3325
1635250519072,-5.9102,-5.2227,3.7871,-0.1109,-0.2646,0.3262
1635250519096,-5.8867,-6.2461,4.1758,-0.2109,-0.2656,0.4146
1635250519098,-5.6953,-6.7266,4.3477,-0.3140,-0.2380,0.5273
1635250519100,-5.5742,-6.4336,4.3711,-0.2194,-0.2190,0.6040
1635250519122,-5.5703,-5.8477,4.4453,0.0147,-0.2157,0.5869
1635250519124,-5.7148,-5.5781,4.5977,0.2062,-0.1934,0.5249
1635250519126,-6.0273,-5.7930,4.8086,0.2849,-0.1338,0.5356
1635250519152,-6.2578,-6.4297,5.1719,0.3040,-0.0487,0.6187
1635250519154,-6.2383,-6.6523,5.4648,0.3721,0.0353,0.6611
1635250519156,-6.1992,-6.1797,5.5000,0.5879,0.1045,0.6016
1635250519182,-6.2930,-5.4531,5.2422,0.9106,0.1438,0.4912
1635250519184,-6.3984,-4.8242,5.0938,1.0791,0.1683,0.3943
1635250519186,-6.5313,-4.1406,4.8984,0.9966,0.2524,0.3762
1635250519212,-6.6563,-3.6387,4.6055,0.7861,0.3640,0.4133
1635250519214,-6.5781,-3.9297,4.2344,0.5591,0.3735,0.4314
1635250519216,-6.5313,-4.2500,3.7441,0.3540,0.3130,0.4231
1635250519242,-6.6016,-4.2969,3.4922,0.2073,0.2864,0.3284
1635250519244,-6.6367,-4.7852,3.3613,0.1572,0.2693,0.2314
1635250519246,-6.6289,-5.3281,3.3828,0.1774,0.2556,0.2465
1635250519273,-6.8203,-5.2773,3.2090,0.2849,0.2512,0.2996
1635250519274,-7.0703,-4.9336,3.3125,0.5889,0.1864,0.2634
1635250519276,-6.9375,-4.3398,3.3027,0.9170,0.0375,0.1453
1635250519303,-6.6406,-3.6758,3.6289,1.1084,-0.0817,0.0240
1635250519305,-6.6055,-2.8984,4.1953,1.0400,-0.1338,-0.0760
1635250519306,-6.7344,-2.1328,4.2227,0.7305,-0.1827,-0.1675
1635250519333,-6.8125,-1.7520,4.6914,0.3550,-0.2317,-0.2281
1635250519335,-6.7969,-1.6016,5.2891,0.0019,-0.2571,-0.2993
1635250519336,-6.7461,-1.7139,5.1133,-0.2810,-0.2773,-0.3909
1635250519363,-6.5781,-2.6895,4.9766,-0.3821,-0.2998,-0.4441
1635250519366,-6.5039,-4.1836,5.3516,-0.4014,-0.2827,-0.4802
1635250519367,-6.6719,-5.5547,5.8203,-0.0417,-0.2328,-0.5708
1635250519392,-6.8633,-5.1797,5.8867,0.2805,-0.2688,-0.6611
1635250519393,-6.9258,-4.1250,5.9805,0.3572,-0.3242,-0.8081
1635250519395,-6.7969,-3.2578,5.8906,0.0210,-0.3733,-0.8867
1635250519423,-6.6211,-2.9453,5.1680,-0.6919,-0.4402,-0.8271
1635250519425,-6.4414,-3.1445,4.0195,-1.5234,-0.5347,-0.7207
1635250519426,-6.1992,-4.0938,3.9609,-2.2930,-0.6006,-0.7271
1635250519452,-6.0039,-4.7656,4.0508,-2.9629,-0.5996,-0.8198
1635250519453,-6.0547,-5.2266,4.1289,-3.3438,-0.5552,-0.8804
1635250519455,-6.6328,-5.7813,3.9102,-3.4785,-0.5039,-0.8740
1635250519484,-6.7266,-5.8125,3.7227,-3.5098,-0.5210,-0.8823
1635250519485,-5.9414,-6.4297,4.0000,-3.4863,-0.5410,-0.9805
1635250519487,-5.1953,-8.0938,5.0195,-3.3926,-0.4487,-1.0156
1635250519514,-4.9414,-8.3906,5.9844,-3.2344,-0.3008,-0.9590
1635250519515,-4.7500,-7.1680,5.8477,-2.8320,-0.1625,-0.9409
1635250519517,-4.6719,-6.8281,4.9648,-2.3672,-0.0115,-0.9185
1635250519544,-4.7383,-7.3594,3.4375,-2.3730,0.1077,-0.7749
1635250519546,-5.0039,-7.7539,1.9482,-2.7793,0.1758,-0.6079
1635250519547,-5.3086,-8.2656,0.9238,-3.1172,0.1864,-0.5513
1635250519573,-5.4453,-8.5313,0.5576,-3.1836,0.1268,-0.5991
1635250519580,-5.3789,-8.3125,0.5410,-2.9492,0.0279,-0.6738
1635250519586,-5.2266,-8.0625,0.5625,-2.5195,-0.0466,-0.7388
1635250519593,-5.0859,-7.9766,0.8403,-2.1719,-0.0508,-0.8037
1635250519600,-5.0313,-7.6641,1.1563,-2.0645,-0.0179,-0.8335
1635250519623,-5.0234,-7.3047,1.2305,-2.1367,0.0385,-0.8184
1635250519629,-4.9453,-7.2813,0.9766,-2.2715,0.0970,-0.8120
1635250519634,-4.8359,-7.7188,0.8569,-2.4355,0.1162,-0.8135
1635250519643,-4.7227,-8.2891,0.7300,-2.5566,0.0970,-0.8120
1635250519648,-4.6367,-8.8516,0.4260,-2.5156,0.0811,-0.7974
1635250519672,-4.5195,-9.3203,0.1652,-2.3730,0.1045,-0.7739
1635250519675,-4.4531,-9.6563,-0.1412,-2.1953,0.1428,-0.7324
1635250519679,-4.5234,-9.7656,-0.4524,-2.0195,0.1609,-0.6421
1635250519702,-4.5781,-9.6172,-0.7852,-1.9082,0.1726,-0.5459
1635250519706,-4.6914,-9.5625,-0.8447,-1.8623,0.1810,-0.4771
1635250519710,-4.7500,-9.5859,-0.5454,-1.8691,0.1332,-0.4133
1635250519732,-4.5273,-9.6563,-0.2178,-1.9004,0.0460,-0.3323
1635250519736,-4.1406,-9.6328,-0.1053,-1.9092,0.0162,-0.2494
1635250519740,-3.8633,-9.5391,-0.3040,-1.8789,0.0896,-0.1770
1635250519764,-3.8555,-9.4453,-0.6270,-1.7813,0.2311,-0.1207
1635250519769,-4.0313,-9.4219,-1.1152,-1.6514,0.3513,-0.0664
1635250519774,-4.2656,-9.5156,-1.7666,-1.4883,0.4185,0.0070
1635250519786,-4.4375,-9.5313,-2.1973,-1.2813,0.4226,0.0645
1635250519791,-4.4063,-9.3203,-2.4707,-1.0723,0.3770,0.1070
1635250519807,-4.3047,-8.9844,-2.6270,-0.8940,0.3396,0.1443
1635250519812,-4.3477,-8.6484,-2.7305,-0.7886,0.3301,0.1730
1635250519824,-4.5000,-8.2813,-2.7383,-0.8174,0.3140,0.1996
1635250519830,-4.6719,-7.9336,-2.6777,-0.9097,0.2534,0.2198
1635250519844,-4.7344,-7.7969,-2.4648,-0.9971,0.1470,0.2283
1635250519849,-4.6211,-7.7227,-2.4707,-1.0430,0.0577,0.2273
1635250519889,-4.5430,-7.8828,-2.6641,-1.0313,0.0353,0.2390
1635250519894,-4.5469,-8.2188,-2.8535,-0.9746,0.0513,0.2603
1635250519906,-4.5391,-8.6328,-3.0332,-0.9131,0.0545,0.2761
1635250519920,-4.4922,-8.7813,-2.9766,-0.8853,0.0236,0.2964
1635250519928,-4.4414,-8.4688,-3.0566,-0.8984,0.0002,0.3220
1635250519934,-4.4023,-8.1719,-2.9707,-0.8716,0.0077,0.3198
1635250519946,-4.4922,-7.8242,-3.0723,-0.8481,0.0300,0.3167
1635250519953,-4.6406,-7.6172,-3.2773,-0.8013,0.0640,0.3220
1635250519959,-4.7891,-7.5430,-3.6426,-0.7705,0.0768,0.3347
1635250519964,-4.9570,-7.6602,-4.0625,-0.7749,0.0524,0.3667
1635250519971,-5.1133,-7.7773,-4.1328,-0.8193,-0.0136,0.4016
1635250519977,-5.1445,-7.5000,-3.8594,-0.9165,-0.1317,0.4199
1635250519984,-4.9805,-7.1484,-3.7109,-0.9941,-0.2306,0.4304
1635250519989,-4.7617,-7.0352,-3.5254,-1.0059,-0.2637,0.4263
1635250520015,-4.6797,-7.0391,-3.5742,-0.9761,-0.2423,0.4092
1635250520016,-4.7617,-7.0938,-3.7578,-0.9111,-0.2062,0.3975
1635250520026,-4.9375,-7.1172,-3.9766,-0.8335,-0.1859,0.3857
1635250520036,-5.1055,-7.2031,-4.1953,-0.7866,-0.1976,0.3848
1635250520038,-5.1719,-7.2734,-4.4570,-0.8320,-0.2423,0.4070
1635250520062,-5.1797,-7.2773,-4.6758,-0.9238,-0.3179,0.4199
1635250520063,-5.0938,-7.1563,-4.5469,-1.0059,-0.4031,0.3984
1635250520076,-5.0078,-6.9492,-4.3281,-1.0371,-0.4604,0.3794
1635250520080,-5.0156,-6.8164,-4.1016,-0.9995,-0.4753,0.3784
1635250520105,-5.0820,-6.7344,-4.0078,-0.9229,-0.4646,0.3804
1635250520122,-5.2266,-6.7656,-4.2969,-0.8462,-0.4370,0.3965
1635250520127,-5.4219,-6.8203,-4.3047,-0.7969,-0.4316,0.4250
1635250520136,-5.5508,-6.5117,-4.1797,-0.8716,-0.4912,0.4475
1635250520141,-5.5039,-6.2305,-4.1211,-0.9814,-0.5732,0.4358
1635250520146,-5.3672,-6.2891,-4.0781,-1.0264,-0.6084,0.3943
1635250520151,-5.3164,-6.3477,-4.0938,-1.0029,-0.5869,0.3560
1635250520164,-5.3359,-6.3945,-4.3086,-0.8960,-0.5488,0.3220
1635250520169,-5.4648,-6.5430,-4.2227,-0.7354,-0.5176,0.2942
1635250520194,-5.6211,-6.4375,-4.0352,-0.5918,-0.5176,0.2720
1635250520199,-5.7070,-6.2969,-4.0625,-0.4834,-0.5103,0.2783
1635250520203,-5.7930,-6.3594,-3.9473,-0.4353,-0.5039,0.3123
1635250520214,-5.7148,-6.3711,-3.9199,-0.4385,-0.5293,0.3018
1635250520219,-5.5156,-6.3320,-3.9063,-0.3970,-0.5444,0.2622
1635250520244,-5.4180,-6.3477,-3.8770,-0.2822,-0.4966,0.2454
1635250520249,-5.5469,-6.3789,-3.8652,-0.1406,-0.4338,0.2400
1635250520254,-5.7617,-6.3359,-3.8965,-0.0162,-0.3945,0.2379
1635250520265,-6.0234,-6.1445,-3.8418,0.0434,-0.3923,0.2411
1635250520269,-6.1016,-5.7617,-3.6934,-0.0662,-0.4094,0.2294
1635250520295,-6.0703,-5.2383,-3.5391,-0.2311,-0.4158,0.2059
1635250520299,-6.0313,-5.3008,-3.6484,-0.3982,-0.4082,0.1741
1635250520305,-6.0586,-5.4727,-3.6855,-0.5015,-0.3945,0.1400
1635250520315,-6.0859,-5.6992,-3.8965,-0.5044,-0.3743,0.1166
1635250520319,-6.1484,-6.0117,-3.9883,-0.4077,-0.3530,0.1177
1635250520345,-6.2070,-6.0742,-3.9141,-0.2842,-0.3625,0.1091
1635250520350,-6.1875,-5.8359,-3.8516,-0.1694,-0.3679,0.1208
1635250520354,-6.1367,-5.6406,-3.6973,-0.0907,-0.3796,0.1166
1635250520365,-6.0703,-5.6133,-3.6797,-0.0896,-0.3701,0.0995
1635250520370,-6.2070,-5.6328,-3.6328,-0.1853,-0.3337,0.0825
1635250520395,-6.3438,-5.6680,-3.5977,-0.2991,-0.3232,0.0421
1635250520400,-6.3438,-5.7383,-3.6602,-0.3833,-0.3220,0.0294
1635250520424,-6.3633,-5.6563,-3.6914,-0.4663,-0.3220,0.0421
1635250520430,-6.3867,-5.4727,-3.7930,-0.5430,-0.3135,0.0474
1635250520437,-6.4688,-5.3164,-3.7988,-0.6206,-0.2966,0.0570
1635250520442,-6.5156,-5.2188,-3.8086,-0.7207,-0.2944,0.0538
1635250520449,-6.4609,-5.3594,-3.9805,-0.8247,-0.2913,0.0379
1635250520454,-6.4805,-5.3438,-3.9102,-0.9355,-0.2944,0.0485
1635250520466,-6.4688,-5.0352,-3.6660,-1.0137,-0.3135,0.0528
1635250520484,-6.3438,-4.8281,-3.3906,-1.0068,-0.3201,0.0240
1635250520495,-6.2383,-4.7305,-3.1113,-1.0176,-0.2903,-0.0089
1635250520499,-6.1719,-4.7070,-2.9648,-1.0615,-0.2285,-0.0472
1635250520505,-6.1328,-4.9883,-2.7715,-1.0430,-0.1550,-0.1154
1635250520509,-6.1016,-5.3984,-2.5703,-0.9004,-0.0636,-0.1887
1635250520536,-6.1445,-5.5547,-2.4219,-0.6533,0.0694,-0.2441
1635250520541,-6.3086,-5.7266,-2.4824,-0.4153,0.2290,-0.2483
1635250520557,-6.3203,-5.9922,-2.4863,-0.3162,0.3225,-0.2207
1635250520573,-6.0117,-5.8984,-2.6719,-0.3738,0.3567,-0.1770
1635250520577,-5.6250,-5.6992,-2.9746,-0.4099,0.3970,-0.1727
1635250520586,-5.4063,-5.9375,-3.2383,-0.3503,0.5234,-0.1866
