1635250613844,0.4812,5.5430,8.7656,-0.2311,-0.0838,-0.0472
1635250613846,0.9932,5.9688,8.2969,-0.3694,-0.0115,-0.0504
1635250613847,1.2373,5.1094,8.1719,-0.4163,0.1088,0.0932
1635250613848,-0.2969,4.1094,8.3281,-0.3865,0.0726,0.2028
1635250613865,-0.0598,4.3867,8.5469,-0.2661,-0.0870,0.0645
1635250613870,0.8521,4.9219,9.0000,-0.1141,-0.1827,-0.0377
1635250613871,1.2373,5.1641,9.3672,-0.0641,-0.1859,-0.0536
1635250613913,1.0000,5.0508,9.4297,-0.1268,-0.1338,-0.0217
1635250613915,0.7563,4.7539,9.1953,-0.1492,-0.0849,0.0028
1635250613917,0.8115,4.5195,8.9219,-0.0757,-0.0625,0.0028
1635250613920,0.9287,4.5625,8.7734,0.0455,-0.0530,0.0028
1635250613921,0.9453,4.8672,8.6641,0.1392,-0.0242,0.0187
1635250613948,0.8423,5.2734,8.6719,0.1753,0.0109,0.0368
1635250613950,0.8042,5.5742,8.7500,0.1433,0.0353,0.0443
1635250613952,0.8379,5.5352,8.7656,0.0562,0.0417,0.0410
1635250613979,0.8569,5.2305,8.8438,-0.0428,0.0470,0.0410
1635250613981,0.8472,4.9141,8.9375,-0.1077,0.0439,0.0517
1635250613982,0.8784,4.8008,9.0469,-0.1343,0.0343,0.0421
1635250614007,0.8569,4.8125,9.1172,-0.1332,0.0449,0.0304
1635250614010,0.8140,4.8242,9.0313,-0.1332,0.0545,0.0443
1635250614012,0.7754,4.7734,8.8750,-0.0822,0.0577,0.0559
1635250614037,0.7900,4.7539,8.6953,0.0168,0.0449,0.0368
1635250614044,0.8042,4.9141,8.6172,0.1136,0.0449,-0.0111
1635250614045,0.7227,5.1211,8.5078,0.1083,0.0662,0.0028
1635250614071,0.7324,5.2227,8.4141,0.0498,0.0736,-0.0015
1635250614077,0.7490,5.1055,8.4297,-0.0183,0.0704,-0.0153
1635250614078,0.7012,4.8711,8.4531,-0.0822,0.0673,0.0070
1635250614097,0.7202,4.7734,8.5313,-0.1172,0.0439,0.0059
1635250614098,0.7349,4.8086,8.6875,-0.0917,0.0215,-0.0143
1635250614099,0.6484,4.7695,8.7188,-0.0364,0.0172,-0.0111
1635250614128,0.6152,4.6914,8.6172,0.0232,0.0024,0.0028
1635250614130,0.6006,4.7617,8.5000,0.0828,-0.0083,0.0059
1635250614131,0.4788,5.0000,8.5234,0.1179,-0.0019,-0.0015
1635250614167,0.3853,5.2109,8.6328,0.0828,0.0119,0.0091
1635250614173,0.4932,5.1445,8.7891,-0.0119,0.0024,0.0166
1635250614178,0.8257,4.7773,8.9531,-0.0917,-0.0253,0.0325
1635250614182,0.8975,4.3711,9.0000,-0.1311,-0.0391,0.1070
1635250614193,0.7373,4.3516,9.1406,-0.1183,-0.0285,0.1357
1635250614195,0.6582,4.5430,9.2266,-0.0715,-0.0147,0.1549
1635250614200,0.7036,4.5703,9.2344,-0.0066,-0.0040,0.1719
1635250614233,0.8784,4.6172,9.1328,0.0413,-0.0104,0.1538
1635250614234,0.8643,4.8242,9.0234,0.1040,-0.0189,0.1081
1635250614242,0.7920,5.1445,8.7656,0.1689,-0.0391,0.0262
1635250614277,0.6938,5.2422,8.4531,0.1902,-0.0466,-0.0143
1635250614290,0.6919,5.1523,8.2813,0.1561,-0.0455,-0.0058
1635250614293,0.7466,5.1016,8.1719,0.0902,-0.0508,0.0017
1635250614295,0.8496,5.3477,8.2109,0.0466,-0.0657,-0.0196
1635250614297,0.9575,5.6719,8.3594,-0.0066,-0.0870,-0.0536
1635250614298,0.9717,5.9063,8.5234,-0.1152,-0.0806,-0.0898
1635250614324,0.9146,6.0703,8.6953,-0.2236,-0.0615,-0.1334
1635250614326,0.9072,6.1836,8.7969,-0.3003,-0.0455,-0.1951
1635250614327,0.9766,6.1211,8.7578,-0.3843,-0.0296,-0.2856
1635250614346,0.9766,5.9102,8.6172,-0.4651,-0.0093,-0.3452
1635250614350,0.8999,5.7539,8.3750,-0.5493,-0.0147,-0.3813
1635250614361,0.8184,5.9531,8.2031,-0.7173,-0.0210,-0.4517
1635250614362,0.5864,6.3203,7.9570,-1.0068,0.0087,-0.4175
1635250614395,0.3950,6.5352,7.7617,-1.4189,0.0534,-0.2727
1635250614396,0.1675,6.5156,7.4883,-1.8555,0.1449,-0.0377
1635250614397,0.4285,5.8984,7.0977,-1.9521,0.0981,0.1378
1635250614410,-0.2297,4.6250,7.4922,-1.6504,0.1927,-0.1696
1635250614411,-0.9072,4.1328,8.4531,-1.4854,0.3535,-1.0684
1635250614443,-0.0287,4.2109,8.4141,-1.6152,0.2385,-1.2920
1635250614445,0.2991,4.1758,8.9922,-1.6846,0.3757,-1.0771
1635250614446,0.7778,3.8633,9.1563,-1.8633,0.2109,-0.7612
1635250614469,0.5239,3.5020,9.1797,-1.9756,0.2216,-0.7271
1635250614471,-0.3877,3.2500,9.4063,-2.0273,0.3513,-0.9473
1635250614477,-0.7441,2.9961,9.3906,-2.0000,0.3662,-1.0693
1635250614498,-0.6772,2.6855,9.3281,-1.7695,0.3577,-1.0703
1635250614500,-0.4021,2.3965,9.6484,-1.4746,0.3662,-1.0859
1635250614502,-0.0191,2.0391,9.8984,-1.2256,0.4055,-1.1406
1635250614528,0.2083,1.5752,10.0469,-1.0361,0.4651,-1.1719
1635250614530,0.2106,1.2705,10.3203,-0.9077,0.5811,-1.0996
1635250614532,0.1627,1.2832,10.5391,-0.9502,0.6362,-1.0674
1635250614558,0.1364,1.2686,10.2578,-1.0684,0.6919,-1.0566
1635250614559,0.0144,1.1104,9.7578,-1.2764,0.7363,-1.0283
1635250614566,-0.2202,0.8521,9.2031,-1.5205,0.7534,-0.9409
1635250614577,-0.5981,0.6724,8.9297,-1.7207,0.7427,-0.8335
1635250614579,-0.9097,0.6294,8.9219,-1.8457,0.7109,-0.7705
1635250614608,-1.0215,0.5337,9.1016,-1.8945,0.6831,-0.7603
1635250614609,-1.0938,0.3279,9.4922,-1.8965,0.6777,-0.7515
1635250614610,-1.1270,0.1340,9.9063,-1.8770,0.6855,-0.7217
1635250614638,-1.1055,0.0191,10.1484,-1.8604,0.6938,-0.6738
1635250614639,-1.0293,-0.0598,10.0938,-1.8721,0.7090,-0.6357
1635250614640,-1.0293,-0.0981,9.7969,-1.9326,0.7300,-0.6313
1635250614673,-1.2178,-0.1652,9.5156,-2.0605,0.7373,-0.6440
1635250614674,-1.5293,-0.2705,9.3203,-2.2773,0.7119,-0.6450
1635250614676,-1.9336,-0.4714,9.2891,-2.5488,0.6904,-0.6079
1635250614699,-2.1172,-0.7920,9.4297,-2.8359,0.6704,-0.5376
1635250614701,-2.0957,-1.2422,9.6250,-3.0879,0.6704,-0.4749
1635250614702,-2.0215,-1.7324,9.7031,-3.2598,0.6885,-0.4282
1635250614730,-1.9912,-2.0430,9.6328,-3.3516,0.7036,-0.3984
1635250614737,-2.0000,-2.3047,9.4922,-3.3691,0.7109,-0.3770
1635250614739,-2.0996,-2.5801,8.9922,-3.3535,0.6958,-0.3516
1635250614748,-2.4883,-2.7402,8.0547,-3.3359,0.6440,-0.3281
1635250614749,-2.9395,-2.8418,7.2344,-3.3281,0.5610,-0.3037
1635250614779,-3.2910,-2.9629,6.8320,-3.3652,0.4768,-0.2759
1635250614780,-3.5371,-3.0488,6.7422,-3.4063,0.3970,-0.2473
1635250614781,-3.6230,-3.1543,6.7656,-3.4121,0.3066,-0.2260
1635250614810,-3.5332,-3.4727,6.6680,-3.3633,0.1992,-0.2122
1635250614811,-3.2656,-3.9922,6.6797,-3.3027,0.0917,-0.1962
1635250614812,-2.9004,-4.4961,6.7070,-3.2734,0.0162,-0.1727
1635250614840,-2.6641,-5.0742,6.7070,-3.2500,-0.0189,-0.1377
1635250614855,-2.4727,-5.5469,6.7305,-3.2246,-0.0423,-0.1079
1635250614856,-2.3809,-5.7227,6.6797,-3.1797,-0.0742,-0.1143
1635250614870,-2.3496,-5.8984,6.6016,-3.0742,-0.1115,-0.1366
1635250614872,-2.1758,-6.1875,6.6406,-2.9063,-0.1392,-0.1578
1635250614873,-2.0996,-6.3438,6.2773,-2.7246,-0.1583,-0.1696
1635250614898,-2.0586,-6.5469,5.8633,-2.5488,-0.1924,-0.1760
1635250614900,-1.9336,-6.7148,5.6953,-2.4023,-0.2274,-0.1770
1635250614902,-1.8936,-6.6289,5.6328,-2.2871,-0.2583,-0.1951
1635250614930,-1.7686,-6.7695,5.8203,-2.1758,-0.2871,-0.2324
1635250614931,-1.6543,-6.9141,6.1406,-2.0977,-0.3030,-0.2515
1635250614932,-1.6064,-6.7266,6.3008,-2.0449,-0.3201,-0.2578
1635250614961,-1.5293,-6.8945,6.2734,-1.9619,-0.3445,-0.2739
1635250614963,-1.4814,-7.5781,5.9961,-1.8613,-0.3594,-0.2705
1635250614964,-1.4023,-8.0234,6.0391,-1.8135,-0.3860,-0.2537
1635250615001,-1.1729,-8.1094,6.3242,-1.7900,-0.4265,-0.2686
1635250615004,-0.9146,-8.0234,6.4023,-1.7354,-0.4456,-0.2898
1635250615009,-0.7373,-7.8047,6.1836,-1.7061,-0.4497,-0.2971
1635250615011,-0.6797,-7.5430,5.9570,-1.6973,-0.4307,-0.3057
1635250615027,-0.6987,-7.3008,5.8008,-1.6504,-0.3987,-0.3354
1635250615028,-0.6870,-7.2031,5.5078,-1.5225,-0.3816,-0.3611
1635250615038,-0.4883,-7.7852,5.4609,-1.3086,-0.3743,-0.3643
1635250615043,-0.1532,-8.8047,5.4180,-1.0674,-0.3594,-0.3420
1635250615072,0.1005,-9.6016,5.0273,-0.7959,-0.3647,-0.2717
1635250615074,0.2561,-9.8750,4.8984,-0.4983,-0.3923,-0.1993
1635250615080,0.3469,-9.7578,5.0938,-0.2194,-0.4104,-0.1984
1635250615125,0.3926,-9.6953,5.4609,0.0870,-0.3765,-0.2419
1635250615128,0.3926,-9.6016,5.6289,0.4849,-0.3306,-0.2345
1635250615130,0.4932,-9.3359,6.0117,0.7891,-0.3337,-0.1727
1635250615132,0.7036,-8.7422,6.2500,0.8433,-0.3369,-0.1366
1635250615135,0.7681,-7.9883,6.0391,0.7637,-0.2966,-0.1271
1635250615149,0.6938,-7.5742,5.8242,0.6499,-0.2498,-0.1111
1635250615151,0.5215,-7.4453,5.7734,0.4104,-0.2360,-0.0909
1635250615152,0.3423,-7.2734,5.7695,0.0317,-0.2423,-0.0834
1635250615187,0.2417,-7.4063,5.8359,-0.2886,-0.2360,-0.0760
1635250615189,0.1293,-7.8359,5.7617,-0.4695,-0.2222,-0.0685
1635250615191,0.1268,-8.3125,5.6836,-0.5298,-0.2200,-0.0760
1635250615204,0.1866,-8.7109,5.6875,-0.5322,-0.2157,-0.0845
1635250615217,0.2202,-8.9688,5.7148,-0.4800,-0.1924,-0.0760
1635250615229,0.1460,-9.0313,5.6680,-0.3386,-0.1678,-0.0558
1635250615231,0.0048,-8.9609,5.5547,-0.1512,-0.1593,-0.0547
1635250615244,-0.1268,-8.7578,5.3945,0.0029,-0.1593,-0.0611
1635250615246,-0.1771,-8.5078,5.2617,0.0912,-0.1593,-0.0526
1635250615269,-0.1963,-8.1563,5.3594,0.1232,-0.1604,-0.0409
1635250615274,-0.1843,-7.7109,5.4180,0.0966,-0.1658,-0.0568
1635250615282,-0.1986,-7.4453,5.3711,0.0466,-0.1647,-0.0813
1635250615297,-0.1293,-7.4492,5.4297,-0.0322,-0.1541,-0.0941
1635250615298,-0.0958,-7.5977,5.5195,-0.1385,-0.1295,-0.0909
1635250615326,-0.1053,-7.7773,5.5234,-0.2268,-0.1061,-0.0898
1635250615328,-0.0958,-8.1250,5.3867,-0.2301,-0.0891,-0.1015
1635250615335,-0.1460,-8.4141,5.2109,-0.1769,-0.0721,-0.1079
1635250615354,-0.1819,-8.4375,5.0742,-0.1088,-0.0646,-0.1164
1635250615356,-0.2322,-8.2500,5.0273,-0.0247,-0.0668,-0.1238
1635250615360,-0.2969,-7.9961,4.9922,0.0306,-0.0742,-0.1334
1635250615371,-0.2202,-7.7695,5.0039,0.0295,-0.0838,-0.1483
1635250615373,-0.0790,-7.6211,5.0664,-0.0173,-0.0881,-0.1472
1635250615410,-0.0072,-7.5781,5.1953,-0.1130,-0.0785,-0.1515
1635250615411,0.0383,-7.6523,5.0898,-0.2258,-0.0551,-0.1727
1635250615413,0.0718,-7.9258,4.8672,-0.3066,-0.0402,-0.1738
1635250615448,0.0718,-8.4141,4.6445,-0.3140,-0.0349,-0.1547
1635250615456,0.0431,-8.8047,4.6133,-0.2502,-0.0317,-0.1494
1635250615458,-0.0048,-8.7891,4.6016,-0.1343,-0.0423,-0.1653
1635250615460,-0.0024,-8.5547,4.6563,0.0359,-0.0625,-0.1887
1635250615474,0.0862,-8.3047,4.7500,0.1753,-0.0849,-0.2036
1635250615476,0.2489,-8.2422,4.7617,0.2222,-0.0966,-0.1993
1635250615523,0.3613,-8.1797,4.7969,0.1753,-0.0902,-0.1749
1635250615537,0.3806,-8.0703,4.9258,0.0764,-0.0806,-0.1653
1635250615540,0.4189,-8.0469,4.9414,-0.0162,-0.0689,-0.1707
1635250615543,0.3950,-8.1563,4.9531,-0.0917,-0.0646,-0.1558
1635250615552,0.3303,-8.3672,4.9727,-0.1503,-0.0636,-0.1334
1635250615554,0.2441,-8.6406,4.9531,-0.1652,-0.0487,-0.1121
1635250615557,0.1699,-8.8281,4.9727,-0.1162,-0.0327,-0.0930
1635250615558,0.0287,-8.7578,5.1406,0.0370,-0.0168,-0.0856
1635250615560,-0.0814,-8.3984,5.2461,0.2263,-0.0030,-0.1047
1635250615572,-0.0718,-7.9453,5.3047,0.3616,-0.0008,-0.1377
1635250615577,-0.0144,-7.7539,5.3477,0.3550,-0.0051,-0.1334
1635250615615,0.0287,-7.7734,5.0391,0.0359,0.0268,-0.0728
1635250615616,0.0072,-8.0078,4.7617,-0.0524,0.0151,-0.0760
1635250615622,-0.0287,-8.4375,4.7813,-0.0566,-0.0008,-0.0930
1635250615630,-0.0670,-8.6484,4.9648,0.0008,0.0077,-0.0898
1635250615632,-0.0335,-8.4531,5.2773,0.1412,0.0226,-0.0834
1635250615645,0.0407,-8.2969,5.2109,0.3296,-0.0019,-0.1036
1635250615647,0.1724,-8.1563,5.2734,0.3413,-0.0274,-0.1196
1635250615673,0.1963,-7.9375,4.9805,0.2328,-0.0062,-0.1005
1635250615675,0.0837,-8.2813,4.8867,0.2157,0.0258,-0.0621
1635250615676,0.0551,-8.5859,5.6094,0.2466,0.0439,-0.0632
1635250615705,0.2250,-8.5938,6.6094,0.2019,0.0385,-0.0685
1635250615707,0.4788,-8.2188,6.9531,-0.0162,0.0396,-0.0185
1635250615714,0.8184,-8.1250,6.5156,-0.3472,0.0811,0.0634
1635250615732,0.8115,-8.3203,5.5156,-0.6323,0.1747,0.1272
1635250615734,0.5454,-8.6797,4.9648,-0.6938,0.2607,0.1378
1635250615735,0.2871,-9.1797,4.9258,-0.5313,0.2949,0.1400
1635250615761,0.3230,-9.4844,5.2852,-0.3184,0.2886,0.1921
1635250615764,0.6606,-9.5313,5.5234,-0.1779,0.2673,0.2932
1635250615765,0.9072,-9.6016,5.5469,-0.1226,0.2737,0.3835
1635250615798,0.9478,-9.5938,5.6602,-0.1864,0.2886,0.4368
1635250615801,0.9189,-9.3203,5.8477,-0.3428,0.3003,0.4646
1635250615804,0.9048,-9.0469,6.0352,-0.4812,0.3162,0.5015
1635250615820,0.9404,-9.0547,5.9961,-0.5703,0.3406,0.5547
1635250615822,0.9907,-9.2656,5.5820,-0.6396,0.3630,0.6367
1635250615823,1.0361,-9.5938,5.1563,-0.6621,0.3801,0.7314
1635250615872,1.1006,-9.8672,5.1563,-0.6426,0.3970,0.8101
1635250615876,1.1533,-9.8125,5.1953,-0.5972,0.4131,0.8721
1635250615878,1.1875,-9.6875,5.1953,-0.5161,0.4150,0.9307
1635250615879,1.2617,-9.5859,5.2617,-0.4578,0.4055,0.9878
1635250615885,1.1748,-9.2656,5.1523,-0.4429,0.4087,1.0371
1635250615910,0.9766,-9.0234,5.0430,-0.3970,0.4216,1.0615
1635250615912,0.7681,-8.9063,4.8594,-0.3545,0.4258,1.0615
1635250615931,0.6509,-8.7891,4.6133,-0.3608,0.4248,1.0723
1635250615936,0.6177,-8.9141,4.4961,-0.3652,0.4268,1.0928
1635250615938,0.6270,-8.9297,4.4766,-0.3459,0.4385,1.0957
1635250615939,0.5742,-8.6563,4.5195,-0.2874,0.4534,1.0742
1635250615973,0.3806,-8.4766,4.5508,-0.1663,0.4705,1.0439
1635250615974,0.2010,-8.3516,4.5000,-0.0492,0.4949,1.0205
1635250615991,0.0263,-7.9648,4.5078,0.0338,0.5088,1.0059
1635250615994,-0.1149,-7.6055,4.3828,0.1232,0.5117,0.9604
1635250615998,-0.2727,-7.2578,4.0742,0.1838,0.5205,0.8965
1635250616009,-0.5313,-6.8633,3.7012,0.1848,0.5278,0.8198
1635250616021,-0.8472,-6.6914,3.2891,0.1444,0.5205,0.7251
1635250616022,-1.1006,-6.7500,2.9629,0.0764,0.4961,0.6338
1635250616024,-1.2783,-6.6914,2.8809,-0.0237,0.4460,0.5537
1635250616057,-1.3496,-6.5664,2.8965,-0.0853,0.3906,0.4539
1635250616058,-1.3262,-6.4063,2.8945,-0.0949,0.3469,0.3411
1635250616059,-1.3877,-5.9531,2.9395,-0.1013,0.3269,0.2368
1635250616086,-1.5488,-5.3945,3.0059,-0.1248,0.3140,0.1155
1635250616087,-1.7783,-5.0625,2.9863,-0.1875,0.3088,-0.0175
1635250616089,-2.1426,-5.0391,2.6895,-0.3206,0.3098,-0.1440
1635250616114,-2.5293,-5.2930,2.4395,-0.4822,0.2959,-0.2556
1635250616116,-2.7949,-5.7188,2.3496,-0.6270,0.2544,-0.3652
1635250616119,-2.9160,-6.3203,2.2832,-0.7280,0.1981,-0.4729
1635250616146,-2.8867,-6.8555,2.2402,-0.7632,0.1534,-0.5547
1635250616149,-2.8281,-7.1523,2.2715,-0.7139,0.1321,-0.6187
1635250616154,-2.8574,-7.0625,2.3789,-0.6001,0.1354,-0.6729
1635250616171,-2.9375,-6.8867,2.3574,-0.4419,0.1406,-0.7314
1635250616172,-3.0176,-6.8828,2.4941,-0.3044,0.1395,-0.7954
1635250616174,-3.0508,-7.0117,2.8008,-0.2661,0.1321,-0.8462
1635250616202,-3.0176,-7.3203,3.0801,-0.2756,0.1268,-0.8794
1635250616205,-2.9844,-7.8828,3.1738,-0.2747,0.1428,-0.8896
1635250616207,-3.0605,-8.3125,3.1191,-0.2620,0.1810,-0.8794
1635250616234,-3.2051,-8.4531,2.9648,-0.1970,0.2098,-0.8652
1635250616235,-3.3223,-8.4141,2.8066,-0.0662,0.2151,-0.8560
1635250616236,-3.3965,-8.1875,2.6934,0.0636,0.2076,-0.8525
1635250616260,-3.4258,-7.8438,2.5703,0.1423,0.1918,-0.8525
1635250616270,-3.4961,-7.7148,2.6582,0.1658,0.1715,-0.8633
1635250616271,-3.5254,-7.7734,2.9512,0.0912,0.1460,-0.8794
1635250616290,-3.4922,-7.8086,3.1719,-0.0439,0.1162,-0.8848
1635250616299,-3.3848,-8.0781,3.3047,-0.1406,0.0917,-0.8740
1635250616302,-3.2031,-8.5391,3.2480,-0.2279,0.0832,-0.8633
1635250616320,-3.0039,-8.8672,3.0977,-0.3098,0.0885,-0.8452
1635250616322,-2.8594,-9.1094,2.8477,-0.3323,0.0896,-0.8110
1635250616323,-2.7539,-9.2969,2.6152,-0.2886,0.0885,-0.7720
1635250616353,-2.5898,-9.2891,2.3770,-0.2205,0.0822,-0.7407
1635250616355,-2.4551,-9.3906,2.2715,-0.1471,0.0640,-0.7217
1635250616356,-2.2832,-9.4922,2.2852,-0.0875,0.0428,-0.6982
1635250616382,-2.1367,-9.4531,2.4766,-0.0545,0.0290,-0.6685
1635250616384,-1.9863,-9.2656,2.6641,-0.0279,0.0151,-0.6494
1635250616386,-1.8047,-8.8594,2.8066,-0.0066,-0.0030,-0.6494
1635250616420,-1.6631,-8.3438,2.8652,-0.0226,-0.0157,-0.6655
1635250616421,-1.5889,-7.8242,2.8887,-0.0875,-0.0232,-0.6890
1635250616429,-1.5508,-7.6133,3.0488,-0.1938,-0.0413,-0.7305
1635250616431,-1.4404,-7.9688,3.2598,-0.3523,-0.0636,-0.7759
1635250616433,-1.2539,-8.7891,3.2188,-0.4993,-0.0679,-0.7686
1635250616477,-0.9600,-9.8438,2.9863,-0.5171,-0.0562,-0.7153
1635250616481,-0.6821,-10.7500,2.8145,-0.3726,-0.0306,-0.6396
1635250616484,-0.5122,-11.1250,2.8848,-0.0896,-0.0104,-0.5420
1635250616495,-0.5049,-10.8047,2.7598,0.2668,0.0013,-0.4517
1635250616497,-0.7134,-9.7969,2.4707,0.5137,-0.0221,-0.3845
1635250616504,-0.9287,-9.3828,3.6484,0.4636,-0.0519,-0.3962
1635250616514,-0.9907,-8.5313,4.4063,0.0008,-0.0157,-0.3931
1635250616517,-0.8164,-8.3750,4.3203,-0.5181,0.0002,-0.2961
1635250616540,-0.3447,-9.7344,4.1367,-0.9590,0.0183,-0.2345
1635250616543,-0.1555,-10.8906,3.6973,-1.2100,0.1162,-0.1844
1635250616545,-0.4021,-11.6875,3.2930,-1.0107,0.2045,-0.1312
1635250616579,-0.7705,-11.8672,3.0762,-0.5249,0.2354,-0.0876
1635250616584,-1.0693,-11.2344,3.0762,-0.0747,0.2087,-0.0504
1635250616590,-1.0693,-10.2969,3.2715,0.2094,0.1460,-0.0249
1635250616596,-0.8472,-9.6250,3.4570,0.2720,0.1002,-0.0185
1635250616600,-0.5767,-9.1953,3.5039,0.1125,0.0662,-0.0228
1635250616619,-0.3040,-9.2344,3.5039,-0.1300,0.0268,-0.0366
1635250616626,-0.0526,-9.6875,3.6426,-0.3684,0.0087,-0.0483
1635250616627,-0.0191,-10.0938,3.7871,-0.5171,0.0247,-0.0356
1635250616690,-0.2227,-10.4844,3.8457,-0.5000,0.0492,-0.0175
1635250616692,-0.4260,-10.6953,3.9336,-0.2822,0.0694,-0.0004
1635250616693,-0.5527,-10.4922,3.8281,0.0455,0.0875,0.0208
1635250616694,-0.5815,-9.9063,3.3848,0.3518,0.0970,0.0283
1635250616696,-0.4453,-9.5469,3.0488,0.4871,0.0928,0.0145
1635250616697,-0.3494,-9.6719,3.1113,0.1210,0.1194,0.0676
1635250616712,-0.1532,-10.3281,4.0508,-0.0098,0.1354,0.1081
1635250616714,-0.0048,-10.3438,4.4063,-0.0917,0.1704,0.1549
1635250616716,-0.0168,-9.9141,4.4531,-0.1268,0.2512,0.2156
1635250616742,-0.2466,-9.4766,4.0859,-0.1257,0.3406,0.2751
1635250616744,-0.5767,-9.2656,3.6523,-0.1460,0.4119,0.3123
1635250616745,-0.8950,-9.1406,3.1250,-0.2247,0.4736,0.3220
1635250616772,-1.2373,-9.2344,2.8145,-0.3215,0.5215,0.3262
1635250616778,-1.5273,-9.5703,2.6523,-0.4758,0.5386,0.3569
1635250616782,-1.8428,-9.8047,2.3926,-0.6460,0.5342,0.4187
1635250616790,-2.0723,-9.9141,2.2402,-0.7534,0.5117,0.4890
1635250616792,-2.2422,-9.7031,2.0430,-0.8203,0.4780,0.5474
1635250616821,-2.4238,-9.5625,2.0254,-0.8013,0.4290,0.5825
1635250616831,-2.4316,-9.5547,2.5605,-0.6958,0.3491,0.6187
1635250616832,-2.3477,-9.3828,2.5098,-0.6323,0.3640,0.6367
1635250616841,-2.5781,-9.5078,1.5342,-0.4451,0.5278,0.6689
1635250616842,-3.0664,-9.8516,0.4644,-0.2450,0.6406,0.7637
1635250616870,-3.5449,-9.7656,-0.5410,-0.1555,0.5747,0.8931
1635250616872,-3.8438,-9.4766,-1.0674,-0.1322,0.3950,0.9878
1635250616873,-3.9766,-9.1094,-1.2441,-0.1162,0.2024,1.0039
1635250616916,-4.0313,-8.7031,-1.0146,-0.0513,0.0364,0.9902
1635250616918,-4.1367,-8.3125,-0.6177,-0.0322,-0.1040,0.9697
1635250616919,-4.2148,-7.9648,-0.2297,-0.1013,-0.2360,0.9297
1635250616920,-4.1289,-7.9688,0.1915,-0.2087,-0.3584,0.8828
1635250616926,-3.9473,-8.3047,0.4883,-0.3662,-0.4646,0.8633
1635250616950,-3.7363,-8.6328,0.3208,-0.4343,-0.5317,0.8857
1635250616954,-3.7383,-8.8125,-0.1794,-0.2791,-0.5679,0.9136
1635250616958,-3.8926,-8.7422,-0.4331,0.0136,-0.6201,0.8931
1635250616971,-3.9668,-8.2500,-0.3613,0.3125,-0.7124,0.8350
1635250616972,-3.9590,-7.5078,-0.3303,0.5688,-0.8135,0.7764
1635250617005,-3.8125,-7.0234,-0.0407,0.7295,-0.8892,0.6934
1635250617006,-3.7188,-6.6719,0.2896,0.7222,-0.9561,0.5835
1635250617008,-3.6758,-6.3516,0.6870,0.6157,-1.0469,0.4666
1635250617022,-3.5918,-6.2852,1.2324,0.5210,-1.1504,0.3271
1635250617024,-3.3770,-6.2148,1.8428,0.4434,-1.2715,0.1527
1635250617052,-2.8867,-6.2578,2.0098,0.3914,-1.3896,-0.0036
1635250617054,-2.3281,-6.6367,1.7354,0.4199,-1.4639,-0.1334
1635250617055,-1.8906,-7.0313,1.3311,0.5391,-1.5254,-0.2664
1635250617081,-1.5820,-7.5195,0.9238,0.8135,-1.6104,-0.3962
1635250617085,-1.2900,-8.1172,0.9600,1.2549,-1.6992,-0.5059
1635250617086,-0.9766,-8.5313,1.8721,1.7432,-1.7852,-0.6060
1635250617110,-0.5957,-8.6016,3.0859,2.1230,-1.8428,-0.6865
1635250617111,-0.1388,-8.1641,4.1484,2.2266,-1.8408,-0.7290
1635250617113,0.1938,-7.2773,4.7656,1.9990,-1.7939,-0.7603
1635250617140,0.4644,-6.3516,4.9688,1.5527,-1.7314,-0.8081
1635250617141,0.7178,-5.9492,4.7422,1.0254,-1.6465,-0.8633
1635250617142,0.8950,-6.1602,4.2227,0.5317,-1.5400,-0.8994
1635250617170,1.0459,-7.0000,3.8770,0.1934,-1.4424,-0.9175
1635250617171,1.2783,-8.0625,3.6758,0.0540,-1.3574,-0.9238
1635250617172,1.4844,-8.8984,3.8398,0.1157,-1.2793,-0.9131
1635250617200,1.7422,-9.5313,4.4023,0.3018,-1.2324,-0.9048
1635250617201,2.1211,-9.5000,4.7617,0.4583,-1.2051,-0.8823
1635250617202,2.4922,-8.9922,5.1797,0.5210,-1.1387,-0.8379
1635250617231,2.7637,-8.4375,5.3164,0.4978,-1.0176,-0.8145
1635250617234,2.8359,-8.1719,5.2734,0.4614,-0.8730,-0.8047
1635250617236,2.8125,-8.1328,4.9961,0.4275,-0.7383,-0.7847
1635250617260,2.7422,-8.2109,4.5938,0.4082,-0.6167,-0.7515
1635250617262,2.6348,-8.2109,4.2305,0.4104,-0.5176,-0.7197
1635250617263,2.5898,-8.0938,3.9102,0.3933,-0.4573,-0.6953
1635250617290,2.5977,-7.9023,3.7656,0.3062,-0.4329,-0.6709
1635250617291,2.6758,-7.7852,3.8594,0.1667,-0.4253,-0.6504
1635250617292,2.8242,-7.7852,4.1719,-0.0247,-0.4136,-0.6406
1635250617320,2.9590,-7.8945,4.6133,-0.2428,-0.3870,-0.6279
1635250617321,3.0059,-8.1719,4.8164,-0.4268,-0.3445,-0.6035
1635250617322,3.0898,-8.6875,4.7461,-0.5107,-0.2922,-0.5654
1635250617351,3.1602,-9.0938,4.6367,-0.4885,-0.2456,-0.5229
1635250617353,3.0996,-9.1641,4.5195,-0.3716,-0.2125,-0.4888
1635250617354,2.9453,-8.9063,4.3789,-0.2056,-0.1859,-0.4568
1635250617381,2.7168,-8.5625,4.2461,-0.0917,-0.1721,-0.4250
1635250617383,2.5996,-8.2109,4.2539,-0.0992,-0.1764,-0.3962
1635250617385,2.6563,-8.0234,4.0195,-0.2067,-0.1838,-0.3674
1635250617410,2.8457,-8.2969,3.6543,-0.3066,-0.1785,-0.3218
1635250617417,3.0547,-9.0391,3.7539,-0.3289,-0.1689,-0.2813
1635250617419,3.0684,-9.4531,3.9551,-0.2778,-0.1583,-0.2451
1635250617443,2.7930,-9.3281,4.0781,-0.1663,-0.1498,-0.1941
1635250617445,2.4883,-9.0234,4.4922,-0.0970,-0.1466,-0.1526
1635250617447,2.3184,-8.7109,4.8477,-0.1460,-0.1370,-0.1409
1635250617472,2.2344,-8.7344,5.0039,-0.2205,-0.1051,-0.1185
1635250617474,2.1875,-9.0313,4.8711,-0.2756,-0.0508,-0.0813
1635250617475,2.1035,-9.2109,4.6797,-0.2737,0.0045,-0.0472
1635250617504,1.9648,-9.1641,4.6797,-0.2013,0.0364,-0.0281
1635250617505,1.8574,-8.7813,4.5586,-0.1215,0.0545,-0.0217
1635250617509,1.6729,-8.5000,4.4258,-0.0939,0.0736,-0.0196
1635250617532,1.5146,-8.5781,4.2930,-0.1523,0.1024,-0.0281
1635250617534,1.4102,-8.7656,4.2461,-0.2396,0.1237,-0.0313
1635250617536,1.4355,-8.8125,4.4688,-0.3184,0.1141,-0.0302
1635250617562,1.4932,-8.6250,4.3359,-0.3770,0.0928,-0.0377
1635250617564,1.6016,-8.5234,4.3711,-0.4087,0.0949,-0.0451
1635250617565,1.7256,-8.5078,4.6445,-0.4631,0.1172,-0.0579
1635250617592,1.7256,-8.5000,4.4922,-0.5107,0.1587,-0.0706
1635250617594,1.5771,-8.8984,4.1406,-0.4854,0.2076,-0.0717
1635250617596,1.3545,-9.2109,3.5762,-0.3865,0.2300,-0.0526
1635250617622,1.1992,-9.3906,3.3848,-0.2013,0.2162,-0.0366
1635250617624,1.2178,-9.3203,3.4355,-0.0343,0.1769,-0.0323
1635250617625,1.3857,-9.0000,3.4531,0.0359,0.1247,-0.0036
1635250617651,1.5244,-8.5391,3.5645,-0.0141,0.0779,0.0219
1635250617652,1.5820,-8.1250,3.6270,-0.1545,0.0566,0.0230
1635250617654,1.5586,-8.2500,3.7500,-0.3225,0.0534,0.0177
1635250617681,1.4961,-8.6953,3.9063,-0.4758,0.0524,0.0262
1635250617682,1.5654,-9.1172,3.8613,-0.5405,0.0524,0.0538
1635250617683,1.6758,-9.4297,3.6328,-0.4897,0.0673,0.0825
1635250617711,1.7070,-9.5000,3.5137,-0.3704,0.0822,0.1070
1635250617712,1.7471,-9.3438,3.4375,-0.2598,0.0885,0.1335
1635250617713,1.8291,-9.0859,3.3945,-0.2205,0.0906,0.1635
1635250617744,1.8955,-8.8359,3.5039,-0.2810,0.0811,0.1964
1635250617746,1.9482,-8.7813,3.7285,-0.4248,0.0715,0.2251
1635250617747,2.0840,-9.1406,3.9512,-0.6025,0.0768,0.2622
1635250617772,2.2266,-9.5859,4.1953,-0.7725,0.1141,0.3315
1635250617774,2.2637,-10.0000,4.2188,-0.8374,0.1790,0.4155
1635250617776,2.2969,-10.5234,4.0000,-0.7598,0.2576,0.4995
1635250617802,2.3477,-11.1328,3.6133,-0.6235,0.3311,0.5859
1635250617805,2.4941,-11.4297,3.3457,-0.4651,0.3662,0.8037
1635250617806,2.8262,-10.7109,3.3086,-0.4385,0.3567,0.9028
1635250617832,2.9199,-10.4453,3.4199,-0.5088,0.3684,0.9712
1635250617835,2.9609,-10.1875,3.5957,-0.7036,0.3801,1.0586
1635250617836,3.0117,-10.2031,3.8223,-0.9185,0.3906,1.1523
1635250617863,3.0781,-10.5156,3.8203,-1.0840,0.4258,1.2266
1635250617865,3.1348,-10.8750,3.4316,-1.1787,0.4673,1.3008
1635250617866,3.1016,-11.1172,3.1328,-1.1641,0.4949,1.3867
1635250617893,2.9805,-10.9141,3.1719,-1.0391,0.5024,1.4619
1635250617895,2.7676,-10.5391,3.0938,-0.8569,0.4939,1.4834
1635250617896,2.4824,-10.3047,2.9082,-0.6895,0.4929,1.4727
1635250617923,2.2070,-9.9922,2.6836,-0.6260,0.4949,1.4727
1635250617925,1.9600,-9.7422,2.4023,-0.5918,0.4768,1.4619
1635250617926,1.8330,-9.6484,2.3594,-0.5376,0.4492,1.4326
1635250617956,1.7422,-9.4063,2.2734,-0.4800,0.4302,1.3975
1635250617958,1.5703,-9.0547,2.0742,-0.3770,0.4385,1.3643
1635250617959,1.3740,-8.7891,1.8027,-0.2556,0.4578,1.3252
1635250617983,1.1514,-8.4766,1.5391,-0.2087,0.4695,1.2705
1635250617985,0.8403,-8.1250,1.2783,-0.2045,0.4736,1.2070
1635250617986,0.4429,-7.7461,1.2129,-0.2067,0.4619,1.1279
1635250618013,-0.0048,-7.2578,1.3691,-0.2152,0.4375,1.0186
1635250618015,-0.4211,-6.7891,1.4404,-0.2078,0.4055,0.8765
1635250618019,-0.6846,-6.5586,1.2949,-0.1812,0.3833,0.7285
1635250618043,-0.8975,-6.5000,1.0361,-0.1449,0.3726,0.5952
1635250618045,-1.0840,-6.4766,1.0361,-0.1066,0.3523,0.4697
1635250618047,-1.1748,-6.4688,0.8833,-0.0471,0.3320,0.3401
1635250618073,-1.1777,-6.4727,0.5815,0.0455,0.3396,0.2156
1635250618074,-1.2617,-6.2891,0.5479,0.1179,0.3716,0.1017
1635250618076,-1.5439,-5.7852,0.6509,0.1519,0.3833,-0.0281
1635250618103,-1.9150,-5.3359,0.7275,0.1965,0.3779,-0.1951
1635250618105,-2.2168,-5.2656,0.7681,0.2423,0.3833,-0.3867
1635250618106,-2.4609,-5.5078,0.7202,0.2380,0.3865,-0.5645
1635250618133,-2.5449,-5.8242,0.4644,0.1902,0.3735,-0.7026
1635250618135,-2.4844,-6.3281,0.1627,0.1636,0.3438,-0.8091
1635250618136,-2.3672,-6.8672,0.1724,0.1412,0.3054,-0.9028
1635250618162,-2.3223,-7.0000,0.3589,0.1051,0.2715,-0.9868
1635250618163,-2.4336,-6.7461,0.5000,0.1136,0.2673,-1.0605
1635250618164,-2.6797,-6.4922,0.6699,0.2008,0.2822,-1.1426
1635250618192,-2.8477,-6.3242,0.9478,0.2849,0.2629,-1.2520
1635250618193,-2.8672,-6.3750,1.2207,0.2954,0.2087,-1.3740
1635250618194,-2.7012,-6.9180,1.5537,0.2720,0.1534,-1.4639
1635250618222,-2.4883,-7.8828,1.9600,0.2263,0.1311,-1.5020
1635250618223,-2.3125,-8.5547,2.0605,0.1816,0.1609,-1.4893
1635250618225,-2.1973,-8.8750,1.7832,0.1965,0.2247,-1.4365
1635250618253,-2.2012,-8.9922,1.5127,0.2732,0.2791,-1.3828
1635250618254,-2.2324,-8.8672,1.0430,0.2998,0.2949,-1.3467
1635250618256,-2.1738,-8.7969,0.5576,0.2520,0.2620,-1.3145
1635250618283,-2.0938,-8.8906,0.4429,0.1189,0.1896,-1.2715
1635250618284,-1.9297,-9.2578,1.0098,-0.0970,0.0651,-1.2422
1635250618286,-1.6084,-9.6797,1.7188,-0.3672,-0.0455,-1.2227
1635250618312,-1.3066,-9.9609,2.1758,-0.5459,-0.0562,-1.1621
1635250618314,-1.1533,-10.2578,2.4199,-0.5386,0.0215,-1.0771
1635250618316,-1.0742,-10.3906,2.2480,-0.3887,0.1183,-0.9897
1635250618343,-0.9790,-10.4453,1.6943,-0.1555,0.1875,-0.8984
1635250618345,-0.7993,-10.6094,1.0361,0.0881,0.2184,-0.8003
1635250618347,-0.5454,-10.5859,0.6006,0.2380,0.2151,-0.7036
1635250618373,-0.2969,-10.3672,0.5674,0.2827,0.1843,-0.6333
1635250618375,-0.1053,-10.1484,0.9478,0.2583,0.1503,-0.6016
1635250618377,0.0263,-10.0781,1.4336,0.1998,0.1470,-0.5864
1635250618403,0.0622,-10.1797,1.9629,0.1401,0.1758,-0.5645
1635250618405,0.0622,-10.1797,2.3066,0.0785,0.2205,-0.5278
1635250618407,-0.0455,-9.5703,2.4707,-0.0662,0.2396,-0.4739
1635250618433,-0.0742,-9.3750,2.5605,-0.3726,0.2087,-0.4314
1635250618435,-0.0120,-9.9453,2.7109,-0.8193,0.1875,-0.3877
1635250618437,-0.0263,-10.6484,2.7520,-1.1904,0.2067,-0.3142
1635250618464,-0.0407,-11.3359,2.8105,-1.2324,0.2300,-0.2568
1635250618465,-0.0790,-11.8750,2.4668,-0.9282,0.2629,-0.2164
1635250618467,-0.1484,-12.1641,2.2520,-0.4302,0.2949,-0.1494
1635250618494,-0.1866,-11.7813,2.2070,0.0370,0.2864,-0.0728
1635250618495,-0.1221,-10.8594,1.9912,0.3784,0.2407,-0.0143
1635250618497,-0.0479,-10.2734,2.1875,0.5444,0.2024,-0.0026
1635250618523,0.1149,-9.7578,2.4121,0.4263,0.1938,-0.0058
1635250618530,0.3184,-9.2891,2.3652,0.1732,0.1715,0.0145
1635250618532,0.5527,-9.3125,2.1289,-0.0620,0.1343,0.0155
1635250618544,0.7588,-9.5859,1.9814,-0.2629,0.1194,-0.0132
1635250618546,0.8140,-9.7813,1.9551,-0.3875,0.1226,-0.0292
1635250618574,0.7729,-9.9219,1.8525,-0.3811,0.1237,-0.0185
1635250618576,0.7422,-10.0078,1.6582,-0.2769,0.1141,-0.0058
1635250618577,0.7134,-9.9531,1.5361,-0.1609,0.0896,-0.0036
1635250618604,0.7158,-9.8594,1.5361,-0.0502,0.0534,-0.0058
1635250618606,0.7705,-9.8750,1.4668,0.0444,0.0290,-0.0068
1635250618607,0.7852,-9.7422,1.4287,0.0817,0.0141,0.0006
1635250618634,0.8091,-9.4688,1.5176,0.0529,-0.0179,0.0059
1635250618636,0.8975,-9.3203,1.8262,-0.0566,-0.0625,0.0038
1635250618638,1.1201,-9.2891,2.5879,-0.3206,-0.0977,0.0091
1635250618664,1.4502,-9.5859,3.5371,-0.6821,-0.0977,0.0591
1635250618666,1.7285,-10.1172,3.8848,-0.9888,-0.0136,0.1676
1635250618668,1.7188,-10.0625,3.3047,-1.2139,0.1395,0.2996
1635250618693,1.4980,-9.6328,2.2383,-1.3789,0.2886,0.3857
1635250618694,1.1875,-9.5078,1.4102,-1.5137,0.4172,0.4177
1635250618695,0.7178,-9.7813,1.0693,-1.7139,0.5342,0.4529
1635250618724,0.2227,-9.8672,1.0166,-2.0684,0.6035,0.5059
1635250618725,-0.2776,-9.7031,1.1729,-2.5254,0.6216,0.5645
1635250618726,-0.7637,-9.8516,1.7324,-2.8594,0.5684,0.6294
1635250618753,-1.0771,-9.8047,1.8525,-3.3438,0.4631,0.7539
1635250618754,-1.1631,-10.4297,0.4763,-3.5840,0.5547,0.8496
1635250618755,-1.5986,-12.2891,-1.9150,-3.3574,0.7651,0.9434
1635250618784,-2.5625,-14.0547,-3.6797,-2.9082,0.8066,1.1465
1635250618786,-3.6328,-14.3281,-4.3633,-2.2363,0.6118,1.3848
1635250618788,-4.3594,-13.2188,-4.1875,-0.4534,0.1512,1.4443
1635250618814,-4.5195,-10.2344,-3.1113,0.0434,-0.0072,1.4336
1635250618816,-4.2773,-9.0078,-2.9375,0.1902,-0.1658,1.4248
1635250618818,-3.9805,-8.4609,-3.2695,0.1902,-0.2944,1.3721
1635250618844,-3.9043,-8.4375,-3.7578,0.1232,-0.3882,1.3232
1635250618846,-4.0313,-8.5703,-3.6602,0.0359,-0.5264,1.2754
1635250618848,-4.0352,-8.5469,-3.4043,0.1072,-0.6968,1.2061
1635250618874,-3.7246,-8.5313,-3.3789,0.4072,-0.8062,1.1445
1635250618876,-3.3945,-8.3984,-3.3516,0.7456,-0.8467,1.0801
1635250618878,-3.1777,-7.8672,-3.1621,0.9756,-0.8828,1.0205
1635250618904,-3.0273,-7.1836,-2.9219,1.0977,-0.9351,0.9614
1635250618906,-2.8320,-6.6484,-2.7598,1.1299,-0.9756,0.8848
1635250618908,-2.6211,-6.2422,-2.5098,1.0469,-0.9990,0.7935
1635250618934,-2.4746,-5.8359,-2.3086,0.8604,-1.0225,0.6973
1635250618936,-2.4531,-5.5273,-2.0938,0.6592,-1.0488,0.5859
1635250618938,-2.4297,-5.5859,-2.0254,0.5371,-1.0732,0.4272
1635250618965,-2.3340,-5.8477,-1.9004,0.4912,-1.0889,0.2644
1635250618966,-2.1270,-5.9180,-1.7236,0.4978,-1.1172,0.1230
1635250618968,-1.7930,-5.9336,-1.4004,0.5825,-1.1426,-0.0185
1635250618995,-1.4170,-6.0078,-0.8687,0.7114,-1.1475,-0.1760
1635250618996,-1.0605,-6.2188,-0.4116,0.8467,-1.1104,-0.3313
1635250618998,-0.7944,-6.5430,0.0168,0.9873,-1.0293,-0.4707
1635250619033,-0.6006,-7.0586,0.3015,1.1611,-0.9326,-0.6069
1635250619037,-0.3589,-7.7188,0.2607,1.3809,-0.8340,-0.7261
1635250619041,-0.1436,-8.0703,0.0335,1.6650,-0.7466,-0.8037
1635250619054,0.1077,-8.0781,-0.1604,1.9951,-0.6934,-0.8643
1635250619056,0.4285,-7.9531,-0.2058,2.2402,-0.6870,-0.9409
1635250619065,0.8281,-7.7461,0.1125,2.2168,-0.7266,-0.9888
1635250619066,1.2422,-7.3516,0.3542,1.8945,-0.7852,-0.9834
1635250619095,1.6514,-7.0859,0.5288,1.4141,-0.8384,-0.9780
1635250619096,2.1055,-7.3086,0.8257,0.8794,-0.8667,-1.0107
1635250619098,2.4453,-7.9648,1.3643,0.3540,-0.8628,-1.0625
1635250619125,2.6543,-8.6563,1.9912,-0.0534,-0.8115,-1.0762
1635250619126,2.7012,-9.2188,2.4824,-0.2311,-0.7134,-1.0400
1635250619128,2.6855,-9.6641,2.6680,-0.1896,-0.5889,-0.9912
1635250619154,2.6973,-9.8516,2.5801,-0.0481,-0.4785,-0.9536
1635250619157,2.8242,-9.9219,2.0527,0.0444,-0.3977,-0.9185
1635250619158,2.9844,-10.0469,1.2471,-0.0066,-0.3369,-0.8408
1635250619184,3.1094,-10.0703,0.9385,-0.1663,-0.3071,-0.7124
1635250619186,3.0977,-9.7656,1.0244,-0.3459,-0.3125,-0.5991
1635250619188,3.0449,-9.5000,1.2588,-0.4216,-0.2944,-0.5801
1635250619215,2.9082,-9.4844,1.7090,-0.3865,-0.2391,-0.6143
1635250619216,2.7852,-9.7188,2.2324,-0.2854,-0.1796,-0.6270
1635250619218,2.6484,-10.1719,2.4746,-0.0822,-0.1200,-0.6025
1635250619244,2.4922,-10.5938,2.3301,0.1807,-0.0519,-0.5747
1635250619247,2.3379,-10.8047,2.0098,0.3923,0.0013,-0.5527
1635250619253,2.1855,-10.6797,1.9316,0.4678,0.0268,-0.4963
1635250619274,2.0898,-10.1328,2.0723,0.3892,0.0119,-0.4216
1635250619275,2.0547,-9.5547,2.1172,0.2434,-0.0072,-0.3867
1635250619276,2.0391,-9.3906,2.1387,0.0838,-0.0072,-0.4067
1635250619304,2.0156,-9.5000,2.1582,-0.0853,0.0087,-0.4292
1635250619306,1.9414,-9.7891,2.1016,-0.1663,0.0226,-0.4133
1635250619308,1.9102,-10.2500,1.8574,-0.1162,0.0343,-0.3782
1635250619335,1.9033,-10.6016,1.6973,-0.0045,0.0470,-0.3494
1635250619337,1.8262,-10.5938,1.7285,0.1040,0.0534,-0.3164
1635250619338,1.7090,-10.2578,1.7373,0.1816,0.0524,-0.2749
1635250619365,1.5391,-9.8516,1.7373,0.2104,0.0566,-0.2524
1635250619367,1.3975,-9.5703,1.6758,0.1764,0.0683,-0.2505
1635250619368,1.3496,-9.4219,1.7832,0.1019,0.0694,-0.2451
1635250619395,1.3877,-9.4375,1.7686,0.0349,0.0662,-0.2334
1635250619397,1.3955,-9.5547,1.5889,0.0040,0.0832,-0.2122
1635250619398,1.3066,-9.7656,1.4287,-0.0066,0.1066,-0.1802
1635250619425,1.1172,-9.9844,1.3740,-0.0066,0.1162,-0.1578
1635250619427,0.9336,-9.9766,1.3545,0.0125,0.1151,-0.1398
1635250619429,0.7637,-9.7969,1.3691,0.0498,0.1055,-0.1185
1635250619455,0.7251,-9.6250,1.4912,0.0966,0.0928,-0.1068
1635250619457,0.7803,-9.3516,1.8115,0.1189,0.0822,-0.1089
1635250619459,0.8379,-9.1563,1.5820,0.1412,0.0832,-0.1058
1635250619485,0.8569,-9.2891,1.3691,0.1327,0.1035,-0.0919
1635250619487,0.8281,-9.3516,1.3789,0.0466,0.1279,-0.0898
1635250619488,0.7158,-9.2266,1.3447,-0.0109,0.1268,-0.0919
1635250619515,0.6221,-9.3047,1.3545,0.0093,0.1077,-0.0972
1635250619517,0.6079,-9.3125,1.2783,0.0285,0.0970,-0.1036
1635250619519,0.6631,-9.3359,1.3359,0.0264,0.0822,-0.1036
1635250619546,0.8164,-9.4453,1.5029,-0.0056,0.0630,-0.0919
1635250619552,0.9478,-9.5156,1.7236,-0.0353,0.0779,-0.0781
1635250619557,0.9502,-9.4688,1.9697,-0.0407,0.1098,-0.0802
1635250619565,0.9287,-9.4453,2.1328,-0.0151,0.1300,-0.0909
1635250619571,0.9072,-9.4531,2.1426,-0.0332,0.1512,-0.0792
1635250619595,0.8760,-9.3750,1.9863,-0.1492,0.1672,-0.0302
1635250619600,0.7490,-9.2891,1.4863,-0.3652,0.1779,0.0304
1635250619605,0.5840,-9.2813,1.0430,-0.6172,0.1620,0.0687
1635250619615,0.2681,-9.5313,1.0244,-0.8374,0.1045,0.0729
1635250619620,-0.0886,-10.1563,1.5674,-0.9897,0.0311,0.0634
1635250619645,-0.2178,-11.1172,2.2598,-1.0498,-0.0413,0.0772
1635250619650,0.0958,-12.5391,2.4941,-0.9897,-0.0881,0.1581
1635250619655,0.8066,-14.0156,2.1855,-0.8247,-0.0710,0.3113
1635250619665,1.5322,-14.9297,1.5625,-0.5142,-0.0008,0.5103
1635250619670,2.0781,-15.2656,1.1348,-0.0534,0.0790,0.7124
1635250619695,2.4102,-15.0781,1.0771,0.4221,0.1449,0.9243
1635250619700,2.6113,-14.5469,1.3096,0.7456,0.1938,1.1406
1635250619705,2.6348,-13.8906,1.3262,0.8433,0.2471,1.3350
1635250619716,2.4941,-13.4844,1.2637,0.7539,0.3054,1.5146
1635250619721,2.3145,-13.0703,1.2158,0.5210,0.3459,1.6992
1635250619745,2.4121,-12.7344,1.4053,0.2189,0.3320,1.8965
1635250619755,2.7070,-12.3203,1.5195,-0.0960,0.2810,2.0879
1635250619757,3.0059,-11.7266,1.2949,-0.3555,0.2482,2.2539
1635250619774,3.1719,-11.2578,1.0479,-0.5117,0.2450,2.3555
1635250619778,3.1387,-10.9922,0.9814,-0.5884,0.2365,2.4102
1635250619782,3.0156,-10.7500,0.8975,-0.6162,0.2035,2.4375
1635250619794,2.7715,-10.2891,0.9648,-0.5928,0.1587,2.4551
1635250619798,2.4824,-9.5156,1.3594,-0.5342,0.0875,2.4434
1635250619826,2.2871,-8.5703,1.7813,-0.4939,-0.0040,2.3809
1635250619831,2.1973,-7.7148,1.9316,-0.4907,-0.0679,2.3105
1635250619837,2.2109,-7.0273,1.7549,-0.5908,-0.1295,2.1309
1635250619845,2.2324,-6.5664,1.2256,-0.4854,-0.1509,1.9697
1635250619851,2.2285,-6.4883,0.7729,-0.4854,-0.1509,1.9697
1635250619875,2.1152,-6.6602,0.6221,0.2083,-0.1243,1.5088
1635250619879,1.5361,-5.9570,0.7754,0.6572,-0.0530,1.2881
1635250619882,1.1133,-5.1016,0.6772,1.0645,0.0524,1.0791
1635250619904,0.6392,-4.1289,0.4932,1.3320,0.1566,0.8569
1635250619907,0.1580,-3.1426,0.3208,1.3887,0.2290,0.5898
1635250619910,-0.2489,-2.3555,0.0239,1.2314,0.2673,0.2869
1635250619934,-0.5674,-2.0820,-0.2896,0.9082,0.2874,-0.0196
1635250619937,-0.8882,-2.1328,-0.3040,0.4509,0.2832,-0.3069
1635250619940,-1.2754,-2.0898,-0.1938,-0.0566,0.2544,-0.5718
1635250619964,-1.7236,-2.2773,-0.1077,-0.4631,0.2365,-0.8345
1635250619968,-2.0938,-3.0723,-0.1460,-0.7280,0.2629,-1.1123
1635250619971,-2.2773,-4.2266,-0.6724,-0.9185,0.3171,-1.3564
1635250619995,-2.4922,-5.2109,-1.0605,-1.0225,0.3469,-1.4951
1635250620018,-2.7109,-5.8047,-0.8882,-1.0244,0.3022,-1.5859
1635250620036,-2.7520,-6.4648,-0.4692,-0.9087,0.2396,-1.7266
1635250620056,-2.6895,-7.1797,-0.0407,-0.7373,0.2639,-1.8623
1635250620066,-2.7695,-7.7969,0.3542,-0.5801,0.3694,-1.9199
1635250620071,-2.9688,-8.0781,0.3757,-0.4353,0.4917,-1.9043
1635250620090,-3.1875,-8.2188,-0.0287,-0.2769,0.5991,-1.8730
1635250620108,-3.3516,-8.4219,-0.4309,-0.1354,0.6587,-1.8535
1635250620113,-3.4102,-8.6875,-0.6655,-0.0822,0.6567,-1.8379
1635250620119,-3.4102,-9.0078,-0.8711,-0.0726,0.6216,-1.8164
1635250620123,-3.3145,-9.6641,-0.6699,-0.0587,0.5884,-1.7813
1635250620141,-3.1641,-10.2969,-0.3350,-0.1098,0.5791,-1.7188
1635250620147,-3.0293,-10.6406,-0.2083,-0.1843,0.5908,-1.6270
1635250620152,-2.9121,-10.7578,-0.2369,-0.2173,0.6260,-1.5322
1635250620158,-2.8457,-10.7578,-0.3159,-0.2385,0.6631,-1.4561
1635250620163,-2.7188,-10.5313,-0.3423,-0.3193,0.6543,-1.3730
1635250620168,-2.5801,-10.3828,-0.2561,-0.4429,0.5962,-1.2900
1635250620172,-2.4746,-10.5938,-0.0814,-0.5610,0.5479,-1.2412
1635250620177,-2.3867,-11.1953,0.1532,-0.6440,0.5332,-1.1963
1635250620183,-2.2539,-11.8438,0.1532,-0.6479,0.5269,-1.1191
1635250620187,-2.1016,-12.1484,-0.2010,-0.4917,0.5234,-0.9922
1635250620195,-1.9482,-12.1563,-0.4331,-0.2024,0.5132,-0.8667
1635250620199,-1.8066,-11.8125,-0.3518,0.1179,0.4832,-0.7837
1635250620244,-1.6514,-11.2891,-0.0958,0.3572,0.4502,-0.7070
1635250620258,-1.5820,-10.6250,0.0909,0.4573,0.4429,-0.6289
1635250620263,-1.5625,-10.2109,0.2681,0.4253,0.4365,-0.5928
1635250620270,-1.4619,-10.3594,0.1388,0.2922,0.4055,-0.5898
1635250620275,-1.2090,-10.8359,0.0072,0.1221,0.3459,-0.5483
1635250620280,-0.8906,-11.3594,0.1915,0.0147,0.2598,-0.4792
1635250620286,-0.5313,-11.5938,0.3374,0.0253,0.2067,-0.4207
1635250620292,-0.2705,-11.3984,0.4141,0.1327,0.2205,-0.3452
1635250620297,-0.2346,-11.0078,0.5527,0.2551,0.2607,-0.2717
1635250620305,-0.3088,-10.4531,0.6079,0.3359,0.2810,-0.2271
1635250620310,-0.3447,-10.0781,0.5171,0.3965,0.2791,-0.2079
1635250620335,-0.2585,-9.9844,0.3806,0.3945,0.2673,-0.1887
1635250620340,-0.1053,-9.8828,0.1293,0.3018,0.2450,-0.1461
1635250620344,0.1460,-9.8594,0.1221,0.1721,0.1875,-0.0962
1635250620355,0.4429,-9.8359,0.2274,0.0221,0.1237,-0.0706
1635250620359,0.7085,-9.8516,0.0263,-0.0832,0.0885,-0.0579
1635250620385,0.8091,-10.1797,-0.0766,-0.0960,0.0896,-0.0356
1635250620390,0.8066,-10.8594,0.1891,-0.0130,0.1002,-0.0302
1635250620394,0.7441,-10.8984,0.4260,0.1667,0.1354,-0.0089
1635250620405,0.6128,-10.6641,0.6484,0.4978,0.1661,0.0166
1635250620420,0.4668,-10.5234,0.7275,0.8081,0.1736,0.0559
1635250620426,0.3877,-10.1953,0.7324,0.8999,0.1438,0.1187
1635250620430,0.3662,-9.6641,0.7705,0.7754,0.0939,0.1644
1635250620455,0.3831,-9.2188,0.7588,0.5859,0.0566,0.1698
1635250620460,0.3831,-9.1484,0.9932,0.4370,0.0353,0.1378
1635250620464,0.3711,-9.3828,1.2754,0.3264,0.0279,0.1070
1635250620475,0.3494,-9.6797,1.2969,0.2520,0.0353,0.1081
1635250620480,0.3064,-9.9844,1.2393,0.2083,0.0524,0.1378
1635250620505,0.2871,-10.2500,1.1299,0.1306,0.0577,0.1772
1635250620511,0.2585,-10.6016,0.7202,-0.0066,0.0439,0.2198
1635250620516,0.3328,-11.3047,0.6606,-0.2194,0.0279,0.2920
1635250620528,0.2274,-12.3359,1.5771,-0.4834,0.0024,0.4028
1635250620536,-0.1794,-13.0938,2.3184,-0.6504,0.0119,0.5518
1635250620546,-0.9478,-13.3672,2.3926,-0.4812,0.1088,0.7422
1635250620558,-1.8359,-13.6406,2.3398,-0.0832,0.2375,0.9199
1635250620566,-2.5723,-13.9531,1.9814,0.2147,0.3035,1.0986
1635250620571,-2.9805,-14.0391,1.0557,0.2328,0.3152,1.3730
1635250620608,-3.0762,-14.1016,-0.2776,0.0912,0.3171,1.7285
1635250620614,-2.9609,-14.4844,-1.1699,0.0104,0.2927,2.0605
1635250620619,-2.7617,-14.3359,-0.9072,-0.0492,0.2311,2.2988
1635250620626,-2.6777,-13.4297,-0.0168,-0.0439,0.2056,2.4531
1635250620631,-2.8652,-12.2266,0.4692,0.0455,0.3022,2.6523
1635250620636,-3.3301,-10.8672,0.4812,0.0923,0.4651,2.9023
1635250620643,-3.8320,-9.1797,0.1724,-0.0183,0.5630,3.0977
1635250620656,-4.1758,-7.3672,-0.4260,-0.2418,0.5767,3.1875
1635250620665,-4.5195,-5.9375,-1.2969,-0.5151,0.5659,3.1992
1635250620677,-4.9570,-5.1133,-1.8672,-0.8696,0.5205,3.1211
1635250620682,-5.4102,-4.5703,-2.2949,-1.3418,0.3630,2.9727
1635250620706,-5.7891,-4.4219,-2.5059,-1.7422,0.0726,2.8125
1635250620710,-5.9102,-4.5547,-2.4707,-1.9980,-0.2688,2.6602
1635250620715,-5.8477,-4.4063,-2.6758,-2.0996,-0.5244,2.5195
1635250620737,-5.9336,-3.8867,-2.4844,-2.0254,-0.6943,2.3242
1635250620742,-6.0313,-3.1074,-2.4336,-1.8525,-0.8286,2.0625
1635250620750,-6.0078,-2.6563,-2.9609,-1.5879,-0.9531,1.7646
1635250620755,-5.8750,-3.1719,-2.8711,-1.2832,-1.1221,1.3809
1635250620767,-5.5117,-4.1367,-1.9434,-1.0537,-1.4102,0.9272
1635250620771,-4.6680,-4.5313,-1.0313,-0.8789,-1.7607,0.4963
1635250620796,-3.3848,-4.9023,-0.0646,-0.4578,-2.0215,0.0847
1635250620800,-1.8623,-5.6563,1.4404,0.2285,-2.0801,-0.3503
1635250620805,-0.4812,-6.0234,2.9297,0.8584,-1.8799,-0.7261
1635250620816,0.2369,-5.2930,3.2031,1.3330,-1.3896,-0.9536
1635250620820,-0.2585,-4.3477,2.3496,1.7871,-0.8765,-1.1855
1635250620855,-1.3398,-3.6582,1.3047,2.0313,-0.6284,-1.5166
1635250620860,-2.1563,-3.3574,-0.2656,1.8799,-0.6338,-1.8057
1635250620865,-2.3770,-3.5391,-1.7422,1.5830,-0.7998,-1.9941
1635250620871,-1.6064,-4.2734,-2.5840,1.3945,-1.1104,-2.1602
1635250620879,-0.2130,-6.0234,-1.8838,1.3691,-1.5029,-2.3516
1635250620889,1.4404,-7.8711,-0.2537,1.4170,-1.7393,-2.5059
1635250620890,2.6406,-9.1094,1.4355,1.6133,-1.6338,-2.5273
1635250620911,2.7891,-9.3516,2.4199,1.8662,-1.4219,-2.4336
1635250620913,2.6035,-9.1641,2.0801,1.8086,-1.3662,-2.3262
1635250620936,2.5449,-9.3203,2.0176,0.6201,-1.3213,-2.1113
1635250620940,2.1738,-10.3359,1.8359,0.3135,-1.2031,-1.9668
1635250620961,2.0820,-10.8516,1.7979,0.4829,-1.0957,-1.8477
1635250620966,2.1914,-10.9766,2.3145,0.8135,-1.0137,-1.7305
1635250620971,2.3809,-10.8750,3.0703,1.0117,-0.9097,-1.5811
1635250620975,2.2070,-10.5469,2.9023,0.9712,-0.7744,-1.4248
1635250620987,1.8291,-10.5078,2.4316,0.7520,-0.6582,-1.3096
1635250620991,1.5508,-10.4297,2.5488,0.4211,-0.6021,-1.2422
1635250621016,1.6582,-10.0313,2.9434,0.1008,-0.5913,-1.1797
1635250621020,1.9629,-9.8516,3.2461,-0.0587,-0.5518,-1.1152
1635250621033,2.1211,-10.1563,3.6211,-0.1289,-0.4614,-1.0723
1635250621039,2.1426,-10.5781,3.8008,-0.0875,-0.3369,-1.0420
1635250621046,2.0293,-10.8438,3.6406,0.1274,-0.2179,-0.9878
1635250621056,1.8906,-10.8125,3.4805,0.4221,-0.1434,-0.9292
1635250621067,1.8789,-10.4766,3.3633,0.6030,-0.0987,-0.8750
1635250621076,1.9434,-9.8125,3.3320,0.5542,-0.0764,-0.8135
1635250621081,1.9990,-9.1953,3.4219,0.3381,-0.0689,-0.7642
1635250621106,1.9893,-8.9922,3.3301,0.0593,-0.0445,-0.7441
1635250621111,2.0273,-9.4531,3.2793,-0.1609,-0.0030,-0.7271
1635250621128,2.0801,-10.2109,3.3555,-0.2428,0.0300,-0.6748
1635250621134,2.1738,-10.7031,3.2285,-0.1449,0.0513,-0.6025
1635250621138,2.2168,-10.6953,2.9629,0.0668,0.0704,-0.5356
1635250621146,2.1289,-10.1719,2.8418,0.2455,0.0822,-0.4802
1635250621150,1.9814,-9.3594,2.9629,0.2795,0.0694,-0.4409
1635250621176,1.9121,-9.0391,2.9941,0.1816,0.0534,-0.4207
1635250621181,1.8789,-9.0859,2.9824,-0.0077,0.0545,-0.3962
1635250621185,1.8193,-9.3359,3.1230,-0.1534,0.0683,-0.3643
1635250621196,1.6328,-9.6641,3.1992,-0.1512,0.0864,-0.3420
1635250621201,1.4141,-9.6016,3.1426,-0.0587,0.0992,-0.3218
1635250621226,1.2754,-9.3203,3.1563,0.0381,0.0939,-0.3037
1635250621249,1.1992,-9.0156,2.8965,0.0774,0.0800,-0.2971
1635250621254,1.2373,-8.8984,2.6836,0.0402,0.0673,-0.3005
1635250621262,1.3135,-9.0234,2.6191,-0.0726,0.0449,-0.2961
1635250621267,1.4268,-9.0859,2.6445,-0.2194,0.0141,-0.2834
1635250621273,1.5410,-9.0234,2.6543,-0.3503,0.0013,-0.2695
1635250621279,1.5293,-8.9922,2.7168,-0.4226,0.0045,-0.2686
1635250621284,1.4531,-9.0313,2.6543,-0.4885,0.0141,-0.2771
1635250621307,1.3643,-9.3906,2.5742,-0.5532,0.0258,-0.2781
1635250621311,1.3594,-9.8594,2.8750,-0.5547,0.0353,-0.2537
1635250621317,1.5439,-10.0234,3.0918,-0.4619,0.0343,-0.2142
1635250621321,1.7813,-10.0938,2.6406,-0.3066,0.0630,-0.2004
1635250621346,1.8213,-10.1406,2.4219,-0.1492,0.0970,-0.1876
1635250621351,1.6230,-9.7266,2.0508,-0.1013,0.0960,-0.1387
1635250621355,1.3496,-9.2734,1.5967,-0.0566,0.0779,-0.0887
1635250621366,1.1895,-9.3438,1.7090,-0.0407,0.0566,-0.0802
1635250621371,1.1992,-9.6250,1.9863,-0.1396,0.0247,-0.0749
1635250621396,1.3711,-10.0391,2.2500,-0.2493,-0.0051,-0.0185
1635250621401,1.5723,-10.5313,2.6094,-0.3013,-0.0008,0.0464
1635250621406,1.6201,-10.7656,2.6758,-0.3066,0.0268,0.0825
1635250621416,1.6514,-10.9531,2.8555,-0.2460,0.0609,0.1144
1635250621421,1.7207,-11.1641,2.9902,-0.2087,0.0906,0.1698
1635250621447,1.8857,-11.3906,2.6758,-0.2130,0.1183,0.2571
1635250621452,2.1680,-11.7188,2.3359,-0.2333,0.1406,0.3867
1635250621458,2.4297,-11.9688,2.1074,-0.3193,0.1609,0.5249
1635250621468,2.5996,-12.1016,2.0801,-0.4365,0.1769,0.6738
1635250621470,2.5723,-12.0469,2.6738,-0.6055,0.1896,0.8369
1635250621497,2.4785,-12.1484,3.5488,-0.7578,0.2002,1.0039
1635250621501,2.6152,-12.4922,4.7930,-0.9941,0.1885,1.1885
1635250621506,2.9004,-12.9844,4.0977,-1.2451,0.2460,1.3271
1635250621517,3.2246,-14.2656,2.9219,-1.2666,0.3469,1.5000
1635250621529,3.7070,-14.8125,1.8857,-1.2900,0.3853,1.8057
1635250621539,4.3164,-14.3984,1.0674,-1.2852,0.3684,2.1973
1635250621544,4.9180,-13.8828,0.7661,-1.2109,0.3748,2.5215
1635250621557,5.2969,-13.0938,1.1875,-1.2002,0.4236,2.7227
1635250621562,5.2227,-11.9922,1.5225,-1.2373,0.4929,2.8418
1635250621587,4.5742,-11.1328,1.6182,-1.2217,0.5928,2.9063
1635250621591,3.5840,-10.2109,1.3447,-1.2324,0.6802,2.9473
1635250621599,2.7188,-9.2188,1.4580,-1.3057,0.6904,2.9824
1635250621606,2.0996,-8.2188,2.0469,-1.4463,0.6279,2.9648
1635250621611,1.6709,-7.4727,2.3398,-1.5127,0.5693,2.8594
1635250621637,1.2637,-6.9805,2.4570,-1.4219,0.5557,2.6973
1635250621641,0.8545,-6.7344,2.3047,-1.2100,0.5894,2.4922
1635250621646,0.3926,-6.6563,1.8408,-0.8462,0.6675,2.2910
1635250621657,-0.0766,-6.5313,1.0938,-0.3586,0.7598,2.1211
1635250621661,-0.4380,-6.1445,0.4331,0.1987,0.8398,1.9551
1635250621687,-0.5435,-5.6641,-0.1747,0.6890,0.8843,1.7480
1635250621691,-0.4141,-4.9180,-0.4285,0.9756,0.8979,1.5146
1635250621696,-0.3757,-3.7344,-0.6055,1.0254,0.8960,1.2686
1635250621707,-0.6270,-2.6445,-0.7178,0.9497,0.9141,0.9785
1635250621719,-1.2803,-1.8164,-0.6919,0.7754,0.9409,0.6313
1635250621727,-2.0332,-1.3525,-0.7515,0.5347,0.9312,0.2505
1635250621733,-2.6230,-1.5889,-1.0127,0.3062,0.8726,-0.1281
1635250621760,-2.8340,-2.4883,-1.5918,0.0987,0.7842,-0.4783
1635250621767,-2.6563,-3.7773,-2.2832,-0.0896,0.6748,-0.7720
1635250621772,-2.4258,-4.8633,-2.5801,-0.2173,0.5659,-0.9922
1635250621778,-2.4023,-5.1719,-2.2969,-0.2556,0.4780,-1.1826
1635250621784,-2.5898,-4.8672,-1.8984,-0.1577,0.4492,-1.4004
1635250621798,-2.9063,-4.9961,-1.5439,0.0562,0.4907,-1.6563
1635250621803,-3.3516,-5.5195,-1.3838,0.2339,0.5430,-1.8828
1635250621827,-3.7969,-6.0156,-1.2588,0.3774,0.5332,-2.0313
1635250621831,-4.0039,-6.6797,-1.2852,0.5850,0.4790,-2.1563
1635250621836,-4.0039,-7.4336,-1.6104,0.8394,0.4482,-2.2559
1635250621847,-4.0352,-7.9766,-1.9199,1.0664,0.4226,-2.2813
1635250621852,-4.1523,-8.2422,-1.4453,1.1738,0.3374,-2.2617
1635250621877,-4.0859,-8.1016,-0.8569,1.1152,0.2162,-2.2578
1635250621881,-3.8008,-8.0313,-0.4331,0.9668,0.1279,-2.2402
1635250621886,-3.4043,-8.2422,-0.2825,0.7339,0.0960,-2.2031
1635250621897,-3.0352,-8.7031,-0.5024,0.4338,0.0960,-2.1563
1635250621902,-2.8477,-9.1875,-0.5625,0.0987,0.0885,-2.0801
1635250621934,-2.7637,-9.5781,-0.2083,-0.2471,0.0555,-1.9785
1635250621938,-2.6348,-10.1484,0.0215,-0.5298,0.0162,-1.8721
1635250621943,-2.4238,-11.0625,0.1963,-0.7090,-0.0030,-1.7480
1635250621948,-2.1641,-11.8047,0.2969,-0.7598,0.0045,-1.5742
1635250621952,-1.9434,-12.2109,0.4500,-0.6162,0.0566,-1.3809
1635250621969,-1.8643,-12.4063,0.5264,-0.2939,0.1534,-1.2236
1635250621974,-1.9199,-12.2109,0.5410,0.1168,0.2544,-1.0684
1635250621997,-1.9551,-11.5938,0.4331,0.4988,0.3130,-0.9390
1635250622002,-1.9336,-10.7813,0.4045,0.7432,0.3279,-0.8730
1635250622006,-1.6758,-9.5156,0.5288,0.5381,0.2651,-0.8315
1635250622017,-1.4268,-9.4141,0.6152,0.1827,0.1970,-0.8057
1635250622022,-1.1270,-9.5156,0.5000,-0.1683,0.1151,-0.7793
1635250622049,-0.8760,-9.8984,0.4788,-0.3726,0.0651,-0.7549
1635250622056,-0.6772,-10.2656,0.4763,-0.4067,0.0545,-0.7314
1635250622062,-0.5122,-10.5625,0.4619,-0.2886,0.0460,-0.6938
1635250622068,-0.3088,-10.6172,0.3423,-0.0875,0.0300,-0.6484
1635250622072,-0.0646,-10.5859,0.2058,0.0753,0.0098,-0.6187
1635250622112,0.1843,-10.4375,0.3110,0.0828,-0.0210,-0.6006
1635250622117,0.3997,-10.1641,0.5171,-0.0651,-0.0689,-0.5825
1635250622131,0.6436,-10.0234,0.7637,-0.2450,-0.1179,-0.5601
1635250622136,0.8232,-10.0000,0.8447,-0.3960,-0.1370,-0.5293
1635250622141,0.8379,-10.0547,0.7061,-0.4749,-0.1252,-0.4910
1635250622146,0.8379,-10.2578,0.5479,-0.4451,-0.1147,-0.4473
1635250622151,0.8208,-10.5469,0.5122,-0.3257,-0.1094,-0.3984
1635250622156,0.8330,-10.7031,0.4788,-0.1790,-0.1115,-0.3420
1635250622167,0.9287,-10.6641,0.4189,-0.0226,-0.1232,-0.2876
1635250622172,1.1133,-10.5234,0.3518,0.0987,-0.1243,-0.2462
1635250622197,1.2900,-10.3750,0.4475,0.1349,-0.1168,-0.2111
1635250622202,1.4404,-10.1484,0.3853,0.1125,-0.1061,-0.1675
1635250622206,1.5508,-10.1328,0.3230,0.1093,-0.0775,-0.1292
1635250622217,1.5586,-10.2344,0.3589,0.1349,-0.0317,-0.1015
1635250622222,1.4863,-10.2734,0.3997,0.1816,0.0098,-0.0621
1635250622254,1.3643,-9.9375,0.2920,0.2030,0.0290,-0.0089
1635250622262,1.3359,-9.3438,0.2466,0.1295,0.0141,0.0368
1635250622266,1.4219,-9.1797,0.5073,-0.0747,-0.0200,0.0379
1635250622272,1.5557,-9.3047,0.6196,-0.3481,-0.0391,0.0272
1635250622284,1.6777,-9.6328,0.6436,-0.4917,-0.0423,0.0294
1635250622292,1.6631,-10.1328,0.6152,-0.4163,-0.0253,0.0219
1635250622297,1.5273,-10.4531,0.6294,-0.2035,0.0034,0.0123
1635250622308,1.3975,-10.6172,0.6416,0.0562,0.0204,0.0262
1635250622312,1.4004,-10.8672,0.5767,0.2859,0.0204,0.0591
1635250622338,1.4482,-10.9609,0.5454,0.3892,0.0024,0.1187
1635250622342,1.4580,-10.7344,0.2202,0.3445,-0.0189,0.2091
1635250622347,1.3877,-10.6641,-0.1268,0.1658,-0.0359,0.3005
1635250622358,1.2305,-10.9844,0.3110,-0.1460,-0.0466,0.3848
1635250622362,0.9741,-11.3281,0.7539,-0.4929,-0.0530,0.4773
1635250622388,0.5864,-11.9141,0.7729,-0.7236,-0.0445,0.6089
1635250622393,0.1029,-12.5859,0.9717,-0.9590,-0.0072,0.7749
1635250622397,-0.5264,-12.8750,0.8833,-1.2246,0.0406,0.9805
1635250622408,-1.1035,-13.4141,0.2800,-1.3936,0.0768,1.2207
1635250622413,-1.5967,-13.8594,-0.6606,-1.5332,0.1205,1.5137
1635250622438,-2.0645,-13.6563,-1.5410,-1.6670,0.1523,1.8438
1635250622443,-2.5156,-12.9688,-1.4961,-1.7422,0.1151,2.1406
1635250622447,-2.8359,-11.8125,-1.2227,-1.7441,0.0056,2.3730
1635250622458,-3.0996,-11.0859,-1.2109,-1.6904,-0.0700,2.5176
1635250622463,-3.4102,-10.7031,-0.8354,-1.7188,-0.0870,2.5938
1635250622489,-3.8633,-10.0000,-1.2969,-1.6318,-0.0721,2.7441
1635250622494,-4.3672,-9.8672,-2.0820,-1.3418,-0.0455,2.9102
1635250622499,-4.8477,-9.7969,-2.5488,-1.0322,-0.0849,2.9395
1635250622510,-5.1602,-8.9844,-2.6992,-0.8140,-0.2190,2.9395
1635250622511,-5.2305,-7.9102,-2.6211,-0.5703,-0.3796,2.9512
1635250622541,-5.0703,-6.9492,-2.3887,-0.2927,-0.4839,2.8789
1635250622546,-4.7969,-6.0742,-1.8457,-0.2205,-0.5688,2.6934
1635250622550,-4.4805,-5.2695,-1.6875,-0.3374,-0.6606,2.4785
1635250622559,-4.3477,-4.8594,-1.7471,-0.4438,-0.7007,2.3008
1635250622564,-4.3867,-4.7852,-2.0488,-0.4800,-0.7188,2.0977
1635250622589,-4.4570,-4.8398,-1.9512,-0.3801,-0.7646,1.8340
1635250622605,-4.2344,-4.9023,-1.9697,-0.0534,-0.8125,1.5332
1635250622610,-4.0000,-5.1133,-2.1348,0.5156,-0.7925,1.2227
1635250622616,-3.8730,-5.1992,-2.2734,1.1504,-0.7593,0.8848
1635250622620,-3.6426,-4.6680,-2.5039,1.6426,-0.7798,0.5547
1635250622629,-3.3359,-3.8613,-2.4199,1.9004,-0.8564,0.2357
1635250622640,-3.0020,-3.1387,-2.1973,1.9326,-0.9604,-0.1100
1635250622649,-2.6934,-2.5977,-1.7354,1.7793,-1.0557,-0.4729
1635250622653,-2.2422,-2.6445,-1.3545,1.5977,-1.1211,-0.8369
1635250622679,-1.7256,-3.6211,-0.7466,1.5020,-1.1592,-1.1650
1635250622687,-1.2588,-4.9180,0.0335,1.4668,-1.1836,-1.4150
1635250622692,-0.9165,-5.8164,0.1580,1.5811,-1.1729,-1.5801
1635250622698,-0.6797,-6.4727,-0.0526,1.9316,-1.1436,-1.7285
1635250622703,-0.3950,-6.7148,-0.2632,2.2949,-1.1504,-1.8975
1635250622729,0.0526,-6.4336,-0.4595,2.4355,-1.2275,-2.0430
1635250622733,0.6797,-6.1016,0.1005,2.2441,-1.3330,-2.1367
1635250622762,1.4795,-6.0664,0.9907,1.7480,-1.3965,-2.1914
1635250622770,2.1270,-6.7578,1.5605,1.1934,-1.3633,-2.2012
1635250622775,2.4922,-8.0469,1.9033,0.7783,-1.2559,-2.1602
1635250622780,2.7285,-9.3672,1.9150,0.6030,-1.1348,-2.0879
1635250622787,2.9980,-10.5078,1.8193,0.6851,-1.0205,-2.0078
1635250622791,3.2285,-11.1328,1.9463,0.8486,-0.9277,-1.9141
1635250622799,3.2949,-10.8828,2.0254,0.9648,-0.8359,-1.8037
1635250622804,3.0820,-10.2734,2.0645,1.0234,-0.7339,-1.7168
1635250622829,2.8359,-9.8906,2.3242,0.9990,-0.6265,-1.6836
1635250622833,2.7266,-9.7031,2.5625,0.8403,-0.5381,-1.6416
1635250622838,2.7637,-9.6875,2.4492,0.5986,-0.4668,-1.5576
1635250622849,2.9629,-9.8516,2.2227,0.3923,-0.4031,-1.4580
1635250622854,3.3867,-10.2891,2.4336,0.2678,-0.3337,-1.3662
1635250622879,3.6699,-11.1094,2.8555,0.2371,-0.2668,-1.2695
1635250622884,3.6309,-11.8516,3.0547,0.3157,-0.1987,-1.1465
1635250622888,3.2051,-12.0078,2.9512,0.4934,-0.1274,-1.0039
1635250622899,2.6426,-11.5781,2.5273,0.7158,-0.0977,-0.8823
1635250622904,2.4141,-10.7500,2.2754,0.8125,-0.1104,-0.7993
1635250622929,2.4609,-9.8281,2.2422,0.6499,-0.1392,-0.7441
1635250622934,2.5703,-9.0000,2.3594,0.2507,-0.1658,-0.6846
1635250622938,2.6328,-8.8125,2.7070,-0.2418,-0.1732,-0.6313
1635250622949,2.6230,-9.4297,3.1602,-0.6948,-0.1412,-0.5762
1635250622954,2.5234,-10.3672,3.3613,-0.9995,-0.0881,-0.4814
1635250622979,2.1230,-11.9922,2.7754,-0.7310,-0.0019,-0.2920
1635250622984,2.1230,-11.9922,2.7754,-0.3608,0.0204,-0.2133
1635250622988,1.8193,-11.0078,2.3711,-0.0183,0.0279,-0.1302
1635250622999,1.6416,-9.8828,2.2500,0.2083,0.0162,-0.0887
1635250623004,1.5195,-9.2031,2.1602,0.2317,0.0066,-0.0962
1635250623029,1.4023,-9.0313,2.3145,0.0944,0.0077,-0.0941
1635250623041,1.2705,-9.0938,2.5508,-0.0790,0.0045,-0.0834
1635250623046,1.1631,-9.2344,2.7305,-0.1704,-0.0019,-0.0792
1635250623066,1.1318,-9.5234,2.5742,-0.1587,-0.0008,-0.0845
1635250623070,1.1084,-9.6406,2.4121,-0.0949,-0.0019,-0.0887
1635250623077,1.1035,-9.4297,2.2070,-0.0375,-0.0115,-0.0866
1635250623082,1.2041,-9.2578,2.0117,0.0115,-0.0296,-0.0898
1635250623090,1.3096,-9.0781,1.9844,-0.0396,-0.0413,-0.0972
1635250623094,1.4600,-8.9219,2.1328,-0.1779,-0.0498,-0.1068
1635250623120,1.5010,-9.1016,2.2520,-0.2874,-0.0338,-0.1089
1635250623124,1.4238,-9.5391,2.0820,-0.2959,-0.0040,-0.1005
1635250623129,1.2705,-9.8906,1.9746,-0.1821,0.0183,-0.0909
1635250623140,1.1875,-9.9609,1.9199,0.0072,0.0162,-0.0770
1635250623144,1.2109,-9.7266,1.7813,0.1785,-0.0040,-0.0600
1635250623170,1.2900,-9.1875,1.6758,0.2477,-0.0232,-0.0334
1635250623174,1.3213,-8.8672,1.8115,0.2040,-0.0381,-0.0302
1635250623179,1.3809,-8.8438,1.9512,0.0902,-0.0423,-0.0451
1635250623197,1.3545,-8.9844,2.0117,-0.0130,-0.0274,-0.0526
1635250623201,1.2373,-9.1953,1.9434,-0.0460,-0.0030,-0.0472
1635250623210,1.1172,-9.3438,2.1016,0.0008,0.0098,-0.0472
1635250623214,1.1563,-9.2656,2.1523,0.0721,0.0130,-0.0462
1635250623253,1.2617,-9.2422,2.1816,0.1252,0.0172,-0.0345
1635250623258,1.3477,-9.1094,1.9941,0.1157,0.0247,-0.0175
1635250623265,1.3906,-8.8281,1.7637,0.0498,0.0279,-0.0015
1635250623271,1.3574,-8.7813,1.6611,-0.0173,0.0279,0.0038
1635250623276,1.2109,-8.9688,1.5625,-0.0790,0.0385,-0.0015
1635250623282,1.0889,-9.0859,1.7568,-0.0843,0.0555,-0.0249
1635250623290,1.0889,-9.0156,1.9102,-0.1013,0.0460,-0.0313
1635250623296,1.2256,-9.3203,2.0156,-0.1704,0.0258,-0.0164
1635250623320,1.4189,-9.9453,2.0176,-0.3247,0.0183,0.0070
1635250623325,1.7471,-10.8516,2.0918,-0.5820,0.0034,0.0687
1635250623329,2.3066,-11.9844,2.4023,-0.9014,-0.0189,0.1974
1635250623340,2.9121,-12.8359,2.7891,-1.2471,-0.0083,0.4082
1635250623345,3.2617,-12.9922,2.8750,-1.5010,0.0822,0.6753
1635250623370,3.3516,-13.1328,2.9336,-1.5781,0.2056,0.9614
1635250623375,3.3867,-13.3281,2.8887,-1.6201,0.3311,1.2119
1635250623379,3.6602,-14.0547,3.1719,-1.7432,0.4407,1.4502
1635250623390,4.3164,-15.3281,3.7793,-1.9580,0.5430,1.7813
1635250623395,5.2852,-16.5313,3.9766,-2.0723,0.6855,2.2520
1635250623420,6.0859,-16.9219,3.1504,-1.9551,0.8643,2.8105
1635250623425,6.0781,-16.3125,1.2832,-1.7627,1.0313,3.3164
1635250623429,5.4414,-14.8828,0.3135,-1.6670,1.1191,3.6875
1635250623440,4.2891,-12.7969,-0.1173,-1.8193,1.1426,3.9160
1635250623445,2.8027,-11.0234,-0.3423,-2.0625,1.1377,4.0117
1635250623470,1.3525,-9.7578,-0.3398,-2.3730,1.0625,4.0039
1635250623475,0.2489,-8.8281,-0.4932,-2.6895,0.8579,3.9473
1635250623479,-0.3806,-8.3984,-0.4763,-2.8418,0.5674,3.8809
1635250623490,-0.5913,-8.0625,-0.1794,-2.7969,0.2620,3.7598
1635250623495,-0.4260,-7.6680,0.1819,-2.5000,0.0290,3.5645
1635250623532,-0.1604,-7.1289,0.1364,-1.9277,-0.0423,3.3398
1635250623537,-0.2227,-6.5781,-0.4285,-1.1191,0.0513,3.0605
1635250623544,-0.6748,-6.0195,-0.6724,-0.2311,0.2045,2.7441
1635250623550,-1.1992,-5.2461,-1.3281,0.5176,0.3193,2.4336
1635250623555,-1.5605,-4.6953,-2.1543,1.1279,0.3779,2.1328
1635250623560,-1.7813,-4.0938,-2.2773,1.5215,0.3672,1.8008
1635250623571,-1.9629,-2.8457,-1.9629,1.6309,0.2673,1.4443
1635250623583,-2.1270,-1.3428,-1.6445,1.6338,0.1566,1.0518
1635250623591,-2.3086,-0.4739,-1.2061,1.6055,0.1130,0.5835
1635250623596,-2.4043,-0.3110,-0.9790,1.4336,0.1077,0.0751
1635250623621,-2.2813,-0.8472,-1.5195,1.1885,0.1226,-0.3994
1635250623626,-2.0586,-1.8770,-2.0605,1.0078,0.1226,-0.7847
1635250623630,-1.9414,-2.6309,-2.2715,0.8628,0.0822,-1.0996
1635250623641,-1.9648,-2.8809,-2.2695,0.8096,0.0460,-1.4092
1635250623659,-2.2109,-2.9609,-2.0371,0.9082,0.0620,-1.7432
1635250623665,-2.5273,-3.1465,-1.4531,1.0820,0.0875,-2.0762
1635250623670,-2.7676,-3.5684,-1.2041,1.2158,0.1045,-2.3809
1635250623681,-2.9199,-4.2773,-1.3740,1.3379,0.1428,-2.6348
1635250623685,-3.0938,-5.1172,-1.6895,1.4229,0.1704,-2.8105
1635250623711,-3.4180,-5.4961,-2.3242,1.4434,0.1652,-2.9043
1635250623715,-3.7930,-5.7930,-2.4512,1.4736,0.0917,-2.9609
1635250623720,-3.9473,-6.3672,-1.1416,1.4160,-0.0806,-3.0664
1635250623731,-3.5527,-6.9180,0.2322,1.1006,-0.2786,-3.1328
1635250623735,-2.9980,-7.5508,0.6104,0.6338,-0.3286,-3.0449
1635250623766,-2.7676,-8.5703,0.5552,0.1976,-0.2062,-2.8965
1635250623770,-2.8105,-9.6250,0.1460,-0.1812,-0.0562,-2.7871
1635250623778,-3.0449,-10.3281,-0.3901,-0.4907,0.0353,-2.6602
1635250623792,-3.2891,-10.6016,-0.5815,-0.7065,0.0534,-2.4648
1635250623797,-3.2207,-10.6563,-0.3374,-0.8472,0.0056,-2.2793
1635250623803,-2.8008,-10.8438,-0.0215,-0.9346,-0.0370,-2.1465
1635250623807,-2.4121,-11.1406,-0.1077,-0.9282,0.0077,-2.0020
1635250623831,-2.2813,-11.8125,0.0526,-0.8022,0.1141,-1.8330
1635250623836,-2.3223,-12.6875,0.3469,-0.5791,0.2013,-1.6846
1635250623841,-2.2520,-13.3438,0.2106,-0.2268,0.2715,-1.5088
1635250623851,-2.1152,-13.5078,0.1771,0.2253,0.3396,-1.2842
1635250623856,-1.9385,-13.0078,0.1508,0.6401,0.3716,-1.0889
1635250623881,-1.6992,-12.1484,0.1532,0.9189,0.3672,-0.9580
1635250623889,-1.4287,-11.2422,0.3926,0.9858,0.3418,-0.8633
1635250623906,-1.0957,-10.5313,0.6606,0.8584,0.3171,-0.7847
1635250623911,-0.7612,-10.0000,0.9790,0.6084,0.3076,-0.7197
1635250623916,-0.4668,-9.8125,1.0557,0.3401,0.3066,-0.6772
1635250623921,-0.2441,-10.2422,0.7178,0.1381,0.3279,-0.6216
1635250623931,-0.1221,-11.1328,0.3328,0.0093,0.3503,-0.5396
1635250623938,-0.0096,-12.0078,-0.0886,-0.0226,0.3088,-0.3408
1635250623951,0.4355,-11.8047,0.0311,0.0253,0.2482,-0.2419
1635250623956,0.5625,-10.7422,0.4092,0.0689,0.2087,-0.1876
1635250623981,0.6655,-9.9609,0.8232,0.0306,0.2045,-0.1876
1635250623986,0.6724,-9.5391,1.0313,-0.1609,0.2098,-0.1835
1635250623991,0.6870,-9.6641,0.9478,-0.3726,0.2130,-0.1558
1635250624001,0.6416,-10.2500,0.5024,-0.4727,0.2225,-0.1164
1635250624042,0.5767,-10.9375,-0.0526,-0.3982,0.2322,-0.0760
1635250624048,0.5239,-11.3438,-0.5601,-0.1832,0.2109,-0.0334
1635250624055,0.5957,-11.2500,-0.7227,0.1104,0.1523,-0.0015
1635250624060,0.7612,-10.7891,-0.3518,0.3955,0.0811,0.0038
1635250624065,0.9336,-10.1875,0.0096,0.5889,0.0439,-0.0089
1635250624072,0.9888,-9.6328,0.3040,0.6670,0.0492,-0.0111
1635250624076,0.9526,-9.1406,0.6177,0.5986,0.0598,0.0017
1635250624083,0.9146,-8.9063,0.8950,0.4253,0.0439,0.0017
1635250624092,0.9336,-8.9375,0.8140,0.2380,0.0194,0.0028
1635250624103,0.9839,-9.2031,0.4380,0.1030,0.0130,0.0208
1635250624113,0.9551,-9.6406,0.1675,0.0498,0.0162,0.0315
1635250624119,0.8950,-9.8828,0.1604,0.0423,-0.0051,0.0389
1635250624132,0.8662,-9.7813,0.2227,0.0753,-0.0370,0.0559
1635250624138,0.8618,-9.5703,0.3806,0.1263,-0.0476,0.0729
1635250624167,0.8403,-9.4375,0.6680,0.1093,-0.0381,0.0804
1635250624174,0.8232,-9.2344,0.8950,0.0019,-0.0274,0.0942
1635250624180,0.8042,-9.1797,1.0098,-0.0939,-0.0083,0.1155
1635250624203,0.8164,-9.4766,0.9839,-0.1248,0.0183,0.1326
1635250624204,0.8306,-10.0938,0.6870,-0.1183,0.0470,0.1527
1635250624209,0.7944,-10.7266,0.2322,-0.0992,0.0662,0.2091
1635250624213,0.7373,-11.2734,-0.3542,-0.0790,0.0726,0.3059
1635250624223,0.5479,-11.5234,-0.5239,-0.1354,0.0609,0.4272
1635250624228,0.1771,-11.1406,-0.1675,-0.3640,0.0109,0.5581
1635250624269,-0.2800,-10.6641,0.5957,-0.6738,-0.0562,0.6816
1635250624277,-0.7012,-10.5938,1.1318,-1.0391,-0.0838,0.7983
1635250624284,-1.0869,-11.0547,0.9360,-1.4746,-0.0625,0.9478
1635250624288,-1.5244,-11.9844,-0.4548,-1.8604,-0.0083,1.1611
1635250624295,-2.0723,-13.0234,-1.7354,-2.0234,0.0343,1.4277
1635250624300,-2.7266,-13.1719,-1.8330,-2.0430,-0.0232,1.6807
1635250624305,-3.0723,-12.7109,-2.2949,-2.0156,-0.1360,1.8926
1635250624323,-3.3125,-12.4375,-2.3242,-2.0313,-0.1689,2.1465
1635250624328,-3.8008,-11.1797,-1.4746,-2.3477,-0.2520,2.4023
1635250624334,-4.0508,-9.1563,-1.4336,-2.6484,-0.4531,2.5762
1635250624339,-3.9043,-8.3984,-2.1289,-2.6602,-0.5435,2.6152
1635250624368,-4.0000,-8.7266,-2.7070,-2.5977,-0.4807,2.5859
1635250624373,-4.5508,-8.7734,-3.1504,-2.5938,-0.4902,2.6152
1635250624378,-4.9570,-8.7266,-3.2734,-2.4316,-0.6816,2.6328
1635250624385,-4.8984,-8.6875,-3.0469,-2.0215,-0.8926,2.5586
1635250624391,-4.4688,-7.9883,-2.7109,-1.6025,-1.0225,2.4590
1635250624403,-3.8867,-6.8320,-2.5293,-1.3115,-1.0791,2.3672
1635250624407,-3.4102,-6.2305,-2.5879,-1.1543,-1.0713,2.2422
1635250624435,-3.1660,-5.7734,-2.8535,-1.1865,-1.0498,2.0684
1635250624440,-3.1621,-5.3281,-2.8340,-1.1436,-1.0547,1.8496
1635250624445,-3.2832,-5.2500,-2.4395,-0.7930,-1.0459,1.5947
1635250624453,-3.3945,-5.4922,-2.1055,-0.1683,-0.9639,1.3135
1635250624457,-3.3652,-5.5898,-1.9199,0.6255,-0.8286,1.0420
1635250624483,-3.1035,-5.4219,-1.9795,1.4590,-0.6997,0.7700
1635250624488,-2.8945,-4.8359,-2.0117,2.1934,-0.5933,0.4976
1635250624497,-2.7598,-3.8496,-1.7734,2.7383,-0.5049,0.1985
1635250624503,-2.5527,-2.7051,-1.6631,3.0508,-0.4360,-0.1472
1635250624508,-2.3164,-1.7715,-1.8936,3.1133,-0.4063,-0.5088
1635250624538,-2.1289,-1.4619,-2.0801,2.9766,-0.4253,-0.8525
1635250624542,-1.9170,-2.1348,-1.8887,2.7344,-0.4893,-1.1787
1635250624549,-1.7568,-3.1523,-1.4238,2.4160,-0.5776,-1.4629
1635250624556,-1.4814,-3.9980,-0.5938,2.1074,-0.6787,-1.7236
1635250624562,-1.0840,-4.6836,-0.0239,1.9209,-0.7422,-1.9756
1635250624574,-0.7085,-5.1055,0.4429,1.7881,-0.7593,-2.2031
1635250624580,-0.2944,-5.5547,0.7109,1.6563,-0.7700,-2.3770
1635250624593,0.0981,-6.3281,0.7754,1.4766,-0.8052,-2.4707
1635250624609,0.5264,-7.5234,0.6895,1.2520,-0.8359,-2.4883
1635250624618,0.9790,-8.9375,0.0933,1.0469,-0.8647,-2.4629
1635250624625,1.5176,-10.5625,0.1627,0.9380,-0.8882,-2.3984
1635250624634,2.0313,-12.0703,0.5049,0.9497,-0.8838,-2.3203
1635250624642,2.3594,-12.8750,0.7109,1.1016,-0.8330,-2.2148
1635250624655,2.5352,-12.8281,1.3428,1.3115,-0.7412,-2.0781
1635250624662,2.5840,-12.2344,1.8555,1.4893,-0.6372,-1.9287
1635250624676,2.6191,-11.9766,2.0645,1.6152,-0.5200,-1.7510
1635250624683,2.5410,-11.9844,1.8936,1.6924,-0.4019,-1.5459
1635250624695,2.3164,-11.7891,1.7637,1.7188,-0.3242,-1.3789
1635250624702,2.1348,-11.1719,1.8379,1.6777,-0.2935,-1.2832
1635250624714,2.2813,-10.3984,2.1016,1.5205,-0.2732,-1.2100
1635250624725,2.5293,-9.9688,2.5254,1.2139,-0.2200,-1.1250
1635250624733,2.5391,-10.0625,2.7305,0.8521,-0.1625,-1.0361
1635250624738,2.5410,-10.3281,3.0332,0.5308,-0.1221,-0.9463
1635250624769,2.4629,-10.4141,3.0918,0.3030,-0.0923,-0.8730
1635250624786,2.3574,-10.5391,3.1250,0.1965,-0.0679,-0.8091
1635250624793,2.2109,-10.6328,2.9492,0.1541,-0.0413,-0.7344
1635250624800,2.1602,-10.7031,2.5488,0.1658,-0.0349,-0.6577
1635250624805,2.2090,-10.7734,2.5059,0.2062,-0.0349,-0.5918
1635250624810,2.1816,-10.7031,2.6152,0.2211,-0.0221,-0.5347
1635250624816,2.1152,-10.5000,2.5742,0.1891,-0.0051,-0.4653
1635250624821,2.0332,-10.2266,2.5176,0.1359,0.0034,-0.3899
1635250624835,1.9434,-10.0625,2.5918,0.0732,0.0066,-0.3398
1635250624840,1.8408,-9.9609,2.7305,0.0136,0.0098,-0.3057
1635250624864,1.7949,-9.9531,2.6660,-0.0396,0.0119,-0.2664
1635250624868,1.7451,-10.0234,2.6563,-0.0630,0.0172,-0.2196
1635250624872,1.4766,-9.8828,2.3340,0.0136,0.0279,-0.1547
1635250624884,1.3906,-9.7344,2.1230,0.0764,0.0183,-0.1377
1635250624891,1.3232,-9.4922,2.0059,0.0870,0.0045,-0.1175
1635250624904,1.2871,-9.1953,2.1055,0.0529,-0.0019,-0.1005
1635250624908,1.1895,-8.8672,2.2930,-0.0119,-0.0030,-0.0983
1635250624934,1.1035,-8.7266,2.3496,-0.0853,-0.0040,-0.1111
1635250624938,1.0742,-8.7734,2.1992,-0.1566,-0.0040,-0.1175
1635250624941,1.1055,-8.9297,1.9961,-0.2173,-0.0019,-0.1185
1635250624963,1.1699,-9.1641,1.9297,-0.2418,-0.0008,-0.1196
1635250624971,1.2129,-9.3438,1.8164,-0.2385,0.0024,-0.1196
1635250624975,1.2324,-9.4922,1.8115,-0.2035,0.0024,-0.1100
1635250624994,1.2734,-9.6563,1.7979,-0.1417,0.0087,-0.0909
1635250624997,1.2637,-9.7344,1.8691,-0.0311,0.0321,-0.0611
1635250625000,1.1514,-9.6094,1.9248,0.0977,0.0609,-0.0419
1635250625024,0.9766,-9.3594,1.9746,0.1859,0.0726,-0.0377
1635250625027,0.8184,-9.1719,2.0801,0.1647,0.0577,-0.0345
1635250625031,0.6938,-8.9922,2.1035,0.0710,0.0428,-0.0302
1635250625056,0.6631,-8.9922,2.2012,-0.0311,0.0321,-0.0281
1635250625060,0.7563,-9.3203,2.1680,-0.1385,0.0183,-0.0292
1635250625064,1.0078,-9.9219,2.2930,-0.2471,0.0183,-0.0175
1635250625081,1.3398,-10.8281,2.1758,-0.3193,0.0279,0.0368
1635250625083,1.7109,-11.8516,1.9600,-0.3640,0.0481,0.1315
1635250625104,1.9072,-12.1250,1.4883,-0.4749,0.0747,0.2603
1635250625105,1.9072,-11.8516,1.3691,-0.6982,0.0694,0.4326
1635250625106,2.0000,-11.6094,1.6875,-1.1318,0.0353,0.6133
1635250625134,2.4707,-12.0234,2.4395,-1.7686,0.0034,0.8242
1635250625136,3.2910,-13.2422,2.9980,-2.4785,0.0290,1.1104
1635250625137,4.1680,-14.8828,2.9316,-3.0156,0.1311,1.4678
1635250625164,4.8320,-16.0938,2.7305,-3.2344,0.2737,1.9004
1635250625166,4.9141,-16.1406,0.5938,-3.2656,0.4172,2.3887
1635250625167,4.4805,-15.9531,-1.0146,-3.0703,0.4875,2.8457
1635250625194,3.8496,-14.1875,-0.8594,-3.2246,0.4375,3.2539
1635250625196,3.1172,-11.3359,-0.5767,-3.6406,0.3215,3.5645
1635250625197,2.4941,-9.5078,-1.1611,-3.9590,0.1652,3.7090
1635250625226,1.9150,-9.0234,-2.2012,-4.3047,-0.0093,3.7422
1635250625228,1.0742,-9.3125,-3.1094,-4.6055,-0.1976,3.7227
1635250625230,0.1627,-9.6328,-3.2988,-4.6484,-0.3882,3.6055
1635250625264,-0.6821,-9.7734,-2.7148,-4.3047,-0.5371,3.4141
1635250625272,-1.3359,-9.3984,-1.4863,-3.5977,-0.6499,3.2148
1635250625274,-1.5674,-8.4219,-0.7134,-2.6660,-0.7134,3.0137
1635250625276,-1.5557,-7.3047,-0.4714,-1.6064,-0.6606,2.8125
1635250625278,-1.6104,-6.3359,-0.2607,-0.5884,-0.5083,2.5840
1635250625308,-1.7354,-5.5703,-0.0168,0.2551,-0.3572,2.2871
1635250625310,-1.8193,-4.9023,0.1388,0.9243,-0.2413,1.9512
1635250625312,-1.7900,-4.2266,0.3423,1.4619,-0.1381,1.6123
1635250625336,-1.7637,-3.4629,0.3662,1.8818,-0.0136,1.2637
1635250625340,-1.7520,-2.7520,-0.1125,2.2012,0.1534,0.9063
1635250625344,-1.8721,-2.2207,-0.8232,2.4375,0.3364,0.5527
1635250625366,-2.1602,-1.8193,-1.1875,2.5645,0.4673,0.1910
1635250625378,-2.4355,-1.3926,-0.9551,2.5352,0.4929,-0.1930
1635250625384,-2.6230,-1.2803,-0.5864,2.3789,0.4736,-0.5835
1635250625390,-2.7266,-1.9102,-0.4573,2.1816,0.5024,-0.9663
1635250625396,-2.8027,-3.1934,-0.3926,2.0391,0.5469,-1.3623
1635250625406,-2.6621,-4.4688,-0.4236,1.9121,0.5269,-1.7236
1635250625410,-2.3438,-5.3281,-0.5625,1.6982,0.4641,-1.9502
1635250625426,-2.1016,-5.8789,-1.0527,1.3848,0.4673,-2.0508
1635250625431,-2.3086,-6.3594,-1.1875,1.1650,0.5415,-2.1465
1635250625456,-2.8203,-6.6641,-1.6133,1.0674,0.6323,-2.2969
1635250625460,-3.4297,-7.2344,-2.8066,1.2285,0.7100,-2.3926
1635250625475,-4.0352,-8.2578,-4.0391,1.6152,0.7227,-2.3906
1635250625481,-4.4141,-9.1875,-4.5977,1.9854,0.5908,-2.3105
1635250625486,-4.4063,-9.8359,-3.5352,2.1328,0.3088,-2.2129
1635250625496,-3.9414,-9.9922,-1.9580,1.9561,0.0332,-2.1211
1635250625500,-3.3652,-9.8203,-0.7729,1.6191,-0.0317,-1.9697
1635250625526,-3.2559,-9.4844,-0.1173,1.2490,0.1024,-1.7803
1635250625540,-3.5684,-9.1641,0.1675,0.8711,0.2375,-1.6455
1635250625544,-3.8809,-9.1953,0.4141,0.4956,0.2661,-1.5625
1635250625549,-3.8340,-10.0156,0.5889,0.1848,0.2290,-1.4854
1635250625556,-3.5000,-11.3594,0.5122,0.0551,0.2236,-1.3750
1635250625569,-3.1191,-12.4063,0.2083,0.1115,0.2822,-1.2070
1635250625572,-2.9180,-12.6875,-0.2106,0.3157,0.3652,-1.0098
1635250625597,-2.8789,-12.2266,-0.3064,0.5356,0.4280,-0.8325
1635250625600,-2.8496,-11.3594,-0.1986,0.6177,0.4470,-0.6963
1635250625602,-2.7910,-10.4453,0.0120,0.5073,0.4343,-0.5762
1635250625627,-2.6992,-9.7031,0.2202,0.2328,0.4077,-0.4622
1635250625628,-2.4551,-9.3516,0.4500,-0.0651,0.3662,-0.3962
1635250625629,-2.0469,-9.4844,0.7729,-0.3076,0.3140,-0.3760
1635250625656,-1.6182,-9.9609,0.7754,-0.4312,0.2905,-0.3525
1635250625658,-1.3643,-10.4609,0.3208,-0.3896,0.3184,-0.3025
1635250625659,-1.3740,-10.5781,-0.3469,-0.2184,0.3491,-0.2419
1635250625687,-1.4121,-10.4375,-0.6724,-0.0385,0.3354,-0.1930
1635250625688,-1.4531,-9.9609,-0.7397,0.0295,0.2791,-0.1536
1635250625690,-1.4238,-9.5078,-0.7588,-0.0109,0.2098,-0.1111
1635250625722,-1.2920,-9.4531,-0.5195,-0.1088,0.1492,-0.0909
1635250625724,-1.0527,-9.7422,-0.1340,-0.2279,0.0896,-0.0972
1635250625725,-0.7275,-9.9844,0.2871,-0.2981,0.0364,-0.0962
1635250625747,-0.4285,-10.0859,0.4116,-0.2482,0.0375,-0.0696
1635250625748,-0.3469,-10.1484,0.3494,-0.0822,0.0949,-0.0430
1635250625749,-0.3972,-10.0000,0.1436,0.0604,0.1545,-0.0206
1635250625778,-0.5410,-9.7109,-0.0933,0.1072,0.1758,0.0443
1635250625780,-0.8423,-8.9688,-0.2632,0.0349,0.1523,0.0581
1635250625781,-0.8857,-8.8594,-0.1675,-0.0864,0.1162,0.0389
1635250625807,-0.8208,-9.1016,-0.0622,-0.2247,0.0726,0.0198
1635250625808,-0.7422,-9.7500,0.1245,-0.3342,0.0353,0.0251
1635250625810,-0.6680,-10.6016,0.2297,-0.3950,0.0236,0.0623
1635250625837,-0.6436,-11.5938,0.2489,-0.4194,0.0417,0.1304
1635250625839,-0.6772,-12.5547,-0.0886,-0.4248,0.0747,0.2527
1635250625840,-0.8281,-12.9609,-0.3447,-0.4226,0.1013,0.4431
1635250625868,-1.0908,-12.5703,-0.3567,-0.4236,0.0906,0.6475
1635250625869,-1.1914,-12.1406,-0.0168,-0.4312,0.0545,0.7998
1635250625870,-1.1201,-11.9922,0.6655,-0.5894,0.0226,0.9316
1635250625901,-1.0342,-11.7734,0.9717,-0.8140,0.0449,1.1055
1635250625902,-1.1914,-11.7578,0.6748,-0.8994,0.1641,1.3232
1635250625903,-1.5508,-11.8828,0.2656,-0.8345,0.2971,1.4785
1635250625932,-1.8809,-11.7031,0.1412,-0.7739,0.3621,1.5918
1635250625934,-2.0742,-11.0859,0.1555,-0.7461,0.3789,1.7061
1635250625935,-2.1348,-10.4219,0.5073,-0.7544,0.3928,1.7813
1635250625957,-2.0625,-10.0469,0.9189,-0.6558,0.4163,1.7861
1635250625958,-2.1328,-9.8906,0.9551,-0.4312,0.4961,1.8008
1635250625959,-2.2539,-9.6484,1.2588,-0.1992,0.5845,1.8164
1635250625987,-2.1816,-9.3516,1.6104,0.0178,0.6523,1.7939
1635250625988,-2.1602,-9.4375,1.0098,0.3264,0.7607,1.7930
1635250625989,-2.4121,-9.5547,0.8281,0.7500,0.9023,1.8154
1635250626018,-2.8027,-9.2188,0.3782,1.2070,0.9556,1.7861
1635250626020,-2.8672,-9.0859,-0.7729,1.7539,0.9502,1.7148
1635250626022,-2.7969,-9.3516,-1.8984,2.2324,0.9258,1.6475
1635250626052,-2.5449,-9.0547,-2.6465,2.5098,0.8525,1.6055
1635250626054,-2.2480,-8.0313,-3.3457,2.7539,0.7207,1.5684
1635250626057,-2.0840,-7.3008,-3.2695,3.1367,0.5757,1.4434
1635250626079,-2.0898,-6.6406,-2.6641,3.4512,0.4683,1.2275
1635250626081,-2.2500,-5.8672,-2.3145,3.5566,0.3906,1.0176
1635250626082,-2.4219,-5.5547,-1.8643,3.4766,0.2832,0.8892
1635250626109,-2.5293,-5.5273,-0.9932,3.1719,0.1566,0.7974
1635250626111,-2.6406,-5.0508,-0.2297,2.6621,0.0577,0.6782
1635250626112,-2.7480,-4.4531,0.5693,2.1172,0.0045,0.4922
1635250626139,-2.9336,-4.2461,1.4717,1.6377,-0.0093,0.2996
1635250626141,-3.0879,-4.3320,2.0371,1.1748,-0.0338,0.1570
1635250626142,-3.1504,-4.6875,2.2305,0.7466,-0.0572,0.0655
1635250626170,-3.1133,-5.1680,2.2871,0.3274,-0.0455,0.0059
1635250626172,-3.1602,-5.6914,2.1758,-0.0832,-0.0083,-0.0238
1635250626174,-3.3828,-6.0664,1.9844,-0.4524,0.0183,-0.0483
1635250626199,-3.6602,-6.5781,1.6279,-0.7373,0.0162,-0.0994
1635250626201,-3.7402,-7.1992,1.2275,-0.9546,-0.0306,-0.1515
1635250626203,-3.6094,-8.0781,1.2256,-1.1279,-0.0838,-0.1855
1635250626229,-3.3984,-9.2344,1.0605,-1.2490,-0.1094,-0.1653
1635250626231,-3.3223,-10.2109,0.9526,-1.2988,-0.1104,-0.0930
1635250626233,-3.4180,-10.8828,1.1611,-1.2461,-0.1072,-0.0462
1635250626260,-3.6855,-10.9453,1.2949,-1.0762,-0.0849,-0.0270
1635250626262,-4.0195,-10.5156,1.3926,-0.7939,-0.0519,0.0198
1635250626263,-4.2031,-9.8672,1.4023,-0.5088,-0.0572,0.0772
1635250626290,-4.0938,-9.2891,1.1436,-0.2971,-0.0912,0.1198
1635250626292,-3.8828,-9.2578,0.9502,-0.1481,-0.1221,0.1602
1635250626295,-3.7441,-9.8203,0.9214,-0.0577,-0.1476,0.1964
1635250626319,-3.7148,-10.6953,0.9932,0.0104,-0.1732,0.2240
1635250626321,-3.8418,-11.1250,1.1631,0.1252,-0.2008,0.2539
1635250626323,-4.1133,-10.9297,1.3496,0.3369,-0.2349,0.2771
1635250626350,-4.3242,-10.4219,1.4023,0.6382,-0.2656,0.2996
1635250626352,-4.3203,-9.7344,1.4434,0.9146,-0.2986,0.3325
1635250626354,-4.1250,-9.0703,1.4980,1.0918,-0.3328,0.3496
1635250626380,-3.9492,-8.4531,1.5195,1.1475,-0.3455,0.3369
1635250626382,-3.7715,-7.8164,1.4912,1.1377,-0.3508,0.3081
1635250626384,-3.7246,-7.3672,1.6514,1.0957,-0.3584,0.2783
1635250626412,-3.8184,-7.3438,1.9121,1.0205,-0.3562,0.2432
1635250626415,-3.7988,-7.5391,2.0469,0.9019,-0.3550,0.2305
1635250626418,-3.7012,-7.5859,2.1113,0.7891,-0.3584,0.2283
1635250626430,-3.6387,-7.3906,2.2852,0.7134,-0.3381,0.2050
1635250626432,-3.6758,-7.1914,2.4141,0.6616,-0.2913,0.1635
1635250626460,-3.6523,-6.9570,2.4551,0.6021,-0.2507,0.1475
1635250626461,-3.5313,-6.8086,2.7500,0.5029,-0.2253,0.1464
1635250626462,-3.3516,-6.8750,3.0137,0.3359,-0.1859,0.1208
1635250626489,-3.2949,-7.2188,2.8750,0.1816,-0.1263,0.1081
1635250626491,-3.3203,-7.5742,2.7324,0.0519,-0.1008,0.1091
1635250626492,-3.4648,-7.7891,2.6445,-0.0449,-0.0912,0.0847
1635250626521,-3.6973,-8.1484,2.5391,-0.0609,-0.0849,0.0762
1635250626523,-3.8340,-8.7578,2.2129,0.0476,-0.1115,0.1230
1635250626524,-3.8281,-9.4453,2.1270,0.2008,-0.1785,0.1825
1635250626553,-3.8184,-9.6094,2.5254,0.2754,-0.2423,0.1644
1635250626555,-4.0391,-9.2188,2.9746,0.3052,-0.2571,0.0921
1635250626557,-4.4609,-8.7891,3.2793,0.2954,-0.2764,0.0729
1635250626582,-4.8750,-8.6406,3.5430,-0.1237,-0.3210,0.1559
1635250626584,-5.1797,-8.8594,3.3086,-0.3481,-0.3071,0.2208
1635250626586,-5.1445,-9.1250,2.8691,-0.3843,-0.2944,0.3059
1635250626611,-5.0742,-9.3984,2.4512,-0.2109,-0.2871,0.3816
1635250626613,-4.9766,-9.4063,2.0898,0.0753,-0.2881,0.4443
1635250626615,-4.8594,-9.1328,1.9219,0.4114,-0.3093,0.4783
1635250626641,-4.7070,-8.5234,1.9102,0.7017,-0.3328,0.4570
1635250626643,-4.5703,-7.7930,1.9150,0.8774,-0.3435,0.4114
1635250626645,-4.4961,-7.1523,2.0898,0.9341,-0.3647,0.3804
1635250626671,-4.4063,-6.8320,2.5781,0.9360,-0.3838,0.3560
1635250626673,-4.3320,-6.7891,2.7422,0.9106,-0.3774,0.3303
1635250626675,-4.1289,-6.8672,2.7949,0.8604,-0.3784,0.3220
1635250626701,-3.9141,-6.8047,2.9824,0.8369,-0.3838,0.3271
1635250626703,-3.6719,-6.5352,3.0645,0.8223,-0.3945,0.2793
1635250626705,-3.4844,-6.6563,3.1211,0.7988,-0.4094,0.2305
1635250626732,-3.5156,-7.1367,3.4902,0.6572,-0.3965,0.2474
1635250626733,-3.7109,-7.5586,3.9238,0.4944,-0.3486,0.2793
1635250626735,-3.8652,-7.6367,4.2344,0.4221,-0.3062,0.2869
1635250626762,-3.9141,-7.3320,4.4453,0.4307,-0.3147,0.2761
1635250626764,-3.8965,-6.9297,4.7773,0.4189,-0.2935,0.2729
1635250626765,-4.1094,-6.5039,4.9297,0.3530,-0.2371,0.2739
1635250626792,-4.2773,-6.2422,4.8789,0.2317,-0.2222,0.2517
1635250626797,-4.2891,-6.1094,4.8867,0.0859,-0.2190,0.1953
1635250626799,-4.2734,-6.0586,4.8008,-0.0853,-0.2019,0.1283
1635250626822,-4.3047,-6.2578,4.9648,-0.2119,-0.1615,0.0729
1635250626824,-4.3828,-6.6484,4.9297,-0.2981,-0.1094,0.0443
1635250626826,-4.4688,-7.2031,4.5508,-0.3694,-0.0934,0.0485
1635250626852,-4.5273,-7.7930,4.3906,-0.3621,-0.0732,0.0762
1635250626854,-4.5781,-7.7344,4.3398,-0.2756,-0.0402,0.0740
1635250626856,-4.5820,-7.2695,4.1602,-0.0683,-0.0296,0.0134
1635250626882,-4.4102,-6.7539,4.3633,0.1615,-0.0221,-0.0696
1635250626884,-4.3477,-6.3750,4.3477,0.2423,-0.0115,-0.1345
1635250626886,-4.3516,-6.1445,4.2773,0.1859,-0.0019,-0.1547
1635250626912,-4.2969,-6.0781,4.2969,0.0625,0.0172,-0.1855
1635250626914,-4.2813,-6.0859,4.1406,-0.1215,0.0375,-0.2441
1635250626916,-4.2227,-6.2734,3.9473,-0.3237,0.0417,-0.3015
1635250626943,-4.2188,-6.6719,3.6797,-0.5161,0.0364,-0.3323
1635250626945,-4.2422,-7.1094,3.4727,-0.6738,0.0385,-0.3354
1635250626948,-4.3164,-7.2539,3.3105,-0.7427,0.0439,-0.3547
1635250626973,-4.3594,-6.9023,3.0801,-0.7480,0.0417,-0.4216
1635250626975,-4.3086,-6.4258,2.9297,-0.7153,0.0194,-0.4910
1635250626977,-4.1914,-6.4258,2.9336,-0.7100,-0.0359,-0.4878
1635250627001,-4.1055,-6.8711,2.9238,-0.8047,-0.0594,-0.4495
1635250627002,-4.0977,-7.1016,3.0645,-0.9814,-0.0423,-0.4897
1635250627004,-4.1055,-7.1602,3.2832,-1.1543,-0.0306,-0.5845
1635250627031,-4.0547,-7.2852,3.5469,-1.2813,-0.0253,-0.6343
1635250627032,-4.0000,-7.3477,3.9277,-1.4121,-0.0062,-0.6323
1635250627034,-3.8008,-7.2305,4.2539,-1.5801,0.0236,-0.6313
1635250627063,-3.4727,-7.1953,4.0547,-1.6953,0.0704,-0.6187
1635250627065,-3.1875,-7.5586,3.6934,-1.7295,0.1279,-0.5708
1635250627067,-3.0273,-8.1641,3.4531,-1.7471,0.1918,-0.5439
1635250627093,-3.0352,-8.5391,3.0605,-1.7520,0.2639,-0.5664
1635250627095,-3.1348,-8.6406,2.5098,-1.7002,0.3320,-0.6143
1635250627097,-3.1836,-8.6563,2.1230,-1.6455,0.3735,-0.6641
1635250627123,-3.1602,-8.8516,1.8096,-1.6738,0.3884,-0.6992
1635250627125,-3.1563,-9.4063,1.3398,-1.7715,0.3918,-0.6709
1635250627126,-3.1816,-10.0156,0.8735,-1.8691,0.3960,-0.5728
1635250627153,-3.1777,-10.2734,0.5742,-1.8906,0.3950,-0.4697
1635250627155,-3.1250,-10.2656,0.4211,-1.7627,0.3918,-0.4067
1635250627156,-3.1191,-10.0078,0.6436,-1.5371,0.4045,-0.3770
1635250627183,-3.1934,-9.5156,0.7612,-1.3271,0.4470,-0.3611
1635250627185,-3.3262,-8.9453,0.7158,-1.1514,0.5098,-0.3386
1635250627187,-3.4570,-8.4297,0.5693,-1.0293,0.5513,-0.3376
1635250627213,-3.5430,-8.1094,0.1938,-1.0020,0.5479,-0.3770
1635250627215,-3.5625,-8.2266,-0.0024,-1.0586,0.5195,-0.4111
1635250627216,-3.5859,-8.5078,-0.1340,-1.1963,0.4717,-0.4089
1635250627243,-3.5156,-8.5859,-0.4404,-1.3535,0.4290,-0.3801
1635250627245,-3.4102,-8.5781,-0.5840,-1.4473,0.4001,-0.3535
1635250627246,-3.3027,-8.4141,-0.3159,-1.4980,0.3662,-0.3291
1635250627273,-3.2070,-8.2422,-0.3064,-1.5205,0.3184,-0.3164
1635250627275,-3.1328,-8.4141,-0.7251,-1.4805,0.2991,-0.3069
1635250627277,-3.1953,-8.7891,-1.2637,-1.4717,0.3215,-0.2983
1635250627306,-3.3105,-8.9609,-1.8887,-1.5068,0.3152,-0.2983
1635250627308,-3.2773,-9.1094,-2.1523,-1.5254,0.2450,-0.3057
1635250627309,-3.1641,-9.1094,-2.1484,-1.5635,0.1385,-0.3110
1635250627333,-3.0488,-8.9453,-2.0723,-1.6221,0.0566,-0.3047
1635250627335,-3.0156,-8.8047,-2.0430,-1.6689,0.0321,-0.2930
1635250627337,-3.0508,-8.8281,-2.0742,-1.6689,0.0343,-0.2749
1635250627363,-3.1504,-8.8516,-2.1543,-1.6377,0.0141,-0.2546
1635250627365,-3.2070,-8.7891,-2.5137,-1.6104,-0.0093,-0.2430
1635250627367,-3.2383,-8.8359,-2.8203,-1.5664,-0.0349,-0.2399
1635250627393,-3.2871,-8.8594,-2.9316,-1.5527,-0.0775,-0.2430
1635250627395,-3.2305,-8.7109,-3.1211,-1.5801,-0.1327,-0.2524
1635250627397,-3.1211,-8.5156,-3.1758,-1.6240,-0.1913,-0.2622
1635250627424,-2.9414,-8.3359,-3.3828,-1.7031,-0.2413,-0.2546
1635250627425,-2.7520,-8.3125,-3.5801,-1.7852,-0.2646,-0.2345
1635250627427,-2.6660,-8.3438,-3.7793,-1.8809,-0.2732,-0.2185
1635250627454,-2.7051,-8.3594,-3.9355,-1.9678,-0.2935,-0.2260
1635250627455,-2.7969,-8.4219,-3.9023,-1.9814,-0.3328,-0.2419
1635250627457,-2.8711,-8.5938,-3.9180,-1.9268,-0.3752,-0.2632
1635250627484,-2.8145,-9.0078,-4.1680,-1.6865,-0.4116,-0.2302
1635250627486,-2.7598,-9.3047,-4.3594,-1.5820,-0.4424,-0.1792
1635250627487,-2.6543,-8.8438,-4.4648,-1.4834,-0.4700,-0.1451
1635250627514,-2.5918,-8.2969,-4.5273,-1.4160,-0.4744,-0.1387
1635250627516,-2.6250,-7.8359,-4.4883,-1.4121,-0.4775,-0.1547
1635250627519,-2.6445,-7.4922,-4.6445,-1.4609,-0.4871,-0.1727
1635250627544,-2.6133,-7.3594,-4.8398,-1.5176,-0.5049,-0.1951
1635250627546,-2.5488,-7.6563,-5.0273,-1.5596,-0.5337,-0.2185
1635250627548,-2.4512,-8.0547,-5.0508,-1.5859,-0.5518,-0.2239
1635250627573,-2.4648,-8.2500,-4.8281,-1.5537,-0.5679,-0.2250
1635250627574,-2.4980,-8.2422,-4.7188,-1.4268,-0.5615,-0.2356
1635250627575,-2.5586,-8.1875,-4.7109,-1.2510,-0.5273,-0.2356
1635250627603,-2.5977,-7.8359,-4.7031,-1.1641,-0.5073,-0.2079
1635250627604,-2.6836,-7.1914,-4.6836,-1.1670,-0.5083,-0.1909
1635250627606,-2.6777,-6.5313,-4.7773,-1.1953,-0.5190,-0.2250
1635250627634,-2.5801,-6.2500,-5.2383,-1.2432,-0.4902,-0.2866
1635250627636,-2.5898,-6.4922,-5.6133,-1.3340,-0.4509,-0.3291
1635250627638,-2.6777,-6.8828,-5.9648,-1.4717,-0.4595,-0.3579
1635250627664,-2.7930,-7.1484,-6.3008,-1.5527,-0.4956,-0.3855
1635250627666,-2.8438,-7.1289,-6.4180,-1.5420,-0.5381,-0.4016
1635250627668,-2.8340,-6.7031,-6.3203,-1.5410,-0.5850,-0.4016
1635250627695,-2.7500,-6.1523,-6.2266,-1.5674,-0.6401,-0.4165
1635250627696,-2.6582,-5.7695,-6.2266,-1.6055,-0.6787,-0.4644
1635250627698,-2.6113,-5.5156,-6.4609,-1.6953,-0.6670,-0.5142
1635250627725,-2.5781,-5.6836,-6.5859,-1.7939,-0.6655,-0.5547
1635250627726,-2.5078,-6.1328,-6.7383,-1.8994,-0.6880,-0.6025
1635250627728,-2.4434,-6.5078,-6.8398,-1.9658,-0.6978,-0.6396
1635250627755,-2.4492,-6.7305,-6.7969,-1.9346,-0.6870,-0.6631
1635250627756,-2.5000,-6.6406,-6.7539,-1.8672,-0.6772,-0.6675
1635250627758,-2.4980,-6.3359,-6.7578,-1.8379,-0.6655,-0.6475
1635250627791,-2.4512,-6.2617,-6.5430,-1.7949,-0.6553,-0.6641
1635250627794,-2.3145,-6.4258,-6.7773,-1.6582,-0.6191,-0.7046
1635250627796,-2.3965,-6.2578,-7.0352,-1.4395,-0.5518,-0.7153
1635250627808,-2.5566,-5.7539,-6.9492,-1.2666,-0.5166,-0.7314
1635250627809,-2.4844,-5.8750,-6.5273,-1.2256,-0.5498,-0.7749
1635250627835,-2.2715,-6.5859,-6.6133,-1.2969,-0.5806,-0.7720
1635250627836,-2.2832,-6.8750,-7.1055,-1.3574,-0.5488,-0.6846
1635250627838,-2.4219,-6.9102,-6.9297,-1.4170,-0.5166,-0.6250
1635250627865,-2.4180,-6.9766,-6.7734,-1.5078,-0.5103,-0.5942
1635250627866,-2.4023,-7.1875,-6.6953,-1.5674,-0.4680,-0.5176
1635250627868,-2.4766,-7.7344,-6.5156,-1.5371,-0.3892,-0.4387
1635250627895,-2.4707,-8.8359,-6.3867,-1.3994,-0.3220,-0.3503
1635250627897,-2.3906,-9.6641,-6.1797,-1.1855,-0.2317,-0.2036
1635250627898,-2.4004,-9.3438,-6.0781,-0.8501,-0.0977,-0.0036
1635250627924,-2.4863,-8.3359,-6.0234,-0.4546,0.0481,0.1858
1635250627925,-2.4863,-7.3984,-5.8672,-0.1715,0.1630,0.3145
1635250627926,-2.2539,-6.7305,-5.6445,-0.0364,0.2247,0.4082
1635250627954,-1.8428,-6.5664,-5.5547,0.1189,0.2971,0.4666
1635250627955,-1.5889,-7.0938,-5.9688,0.3882,0.4385,0.4890
1635250627956,-1.7549,-7.7070,-6.4844,0.7017,0.6074,0.5742
1635250627984,-2.0527,-7.6992,-7.3750,0.9692,0.7100,0.7104
1635250627985,-2.0547,-7.5313,-7.8516,1.2383,0.7207,0.8062
1635250627986,-1.8721,-6.9688,-7.9336,1.4004,0.6885,0.8774
1635250628015,-1.7881,-6.4297,-7.9102,1.4980,0.6895,0.9604
1635250628016,-1.8691,-6.2227,-7.6992,1.6611,0.7568,0.9839
1635250628018,-2.0156,-6.3398,-7.7266,1.8906,0.8608,0.9219
1635250628049,-2.2227,-6.7734,-7.9414,2.1855,0.9492,0.9009
1635250628051,-2.3809,-7.1914,-8.5469,2.5645,1.0059,0.9517
1635250628052,-2.4316,-7.8008,-9.3672,3.0254,1.0234,1.0068
1635250628084,-2.4355,-8.2344,-9.4609,3.4336,0.9629,1.0537
1635250628101,-2.2734,-8.3359,-9.4531,3.8203,0.8491,1.0645
1635250628108,-2.1914,-8.6406,-9.8203,4.3164,0.7969,1.0908
1635250628130,-2.3438,-9.0547,-9.8359,4.8438,0.7671,1.1299
1635250628136,-2.6406,-9.2734,-9.5391,5.2852,0.6982,1.1367
1635250628141,-2.9219,-9.3594,-8.7891,5.7031,0.5820,1.1348
1635250628146,-3.0078,-9.2813,-7.5430,6.0781,0.4460,1.1240
1635250628151,-2.8887,-8.8984,-6.3945,6.3477,0.3374,1.1279
1635250628157,-2.7168,-8.2578,-5.6719,6.5078,0.2991,1.1563
1635250628161,-2.6133,-7.8086,-5.4453,6.5820,0.3418,1.1719
1635250628166,-2.8125,-7.4219,-5.1836,6.4688,0.4216,1.1719
1635250628175,-3.1914,-6.8555,-4.7227,6.0820,0.4385,1.1270
1635250628180,-3.5273,-6.3750,-3.9609,5.4961,0.3567,1.0332
1635250628204,-3.6582,-5.9180,-3.2480,4.7578,0.2375,0.9453
1635250628209,-3.6699,-5.3984,-2.7539,3.9863,0.1194,0.9072
1635250628214,-3.5859,-5.2188,-2.4082,3.3203,0.0087,0.8857
1635250628224,-3.5742,-5.3672,-1.9150,2.7734,-0.1125,0.8613
1635250628243,-3.6836,-5.6875,-1.6064,2.3496,-0.2242,0.8369
1635250628249,-3.8203,-6.4609,-1.2090,2.1406,-0.2881,0.8135
1635250628253,-4.0117,-7.3984,-0.6484,2.0332,-0.2764,0.7603
1635250628266,-4.1484,-8.0078,-0.0598,1.9551,-0.2157,0.6919
1635250628270,-4.3516,-8.2109,0.5146,1.9023,-0.1753,0.6665
1635250628295,-4.3203,-8.0469,0.6055,1.8906,-0.1816,0.6807
1635250628300,-4.1367,-7.7773,0.6104,1.9082,-0.2062,0.7153
1635250628306,-4.0273,-7.3281,0.8379,1.8223,-0.2339,0.7285
1635250628315,-4.0820,-6.7344,1.1133,1.6377,-0.2615,0.6997
1635250628319,-4.3086,-6.5430,1.5176,1.4434,-0.2764,0.6323
1635250628345,-4.5781,-6.9453,2.0938,1.2549,-0.2871,0.5869
1635250628349,-4.6953,-7.4961,2.3340,1.0762,-0.3093,0.5806
1635250628354,-4.5859,-8.1406,2.3926,1.0137,-0.3201,0.5977
1635250628365,-4.3281,-8.5938,2.2539,1.0771,-0.2966,0.6377
1635250628369,-4.1875,-8.5313,2.1699,1.2148,-0.2520,0.6665
1635250628395,-4.1953,-7.9219,2.0586,1.3916,-0.2136,0.6401
1635250628399,-4.3320,-7.1133,1.8838,1.5566,-0.1870,0.5728
1635250628404,-4.5742,-6.6445,2.0410,1.6338,-0.1807,0.5142
1635250628415,-4.8281,-6.7266,2.7188,1.4941,-0.2285,0.4932
1635250628419,-4.8828,-7.0586,3.1113,1.4941,-0.2285,0.4932
1635250628445,-4.5625,-7.0469,3.3164,1.2910,-0.2296,0.5132
1635250628449,-4.3047,-6.7891,3.0801,1.3359,-0.2211,0.5195
1635250628454,-4.2539,-6.8086,2.4707,1.5381,-0.2125,0.5400
1635250628465,-4.4375,-7.1445,2.0898,1.7949,-0.2094,0.5337
1635250628470,-4.8398,-7.4805,2.1172,2.0430,-0.2115,0.4976
1635250628495,-5.2031,-7.5469,2.5781,2.2695,-0.2264,0.4443
1635250628500,-5.3359,-7.2695,3.3652,2.3945,-0.2688,0.3699
1635250628504,-5.1523,-6.5664,3.9160,2.3535,-0.2966,0.3123
1635250628515,-5.0547,-5.9336,4.1055,2.1914,-0.2786,0.3186
1635250628520,-5.1094,-5.4570,4.4453,1.9561,-0.2827,0.3315
1635250628545,-5.1523,-5.1289,4.6055,1.7246,-0.3157,0.3103
1635250628551,-5.1094,-4.9141,4.4492,1.5625,-0.3413,0.2837
1635250628563,-4.9570,-4.9180,4.1406,1.5273,-0.3337,0.2432
1635250628571,-4.9961,-5.0313,3.9609,1.6250,-0.3083,0.1879
1635250628576,-5.0703,-4.7227,5.1211,1.7129,-0.3445,0.0847
1635250628586,-4.9492,-3.6328,5.9766,1.6582,-0.4041,-0.0856
1635250628592,-4.8477,-3.0293,6.6367,1.4561,-0.3860,-0.2090
1635250628616,-4.8359,-3.4414,7.1602,1.0117,-0.3296,-0.1984
1635250628620,-4.8242,-3.6758,6.7617,0.3147,-0.3040,-0.1132
1635250628625,-4.6680,-3.8223,6.1953,-0.3003,-0.3093,-0.1334
1635250628636,-4.6758,-4.2109,5.5938,-0.7568,-0.3147,-0.2632
1635250628640,-4.8164,-4.5000,4.8164,-0.9897,-0.3337,-0.3770
1635250628666,-4.9609,-4.7031,4.2891,-0.8940,-0.3667,-0.4333
1635250628670,-4.9336,-4.8242,3.9180,-0.6460,-0.4167,-0.5044
1635250628675,-4.7070,-4.8672,4.2344,-0.4568,-0.4817,-0.6558
1635250628696,-4.3789,-4.6992,5.0859,-0.4290,-0.5103,-0.7930
1635250628700,-4.1758,-4.5508,5.9375,-0.5649,-0.4753,-0.8706
1635250628706,-4.2070,-4.8438,6.3047,-0.8022,-0.4316,-0.8994
1635250628711,-4.1484,-5.0313,6.5273,-1.1133,-0.4050,-0.9004
1635250628736,-3.9258,-4.8594,6.3906,-1.3867,-0.3774,-0.9390
1635250628753,-3.6074,-4.4609,6.1016,-1.5967,-0.3550,-1.0273
1635250628757,-3.2129,-4.8320,5.5469,-1.8135,-0.3381,-1.1201
1635250628763,-2.8691,-7.1484,4.9883,-1.9600,-0.3147,-1.1113
1635250628790,-2.6992,-8.9453,4.8750,-2.1133,-0.2700,-0.9941
1635250628796,-2.7891,-8.7266,5.1055,-2.1055,-0.2030,-0.9912
1635250628803,-2.9902,-8.1953,5.1797,-1.8057,-0.1550,-1.1318
1635250628808,-3.0820,-7.8086,4.7969,-1.5527,-0.1423,-1.1992
1635250628813,-2.9434,-7.2422,4.4453,-1.5928,-0.1360,-1.1104
1635250628820,-2.7949,-6.8711,3.9844,-1.8164,-0.0870,-1.0029
1635250628824,-2.7617,-7.1680,3.4199,-2.0020,-0.0285,-0.9897
1635250628837,-2.7285,-8.1875,3.0605,-1.9893,-0.0019,-1.0449
1635250628841,-2.5918,-9.5000,2.9629,-1.7627,0.0077,-1.0752
1635250628866,-2.4258,-10.3047,2.9902,-1.4277,0.0194,-1.0684
1635250628871,-2.2813,-10.8281,3.2578,-1.0264,0.0364,-1.0664
1635250628875,-2.2090,-10.8672,3.4902,-0.7437,0.0555,-1.0273
1635250628886,-2.2949,-10.3438,3.4375,-0.6299,0.0779,-0.9209
1635250628891,-2.4551,-9.5469,3.3008,-0.6855,0.0970,-0.8027
1635250628916,-2.6465,-8.7734,3.0918,-0.8662,0.1088,-0.7324
1635250628921,-2.8477,-8.2813,3.0137,-1.0781,0.1194,-0.6953
1635250628925,-2.9199,-8.1875,2.9434,-1.2354,0.1172,-0.6929
1635250628936,-2.8984,-8.5000,2.5273,-1.2520,0.1066,-0.7017
1635250628949,-2.8047,-9.1719,1.8359,-1.1973,0.0768,-0.7070
1635250628956,-2.6016,-9.9609,1.0410,-1.0840,0.0247,-0.6982
1635250628960,-2.4355,-10.5703,0.8496,-0.8950,-0.0242,-0.6431
1635250628986,-2.3574,-10.5469,1.0908,-0.6523,-0.0551,-0.5991
1635250628992,-2.4941,-9.9141,1.2129,-0.4226,-0.0721,-0.6025
1635250628996,-2.6934,-9.4609,1.5840,-0.3022,-0.1019,-0.5991
1635250629007,-2.6777,-8.9922,1.9775,-0.3906,-0.1487,-0.5303
1635250629011,-2.5879,-8.6328,2.1953,-0.5405,-0.1732,-0.4419
1635250629037,-2.4238,-8.4766,2.1660,-0.6045,-0.1796,-0.4292
1635250629041,-2.2070,-8.4922,2.1348,-0.5664,-0.1827,-0.4846
1635250629046,-1.9385,-8.8672,2.1055,-0.4854,-0.1849,-0.5356
1635250629057,-1.6133,-9.7578,1.6973,-0.4185,-0.1807,-0.5278
1635250629062,-1.3232,-10.5938,1.5938,-0.3853,-0.1796,-0.4517
1635250629087,-1.2373,-10.6797,1.7617,-0.3748,-0.1881,-0.3813
1635250629092,-1.3877,-10.1797,1.7568,-0.2971,-0.1891,-0.3718
1635250629104,-1.6201,-9.7188,1.7354,-0.2184,-0.2030,-0.3718
1635250629110,-1.6465,-9.2969,1.8594,-0.2471,-0.2253,-0.3259
1635250629115,-1.4189,-8.8594,1.9512,-0.3354,-0.2339,-0.2705
1635250629127,-1.3496,-8.8203,2.1035,-0.4045,-0.2094,-0.2813
1635250629131,-1.5029,-9.1094,2.4980,-0.3811,-0.1561,-0.3132
1635250629157,-1.6826,-9.1563,2.6992,-0.2607,-0.1061,-0.3142
1635250629162,-1.6465,-8.8438,2.3262,-0.0853,-0.0902,-0.3142
1635250629167,-1.3047,-8.9531,1.9033,0.0083,-0.1061,-0.3303
1635250629177,-0.8784,-9.1953,1.9219,-0.1396,-0.1051,-0.3142
1635250629182,-0.7803,-9.0938,1.8506,-0.4067,-0.0721,-0.2686
1635250629207,-1.0313,-9.2500,1.6035,-0.5430,-0.0455,-0.2515
1635250629212,-1.2754,-9.5547,1.4980,-0.5894,-0.0423,-0.2749
1635250629225,-1.4697,-9.2656,1.5059,-0.6216,-0.0540,-0.2993
1635250629231,-1.4238,-9.0859,1.6582,-0.6118,-0.0817,-0.3047
1635250629236,-1.2617,-9.1563,1.9414,-0.6172,-0.0891,-0.3005
1635250629248,-1.1895,-9.1641,2.1387,-0.6191,-0.0530,-0.3015
1635250629252,-1.1465,-9.2422,1.8789,-0.5630,-0.0147,-0.3079
1635250629285,-1.0098,-9.5859,1.6133,-0.5054,-0.0019,-0.2898
1635250629290,-0.8042,-9.7891,1.3594,-0.5171,0.0034,-0.2345
1635250629297,-0.8042,-9.6875,1.1533,-0.5054,0.0236,-0.1919
1635250629303,-0.9385,-9.5391,1.0293,-0.4163,0.0385,-0.2015
1635250629308,-1.0742,-9.3125,0.9453,-0.3491,0.0406,-0.2408
1635250629318,-1.1777,-9.0313,0.7349,-0.3289,0.0385,-0.2578
1635250629322,-1.1514,-8.9688,0.7612,-0.2642,0.0162,-0.3079
1635250629348,-0.8975,-9.6563,0.5000,-0.2130,0.0077,-0.3079
1635250629352,-0.8662,-10.1328,0.2489,-0.1747,-0.0157,-0.2673
1635250629357,-0.9766,-10.1016,0.0263,-0.1460,-0.0508,-0.2291
1635250629368,-1.1367,-9.6797,0.0718,-0.1035,-0.1030,-0.2175
1635250629372,-1.1963,-9.3359,0.3110,-0.1077,-0.1625,-0.2153
1635250629398,-1.1533,-9.3516,0.5742,-0.1970,-0.2094,-0.1824
1635250629411,-1.0078,-9.3594,0.7466,-0.3088,-0.2360,-0.1323
1635250629427,-0.8232,-9.3750,0.8403,-0.3120,-0.2413,-0.1154
1635250629433,-0.7515,-9.3750,0.8379,-0.1886,-0.2306,-0.1377
1635250629437,-0.7178,-9.0313,1.0293,-0.0428,-0.2125,-0.1707
1635250629442,-0.6655,-8.3281,1.2588,0.0200,-0.1891,-0.2153
1635250629448,-0.6987,-7.9766,1.1875,-0.0747,-0.1689,-0.2705
1635250629452,-0.7036,-8.2500,1.1650,-0.2896,-0.1667,-0.2961
1635250629478,-0.7134,-8.7656,1.4336,-0.5396,-0.1700,-0.2920
1635250629483,-0.7251,-9.3594,1.5723,-0.6675,-0.1593,-0.2803
1635250629487,-0.6177,-10.0234,1.5918,-0.6289,-0.1338,-0.2686
1635250629498,-0.4070,-10.5391,1.5127,-0.5142,-0.1072,-0.2494
1635250629503,-0.2297,-10.5859,1.2754,-0.3652,-0.0615,-0.1993
1635250629528,-0.2106,-10.1641,1.0527,-0.2024,-0.0104,-0.1569
1635250629533,-0.2585,-9.5625,0.8594,-0.1045,0.0290,-0.1578
1635250629537,-0.3350,-8.9609,0.7778,-0.1257,0.0630,-0.1718
1635250629548,-0.4070,-8.6484,0.7036,-0.2333,0.0896,-0.1643
1635250629563,-0.4116,-8.7344,0.5791,-0.3757,0.1035,-0.1611
1635250629568,-0.3230,-9.1172,0.4595,-0.4917,0.1119,-0.1792
1635250629576,-0.2825,-9.3828,0.4285,-0.5449,0.1215,-0.1887
1635250629590,-0.3733,-9.4609,0.4404,-0.5205,0.1215,-0.1930
1635250629595,-0.4116,-9.4141,0.4189,-0.4758,0.1119,-0.2111
1635250629619,-0.3972,-9.3359,0.2727,-0.4705,0.0949,-0.2122
1635250629623,-0.3831,-9.2656,0.1843,-0.4907,0.0811,-0.1835
1635250629628,-0.3494,-9.2031,-0.0144,-0.4961,0.0736,-0.1696
1635250629639,-0.3398,-9.2422,-0.2727,-0.4705,0.0630,-0.1802
1635250629643,-0.2847,-9.3906,-0.3230,-0.4641,0.0460,-0.1973
1635250629669,-0.1724,-9.7891,-0.3567,-0.4834,0.0300,-0.1951
1635250629673,-0.1364,-10.1016,-0.3064,-0.5151,0.0247,-0.1632
1635250629690,-0.1747,-10.1953,-0.2035,-0.5225,0.0204,-0.1281
1635250629696,-0.2346,-10.2734,-0.2681,-0.4556,0.0172,-0.1047
1635250629700,-0.2346,-10.2266,-0.2130,-0.3608,0.0183,-0.0653
1635250629709,-0.2537,-9.8906,-0.1412,-0.2778,0.0236,-0.0143
1635250629714,-0.2512,-9.6172,-0.2274,-0.1747,0.0300,0.0166
1635250629739,-0.1268,-9.4688,-0.2681,-0.0970,0.0353,0.0155
1635250629744,-0.0886,-9.4375,-0.2944,-0.0587,0.0449,0.0038
1635250629748,-0.1005,-9.7500,-0.1819,-0.0183,0.0640,0.0081
1635250629759,-0.1149,-10.0859,-0.1149,0.0444,0.0811,0.0240
1635250629764,-0.1747,-10.0391,-0.1101,0.1444,0.0949,0.0464
1635250629796,-0.1819,-9.7578,-0.0958,0.2603,0.1055,0.0613
1635250629803,-0.1316,-9.6094,-0.0048,0.3604,0.1130,0.0698
1635250629815,-0.1173,-9.3750,-0.0024,0.3816,0.1172,0.0804
1635250629821,-0.1101,-9.2578,-0.1627,0.3923,0.1183,0.0879
1635250629826,-0.0958,-9.3984,-0.0574,0.3882,0.1247,0.0783
1635250629831,-0.1532,-9.4609,0.1077,0.3445,0.1321,0.0602
1635250629840,-0.2705,-9.4844,0.2441,0.2732,0.1406,0.0740
1635250629845,-0.3494,-9.6172,0.2825,0.2253,0.1428,0.1060
1635250629870,-0.3877,-9.8438,0.2607,0.2104,0.1428,0.1357
1635250629874,-0.3469,-9.9766,0.1077,0.2328,0.1438,0.1719
1635250629879,-0.2441,-10.0234,0.0144,0.3040,0.1503,0.2091
1635250629890,-0.2010,-9.8672,0.0551,0.3816,0.1587,0.2230
1635250629894,-0.2489,-9.5547,0.0862,0.4370,0.1672,0.2208
1635250629920,-0.3613,-9.3516,0.1891,0.4849,0.1758,0.2102
1635250629924,-0.4500,-9.2031,0.3350,0.5190,0.1843,0.1942
1635250629929,-0.4883,-8.9531,0.4692,0.5356,0.1875,0.1836
1635250629940,-0.4692,-8.8516,0.6484,0.5337,0.1896,0.1772
1635250629944,-0.4189,-9.0078,0.7349,0.4902,0.2002,0.1644
1635250629970,-0.4524,-9.1172,0.7251,0.3828,0.2076,0.1538
1635250629985,-0.4932,-9.0156,0.5288,0.2296,0.1918,0.1570
1635250629990,-0.5649,-9.0313,0.3877,0.1274,0.1736,0.1538
1635250629996,-0.5981,-9.1953,0.4714,0.0848,0.1661,0.1283
1635250630000,-0.5454,-9.6328,0.5073,0.0923,0.1609,0.1177
1635250630010,-0.4858,-10.1563,0.5264,0.1306,0.1630,0.1581
1635250630014,-0.5073,-10.1250,0.4548,0.1678,0.1652,0.2240
1635250630040,-0.5767,-9.6641,0.5386,0.2242,0.1630,0.2443
1635250630044,-0.6221,-9.3516,0.5767,0.2423,0.1587,0.2251
1635250630049,-0.6436,-9.0938,0.5288,0.1604,0.1523,0.2262
1635250630060,-0.6699,-8.7891,0.3901,0.0200,0.1534,0.2357
1635250630072,-0.6987,-8.4844,0.1197,-0.1109,0.1470,0.2059
1635250630090,-0.7300,-8.3203,-0.0048,-0.2119,0.1300,0.1517
1635250630095,-0.7754,-8.3672,-0.0215,-0.2791,0.1162,0.1006
1635250630101,-0.8999,-8.5625,0.3040,-0.2693,0.1066,0.0719
1635250630111,-1.0029,-8.7891,0.4189,-0.2205,0.0885,0.0347
1635250630116,-0.9502,-9.1172,0.2274,-0.1354,0.0481,0.0091
1635250630140,-0.8545,-9.2891,0.1268,-0.1119,0.0109,0.0070
1635250630145,-0.7754,-9.2266,0.0335,-0.1620,-0.0062,-0.0036
1635250630149,-0.7637,-9.2344,-0.0670,-0.2556,-0.0179,-0.0153
1635250630160,-0.8066,-9.7188,0.0263,-0.3523,-0.0349,-0.0047
1635250630165,-0.8257,-10.2734,0.1173,-0.3875,-0.0498,0.0368
1635250630190,-0.8066,-10.5703,0.2227,-0.3225,-0.0615,0.0921
1635250630195,-0.8042,-10.6875,0.2871,-0.1726,-0.0646,0.1432
1635250630199,-0.8140,-10.5156,0.2178,-0.0098,-0.0615,0.1910
1635250630210,-0.7729,-10.0703,0.1891,0.0774,-0.0657,0.2603
1635250630215,-0.7466,-9.5859,0.0670,0.0774,-0.0657,0.2603
1635250630240,-0.8140,-9.0547,-0.0742,-0.1077,-0.0540,0.2729
1635250630248,-0.9502,-8.9531,-0.0263,-0.2119,-0.0508,0.2688
1635250630253,-1.0029,-9.1875,0.1364,-0.2651,-0.0646,0.2496
1635250630260,-0.9888,-9.5078,0.2776,-0.3215,-0.0775,0.2432
1635250630265,-0.9956,-9.6250,0.1388,-0.3748,-0.0828,0.2708
1635250630290,-1.0029,-9.7031,-0.0000,-0.3896,-0.0945,0.3069
1635250630297,-1.0029,-9.9141,-0.3184,-0.4163,-0.1147,0.3186
1635250630302,-0.9980,-10.2813,-0.2489,-0.4875,-0.1370,0.3569
1635250630312,-1.1367,-10.4531,-0.1460,-0.5884,-0.1636,0.4336
1635250630317,-1.3184,-10.4688,-0.2441,-0.5894,-0.1807,0.5049
1635250630341,-1.4697,-10.5781,-0.1197,-0.4929,-0.1891,0.5547
1635250630346,-1.5225,-10.4609,0.0909,-0.3726,-0.1891,0.5962
1635250630351,-1.4961,-9.9219,0.2178,-0.2512,-0.1807,0.6421
1635250630365,-1.4404,-9.3672,0.1819,-0.1237,-0.1689,0.6675
1635250630366,-1.3975,-9.0469,0.1077,-0.0620,-0.1487,0.6738
1635250630391,-1.3789,-8.9688,-0.0574,-0.0960,-0.1317,0.6719
1635250630405,-1.4814,-9.1563,-0.1053,-0.1704,-0.1232,0.6699
1635250630409,-1.6230,-9.5703,-0.1652,-0.2290,-0.1232,0.6558
1635250630415,-1.7637,-9.9219,-0.1460,-0.2279,-0.1274,0.6665
1635250630420,-1.9170,-9.7969,0.0215,-0.1864,-0.1360,0.6997
1635250630431,-2.0508,-9.4922,-0.0479,-0.0981,-0.1401,0.7197
1635250630435,-2.0625,-9.3281,-0.1675,0.0019,-0.1317,0.7231
1635250630461,-2.0176,-9.2188,-0.1221,0.0253,-0.1232,0.7207
1635250630465,-1.9551,-9.0703,-0.0837,-0.0194,-0.1285,0.7168
1635250630470,-1.9648,-8.9844,0.0335,-0.0556,-0.1263,0.7231
1635250630481,-2.0273,-9.0859,0.0622,-0.0757,-0.1210,0.7285
1635250630485,-2.0098,-9.2031,-0.1101,-0.0853,-0.1168,0.7378
1635250630511,-2.1270,-9.1563,-0.2106,-0.0800,-0.1030,0.7700
1635250630515,-2.4316,-8.9063,-0.3064,-0.0492,-0.0902,0.7676
1635250630520,-2.6406,-8.6172,-0.3613,-0.0066,-0.0987,0.7134
1635250630531,-2.6582,-8.3828,-0.3279,-0.0162,-0.1327,0.6602
1635250630544,-2.5586,-8.4375,-0.3015,-0.0566,-0.1775,0.6455
1635250630550,-2.4531,-8.6328,-0.2083,-0.1141,-0.2041,0.6431
1635250630556,-2.3906,-8.6563,-0.3110,-0.1683,-0.1976,0.6421
1635250630581,-2.3750,-8.8594,-0.3303,-0.1812,-0.1721,0.6348
1635250630586,-2.4980,-8.9453,-0.3159,-0.2024,-0.1401,0.6230
