1635676834738,1.7568,-1.1631,9.8125,-0.1682,-0.0853,-0.1066
1635676834740,2.0508,-0.9146,9.8203,-0.2469,-0.0768,-0.1395
1635676834741,2.3789,-1.1680,9.4453,-0.3022,-0.0460,-0.1630
1635676834742,2.1914,-1.5889,9.2188,-0.2406,0.0115,-0.1193
1635676834751,1.7813,-0.8091,9.3047,-0.1948,0.0636,-0.1714
1635676834752,1.9385,-0.8618,9.3203,-0.2576,0.0646,-0.2257
1635676834820,2.1602,-1.0459,9.2422,-0.3247,0.0881,-0.2620
1635676834826,2.1641,-0.7085,9.1250,-0.3789,0.1392,-0.3140
1635676834831,2.0410,-0.5767,8.9609,-0.4746,0.1796,-0.3577
1635676834832,2.0176,-0.8306,8.9375,-0.5737,0.1881,-0.3970
1635676834834,2.1641,-0.8472,8.9297,-0.6470,0.1902,-0.4641
1635676834835,2.2168,-0.9238,8.7422,-0.6733,0.2125,-0.5073
1635676834836,1.9863,-1.0459,8.6797,-0.6641,0.2382,-0.5127
1635676834837,1.9844,-1.0508,8.6172,-0.6616,0.2242,-0.5640
1635676834864,2.1973,-1.1563,8.5547,-0.6714,0.2073,-0.6226
1635676834865,2.3262,-1.3838,8.5703,-0.6685,0.2062,-0.6650
1635676834866,2.4531,-1.5508,8.5625,-0.6831,0.2104,-0.7065
1635676834891,2.5410,-1.5967,8.5000,-0.7065,0.2179,-0.7544
1635676834894,2.5684,-1.6631,8.4922,-0.7480,0.2285,-0.7896
1635676834899,2.5938,-1.8066,8.4766,-0.7979,0.2360,-0.8281
1635676834912,2.6309,-2.2168,8.6797,-0.8428,0.2391,-0.8599
1635676834916,2.7168,-2.4023,8.7734,-0.8950,0.2466,-0.8735
1635676834943,2.7383,-2.2930,8.6719,-0.9482,0.2764,-0.8940
1635676834947,2.5938,-2.3047,8.5938,-0.9873,0.3103,-0.8994
1635676834951,2.5078,-2.3008,8.6250,-1.0400,0.3232,-0.9043
1635676834961,2.5508,-2.2480,8.5234,-1.1172,0.3318,-0.9375
1635676834964,2.5703,-2.2539,8.3125,-1.2041,0.3540,-0.9771
1635676834994,2.5508,-2.3125,8.3125,-1.2754,0.3796,-1.0020
1635676834997,2.5840,-2.1953,8.2578,-1.3447,0.3999,-1.0635
1635676835001,2.7324,-2.3691,8.0859,-1.4180,0.4189,-1.1182
1635676835011,2.7207,-2.6035,7.8633,-1.4990,0.4497,-1.1602
1635676835012,2.5879,-2.5723,7.5859,-1.5615,0.4924,-1.2266
1635676835053,2.4297,-2.4941,7.4414,-1.6406,0.5220,-1.2861
1635676835057,2.3496,-3.0938,7.2266,-1.8193,0.5093,-1.4072
1635676835059,2.3613,-3.2813,7.2344,-1.8779,0.5020,-1.4590
1635676835076,2.3184,-3.3145,7.3984,-1.9111,0.5020,-1.5020
1635676835078,2.3242,-3.3984,7.4648,-1.9473,0.4924,-1.5410
1635676835079,2.2949,-3.5957,7.4258,-1.9980,0.4829,-1.5840
1635676835101,2.2441,-3.9043,7.3906,-2.0410,0.4744,-1.6377
1635676835110,2.2402,-4.3281,7.2734,-2.0605,0.4563,-1.6855
1635676835111,2.1816,-4.5273,7.0547,-2.1016,0.4434,-1.7109
1635676835132,2.0859,-4.5313,6.8867,-2.1602,0.4456,-1.7236
1635676835134,1.8721,-4.5391,6.7461,-2.2344,0.4402,-1.7373
1635676835136,1.6133,-4.6133,6.8945,-2.3203,0.4082,-1.7373
1635676835163,1.6064,-5.0898,7.1523,-2.3789,0.3635,-1.7305
1635676835164,1.7422,-5.6836,7.3789,-2.4082,0.3369,-1.7314
1635676835166,1.6416,-5.9063,7.2813,-2.3965,0.3306,-1.7188
1635676835193,1.3789,-5.8594,7.2109,-2.3340,0.3125,-1.6865
1635676835195,1.2686,-6.0508,7.4023,-2.1875,0.2754,-1.6543
1635676835196,1.4189,-6.4805,7.5859,-2.0176,0.2242,-1.6396
1635676835225,1.4580,-6.8516,7.9531,-1.8662,0.1667,-1.6230
1635676835226,1.6992,-7.4648,8.3203,-1.7021,0.0955,-1.6006
1635676835227,1.8574,-7.6094,8.3672,-1.5859,0.0455,-1.5693
1635676835256,1.6631,-7.3281,8.5859,-1.4365,-0.0077,-1.5166
1635676835258,1.6367,-7.2227,8.6797,-1.2793,-0.0640,-1.4365
1635676835259,1.6445,-7.0234,8.4531,-1.2031,-0.0992,-1.3467
1635676835288,1.5146,-6.6172,8.2578,-1.1787,-0.1257,-1.2373
1635676835290,1.4766,-6.4727,8.2500,-1.2041,-0.1566,-1.1182
1635676835291,1.6758,-6.7969,8.4453,-1.2500,-0.1970,-1.0234
1635676835315,2.0508,-7.2109,8.6406,-1.3086,-0.2365,-0.9438
1635676835316,2.2324,-7.4961,8.6406,-1.3193,-0.2482,-0.8770
1635676835320,2.3047,-7.6680,8.4219,-1.2334,-0.2365,-0.8149
1635676835345,2.3789,-7.8906,8.2656,-1.0283,-0.2098,-0.7598
1635676835346,2.6563,-8.1953,7.9883,-0.7500,-0.1694,-0.6948
1635676835348,2.8711,-8.1094,7.8008,-0.4746,-0.1055,-0.6162
1635676835375,2.8672,-7.6875,7.8086,-0.2544,-0.0470,-0.5405
1635676835376,2.9648,-7.5391,7.8203,-0.1267,0.0051,-0.4727
1635676835378,3.1113,-7.5117,7.5703,-0.0959,0.0753,-0.4141
1635676835405,2.9453,-7.2734,7.3203,-0.1033,0.1190,-0.3608
1635676835407,2.9844,-7.0742,7.2656,-0.1299,0.1370,-0.3193
1635676835408,3.1113,-6.9453,7.1055,-0.1906,0.1615,-0.3035
1635676835443,3.0762,-6.8086,6.9453,-0.2406,0.1827,-0.2883
1635676835453,3.0586,-6.6211,6.7188,-0.2852,0.1976,-0.2842
1635676835458,3.0547,-6.4922,6.5625,-0.3459,0.1976,-0.3000
1635676835464,3.2070,-6.5469,6.5156,-0.4055,0.1807,-0.3320
1635676835468,3.5059,-7.0039,6.5078,-0.4385,0.1519,-0.3672
1635676835475,3.6973,-7.2695,6.2500,-0.4556,0.1094,-0.3992
1635676835479,3.7168,-6.9414,5.8164,-0.4534,0.0710,-0.4150
1635676835505,3.8438,-6.7266,5.4531,-0.4204,0.0551,-0.4182
1635676835509,4.1484,-6.9023,5.2617,-0.3481,0.0615,-0.4150
1635676835513,4.3203,-6.7773,5.0742,-0.2629,0.0721,-0.3970
1635676835538,4.3008,-6.6328,4.9102,-0.1693,0.0721,-0.3599
1635676835540,4.4297,-6.7305,4.8633,-0.1044,0.0710,-0.3184
1635676835542,4.4844,-6.8672,4.9258,-0.0671,0.0668,-0.2917
1635676835567,4.7109,-7.2930,5.1328,-0.0129,0.0296,-0.2725
1635676835571,4.8594,-7.2852,5.2344,0.1169,-0.0098,-0.2585
1635676835576,4.7773,-6.9688,5.4648,0.3403,-0.0268,-0.2289
1635676835586,4.9219,-7.0352,5.6328,0.6011,-0.0236,-0.1864
1635676835591,5.0078,-6.9453,5.6875,0.8511,-0.0141,-0.1555
1635676835624,4.9570,-6.7227,5.6563,1.0488,-0.0055,-0.1225
1635676835630,4.8633,-6.4570,5.5273,1.1387,-0.0077,-0.0959
1635676835636,4.6172,-5.6406,5.3359,1.0244,-0.0502,-0.0821
1635676835641,4.6445,-5.4883,5.3242,0.8540,-0.0757,-0.0842
1635676835646,4.5820,-5.3750,5.1914,0.6338,-0.1088,-0.0884
1635676835656,4.5859,-5.4336,5.2383,0.4053,-0.1555,-0.0746
1635676835666,4.7930,-5.6641,5.6367,0.2413,-0.2045,-0.0672
1635676835686,5.0039,-5.8984,6.0898,0.1722,-0.2428,-0.0619
1635676835690,5.1445,-6.0977,6.3047,0.2212,-0.2471,-0.0502
1635676835693,5.2227,-6.2539,6.3203,0.3723,-0.2300,-0.0289
1635676835716,5.2539,-6.2930,6.3867,0.5488,-0.2098,-0.0002
1635676835720,5.2500,-6.0352,6.4609,0.6763,-0.1864,0.0243
1635676835724,5.3906,-5.8828,6.6211,0.7500,-0.1736,0.0424
1635676835748,5.4336,-5.8945,6.8125,0.7593,-0.1704,0.0616
1635676835753,5.3281,-5.6680,6.7773,0.7158,-0.1619,0.0775
1635676835758,5.2188,-5.2422,6.5703,0.6582,-0.1481,0.0903
1635676835768,5.0977,-5.0117,6.4961,0.5752,-0.1354,0.1105
1635676835773,5.0430,-5.1250,6.6758,0.4500,-0.1311,0.1285
1635676835798,5.2461,-5.3477,6.9883,0.3042,-0.1364,0.1328
1635676835803,5.3398,-5.1875,7.1680,0.1583,-0.1289,0.1243
1635676835808,5.3711,-5.0820,7.2461,0.0839,-0.1055,0.1041
1635676835818,5.4961,-5.2930,7.1836,0.0467,-0.0843,0.0881
1635676835823,5.3984,-5.2656,7.0000,-0.0001,-0.0587,0.0764
1635676835849,5.2148,-5.1133,6.8789,-0.0427,-0.0300,0.0605
1635676835853,5.1055,-4.9727,6.7773,-0.0895,-0.0087,0.0360
1635676835858,5.1133,-4.9883,6.8125,-0.1501,0.0008,0.0201
1635676835869,5.1406,-5.0625,6.7305,-0.1948,0.0072,0.0052
1635676835874,5.0352,-5.2578,6.6641,-0.2086,0.0062,-0.0012
1635676835899,5.0820,-5.4180,6.6250,-0.2023,-0.0055,-0.0044
1635676835904,5.1328,-5.4961,6.4336,-0.1768,-0.0183,-0.0151
1635676835909,4.9375,-5.3672,6.2031,-0.1267,-0.0353,-0.0193
1635676835920,4.7852,-5.2773,6.0859,-0.0704,-0.0609,-0.0108
1635676835931,4.7422,-5.2617,5.8320,-0.0395,-0.0843,-0.0034
1635676835939,4.5820,-5.3789,5.7266,0.0403,-0.1066,0.0158
1635676835944,4.4570,-5.5391,5.7734,0.1466,-0.1385,0.0371
1635676835971,4.4961,-5.6953,5.8906,0.2286,-0.1843,0.0520
1635676835973,4.4609,-5.5820,5.8750,0.2668,-0.2385,0.0594
1635676835975,4.2773,-5.3320,5.6992,0.3074,-0.2854,0.0658
1635676836001,4.1836,-5.2539,5.6445,0.3606,-0.3320,0.0797
1635676836003,4.3477,-5.4492,5.7148,0.4116,-0.3801,0.0913
1635676836005,4.3789,-5.6875,5.8125,0.4851,-0.4216,0.0924
1635676836031,4.3789,-5.8281,5.9414,0.6011,-0.4460,0.0934
1635676836032,4.3242,-5.7148,5.8984,0.7295,-0.4534,0.0871
1635676836034,4.1094,-5.4141,5.8320,0.8511,-0.4482,0.0743
1635676836061,3.8809,-5.0898,5.8008,0.9199,-0.4417,0.0658
1635676836063,3.7676,-4.8477,5.8203,0.9053,-0.4417,0.0573
1635676836065,3.6641,-4.6367,5.9961,0.8052,-0.4438,0.0403
1635676836091,3.5762,-4.5313,6.2617,0.6636,-0.4534,0.0211
1635676836093,3.5586,-4.3008,6.5586,0.5361,-0.4578,-0.0055
1635676836095,3.5625,-4.3750,6.7383,0.5000,-0.4482,-0.0427
1635676836121,3.6484,-4.6914,6.6445,0.5518,-0.4172,-0.0757
1635676836123,3.5957,-4.8477,6.4883,0.6699,-0.3640,-0.1002
1635676836125,3.5020,-4.9531,6.5117,0.8032,-0.3088,-0.1236
1635676836154,3.4902,-4.7930,6.6250,0.8574,-0.2524,-0.1481
1635676836156,3.4883,-4.5391,6.9922,0.8105,-0.2109,-0.1736
1635676836158,3.6094,-4.2930,7.3477,0.6372,-0.1832,-0.1970
1635676836182,3.7246,-4.2070,7.5391,0.3914,-0.1661,-0.2045
1635676836184,3.8711,-4.1484,7.6719,0.1392,-0.1512,-0.1864
1635676836186,3.9258,-4.0859,7.7422,-0.0800,-0.1321,-0.1639
1635676836212,4.0313,-4.1953,7.6211,-0.2332,-0.1013,-0.1438
1635676836213,4.0938,-4.4844,7.3281,-0.3118,-0.0609,-0.1236
1635676836215,4.1484,-4.6250,7.0234,-0.3523,-0.0162,-0.1066
1635676836241,4.1172,-4.5547,6.8984,-0.3862,0.0125,-0.1066
1635676836242,4.3906,-5.1602,7.4492,-0.3630,0.0030,-0.1364
1635676836244,4.8828,-5.5703,7.6953,-0.2683,-0.0077,-0.1661
1635676836273,4.9258,-5.3164,7.5234,-0.1246,0.0051,-0.1853
1635676836274,4.8281,-5.0430,7.2617,0.0754,0.0211,-0.1747
1635676836276,4.8281,-4.7734,6.9805,0.2286,0.0179,-0.1619
1635676836303,4.8359,-4.5742,6.7891,0.2744,0.0008,-0.1353
1635676836305,4.7500,-4.5078,6.6406,0.2561,-0.0226,-0.1013
1635676836306,4.7266,-4.4219,6.5313,0.1967,-0.0492,-0.0725
1635676836333,4.8789,-4.1992,6.5859,0.1360,-0.0545,-0.0629
1635676836335,5.5352,-5.0469,7.4297,0.1201,-0.0289,-0.0204
1635676836336,5.7578,-6.2188,7.8203,0.0945,-0.0045,0.0211
1635676836363,5.5938,-5.6641,7.6563,0.2009,0.0296,0.0062
1635676836365,5.5781,-4.7969,7.5117,0.3042,0.0487,0.0286
1635676836367,5.4531,-4.8359,7.3984,0.3159,0.0828,0.0668
1635676836393,5.2617,-5.1328,7.2852,0.3137,0.1083,0.1062
1635676836395,4.4648,-4.7109,6.4961,0.3318,0.0626,0.1116
1635676836397,4.0156,-2.7754,5.7500,0.3350,0.0030,0.0690
1635676836424,5.1016,-3.5000,6.0938,0.3083,0.0455,0.0616
1635676836426,5.4844,-4.8906,7.4688,0.2488,0.1509,0.0967
1635676836427,5.3164,-4.4258,8.5938,0.1563,0.2125,0.1126
1635676836454,5.4883,-4.5508,8.1875,-0.1321,0.2242,0.1456
1635676836456,5.5352,-4.9883,7.4492,-0.2756,0.2498,0.1382
1635676836458,5.2813,-5.1289,7.5000,-0.1501,0.3125,0.1818
1635676836484,5.0781,-4.7773,7.5313,-0.1129,0.3552,0.2147
1635676836486,4.8906,-4.9805,6.9180,-0.2374,0.3467,0.2158
1635676836488,4.6680,-4.8047,6.1484,-0.3672,0.3020,0.1626
1635676836514,4.6992,-4.3438,5.8906,-0.4705,0.2539,0.1296
1635676836516,4.5352,-4.3164,6.1250,-0.5684,0.2349,0.1265
1635676836518,4.4414,-4.4141,6.4492,-0.6035,0.2349,0.1136
1635676836545,4.3867,-4.5078,6.5859,-0.5693,0.2307,0.0807
1635676836546,4.2852,-4.3164,6.5352,-0.5000,0.2019,0.0201
1635676836548,4.2578,-4.2461,6.5313,-0.4502,0.1732,-0.0395
1635676836575,4.2891,-4.5469,6.6797,-0.3906,0.1593,-0.0864
1635676836577,4.5586,-4.7305,6.8750,-0.3171,0.1401,-0.1321
1635676836578,4.6992,-4.4336,6.8867,-0.3352,0.1157,-0.1512
1635676836605,5.0430,-4.5352,6.9609,-0.4343,0.1168,-0.1321
1635676836607,5.5898,-5.2578,7.2930,-0.5693,0.1593,-0.0789
1635676836609,5.6953,-5.7031,7.6094,-0.7236,0.2242,-0.0119
1635676836635,5.6406,-6.0039,7.8477,-0.9004,0.2891,0.0509
1635676836637,5.5938,-6.3594,8.0469,-1.0537,0.3477,0.0828
1635676836639,5.6875,-6.7773,8.1719,-1.1592,0.3977,0.1254
1635676836665,5.6875,-7.1836,8.4297,-1.1992,0.4648,0.1881
1635676836667,5.6758,-7.2109,8.8047,-1.1572,0.5381,0.2593
1635676836669,5.5938,-7.2578,8.9688,-1.0791,0.6191,0.3381
1635676836696,5.5352,-7.4883,8.8672,-1.0156,0.7114,0.4243
1635676836697,5.4023,-7.4063,8.7969,-0.9917,0.8135,0.5029
1635676836700,5.2188,-7.1406,8.6953,-1.0283,0.9243,0.5732
1635676836726,4.9570,-7.0352,8.5781,-1.1230,1.0313,0.6465
1635676836728,4.6797,-6.8086,8.4922,-1.2764,1.1230,0.7061
1635676836730,4.3828,-6.6328,8.4219,-1.4307,1.2080,0.7456
1635676836763,4.0781,-6.5664,8.2891,-1.5342,1.2910,0.7710
1635676836765,3.7891,-6.5313,8.0234,-1.5605,1.3750,0.7837
1635676836766,3.5352,-6.5000,7.8906,-1.5225,1.4463,0.7871
1635676836785,3.5273,-6.5039,7.6992,-1.4570,1.5107,0.7861
1635676836786,3.2344,-6.3125,7.2773,-1.3652,1.5771,0.7925
1635676836787,2.8887,-6.2227,6.9492,-1.2441,1.6338,0.8052
1635676836816,2.6094,-6.0820,6.6914,-1.1416,1.6768,0.8032
1635676836817,2.2969,-5.8555,6.3867,-1.0352,1.7012,0.7871
1635676836818,2.1074,-5.7422,6.1836,-0.9131,1.7061,0.7593
1635676836847,1.9365,-5.6328,5.9609,-0.7969,1.6904,0.7168
1635676836848,1.7021,-5.5195,5.6641,-0.6802,1.6543,0.6572
1635676836850,1.5771,-5.4375,5.3047,-0.5776,1.6006,0.5977
1635676836880,1.4121,-5.4023,5.0313,-0.4939,1.5381,0.5361
1635676836882,1.3447,-5.3516,4.7227,-0.3501,1.3818,0.4170
1635676836883,1.1221,-5.2383,4.2695,-0.2905,1.2900,0.3552
1635676836910,1.0313,-5.2109,4.1680,-0.2268,1.1934,0.2881
1635676836912,0.9238,-5.2148,4.0156,-0.1501,1.0869,0.2147
1635676836914,0.7085,-4.9648,3.7676,-0.0406,0.9702,0.1274
1635676836945,0.5767,-4.7969,3.5762,0.1382,0.8433,0.0275
1635676836947,0.5601,-4.7539,3.4492,0.3552,0.7085,-0.0810
1635676836948,0.5313,-4.6602,3.4414,0.5635,0.5552,-0.2045
1635676836967,0.5815,-4.7656,3.6504,0.7637,0.3901,-0.3428
1635676836974,0.7251,-4.9297,3.9492,0.9297,0.2136,-0.4844
1635676836976,1.1152,-5.6406,4.3320,1.0840,0.0285,-0.6353
1635676836997,1.5391,-6.6172,4.5781,1.2402,-0.1460,-0.7866
1635676836999,1.9033,-7.6016,4.9141,1.4443,-0.3320,-0.9248
1635676837000,2.4102,-8.2109,5.4219,1.6094,-0.5107,-1.0381
1635676837028,2.6934,-7.5938,5.1445,1.5605,-0.6504,-1.0723
1635676837030,3.2773,-6.3984,4.2773,1.2832,-0.6875,-0.9917
1635676837031,4.3516,-6.9141,4.3398,1.0430,-0.5820,-0.8076
1635676837060,5.0039,-8.3438,5.1875,0.7998,-0.4045,-0.5415
1635676837062,5.1328,-9.8828,6.3359,0.4915,-0.2482,-0.2417
1635676837063,4.7305,-11.0391,7.1016,0.1382,-0.1417,0.0137
1635676837094,3.9199,-11.3906,7.1289,-0.0980,-0.0779,0.2253
1635676837095,3.1016,-10.7813,6.6797,-0.1321,-0.0524,0.3945
1635676837097,2.3867,-9.6094,6.2773,-0.0480,-0.0492,0.5190
1635676837120,1.9385,-8.7578,5.9688,0.0084,-0.0757,0.6138
1635676837124,1.6104,-8.2891,5.5703,-0.0161,-0.1428,0.7104
1635676837126,1.3018,-8.0469,5.0938,-0.0640,-0.2407,0.7915
1635676837149,1.1611,-7.8164,4.7109,-0.0991,-0.3523,0.8403
1635676837155,0.9146,-7.2773,4.3750,-0.1438,-0.4885,0.8682
1635676837157,0.6963,-6.7188,4.1914,-0.2151,-0.6460,0.8862
1635676837179,0.5552,-6.3594,4.1484,-0.3044,-0.8174,0.8926
1635676837180,0.4429,-6.0508,4.1250,-0.3938,-1.0059,0.8872
1635676837182,0.3950,-5.7422,4.1680,-0.4543,-1.1992,0.8701
1635676837209,0.3542,-5.3516,4.3008,-0.4778,-1.3926,0.8457
1635676837211,0.2727,-4.7930,4.4023,-0.4426,-1.5723,0.8032
1635676837212,0.2607,-4.2344,4.4336,-0.3257,-1.7207,0.7373
1635676837240,0.2106,-3.7813,4.2617,-0.0831,-1.8223,0.6572
1635676837241,0.1221,-3.6309,4.1367,0.2445,-1.8906,0.5947
1635676837243,0.2058,-3.8926,4.1094,0.6362,-1.9375,0.5103
1635676837272,0.4739,-4.2461,4.2461,0.9980,-1.9678,0.4126
1635676837274,0.7373,-4.3711,4.6719,1.2080,-1.9951,0.3074
1635676837280,1.1152,-4.2734,5.4961,1.2139,-2.0137,0.1860
1635676837295,1.5361,-3.7227,6.6836,1.0146,-2.0059,0.0616
1635676837303,1.9150,-3.6016,7.7070,0.7476,-1.9590,-0.0363
1635676837316,2.3145,-4.1758,8.2031,0.5146,-1.8652,-0.0991
1635676837317,2.6563,-5.0781,8.4219,0.3945,-1.7588,-0.1342
1635676837340,3.0176,-5.9727,8.5156,0.3892,-1.6465,-0.1501
1635676837341,3.3789,-6.7891,8.6484,0.5029,-1.5293,-0.1736
1635676837342,3.6602,-7.1992,8.6563,0.6958,-1.4023,-0.2002
1635676837370,3.6426,-6.9063,8.4297,0.9063,-1.2676,-0.2279
1635676837371,3.5391,-6.4258,8.2266,1.0313,-1.1523,-0.2438
1635676837373,3.8086,-6.1172,8.1250,0.9448,-1.0664,-0.2449
1635676837401,4.1992,-5.9180,8.2422,0.6895,-0.9907,-0.2417
1635676837403,4.6055,-6.1875,8.4688,0.4009,-0.9385,-0.2225
1635676837405,4.9648,-6.7539,8.5391,0.1818,-0.8843,-0.1864
1635676837432,5.0508,-7.0273,8.4609,0.1339,-0.8149,-0.1449
1635676837434,5.0039,-7.0039,8.3594,0.2573,-0.7524,-0.0938
1635676837435,4.9219,-6.7617,8.0313,0.4338,-0.6992,-0.0555
1635676837462,4.7852,-6.5234,7.6523,0.5986,-0.6631,-0.0342
1635676837466,4.7031,-6.2109,7.4297,0.7095,-0.6323,-0.0257
1635676837468,4.5703,-5.8125,7.3281,0.7700,-0.6108,-0.0363
1635676837492,4.5313,-5.4102,7.3086,0.8062,-0.6035,-0.0735
1635676837494,4.6563,-5.4336,7.3398,0.8359,-0.6216,-0.1055
1635676837496,4.7734,-5.3281,7.4570,0.8467,-0.6450,-0.1310
1635676837522,5.0703,-5.2617,7.2852,0.8369,-0.6675,-0.1619
1635676837524,5.3203,-4.8516,6.5586,0.7583,-0.6606,-0.1757
1635676837526,5.2813,-4.6406,6.1602,0.7427,-0.6235,-0.1619
1635676837553,5.3281,-4.8398,6.1641,0.7520,-0.5830,-0.1193
1635676837554,5.3750,-5.0703,6.3438,0.7104,-0.5522,-0.0906
1635676837556,5.2852,-5.3047,6.5469,0.7124,-0.5205,-0.0831
1635676837583,5.1172,-5.3438,6.7148,0.8140,-0.4875,-0.0789
1635676837585,4.9414,-5.0078,6.6680,0.9839,-0.4673,-0.0948
1635676837586,4.8320,-4.5000,6.5039,1.1367,-0.4587,-0.1193
1635676837613,4.6484,-4.2109,6.2695,1.2373,-0.4631,-0.1321
1635676837615,4.7266,-3.4473,5.9297,1.1846,-0.5054,-0.1321
1635676837617,5.5586,-2.8594,6.7773,0.8071,-0.4663,-0.0246
1635676837643,5.1719,-5.6172,7.7031,0.2147,-0.3906,0.1583
1635676837645,4.8984,-6.5977,7.7148,0.0648,-0.3257,0.0371
1635676837647,5.1484,-5.1211,7.5430,0.2030,-0.3044,0.0317
1635676837674,5.0664,-4.9297,7.5234,0.2361,-0.2822,0.0349
1635676837676,5.3164,-6.3203,7.4805,0.3372,-0.2300,0.0775
1635676837677,5.0898,-6.1211,7.1602,0.5029,-0.2205,0.0999
1635676837704,4.9570,-5.2383,7.0234,0.6777,-0.2034,0.0892
1635676837706,4.7891,-4.9141,6.7266,0.6797,-0.2056,0.0871
1635676837707,4.5742,-5.0820,6.1797,0.6743,-0.2258,0.0807
1635676837734,5.1367,-4.0117,5.7383,0.7861,-0.2300,0.0562
1635676837736,5.8477,-4.6602,7.4336,0.8447,-0.0885,0.2275
1635676837738,5.1992,-6.3359,7.6992,0.6328,-0.0151,0.2382
1635676837764,4.5625,-4.4336,6.9063,0.6914,-0.0151,0.0934
1635676837766,4.4570,-3.2148,6.3945,0.7725,-0.0204,0.0679
1635676837768,4.7109,-2.8574,7.0742,0.8276,0.0721,0.0477
1635676837795,4.5430,-2.5938,7.1680,0.6328,0.1179,0.1764
1635676837796,4.8789,-3.7129,6.7930,0.2147,0.0721,0.1797
1635676837798,5.4336,-4.3281,7.5508,-0.0555,0.1072,0.1147
1635676837826,5.5156,-3.7344,8.1641,-0.2981,0.1753,0.0903
1635676837828,5.5156,-3.8105,8.2500,-0.5669,0.2179,0.0711
1635676837830,5.3125,-4.4219,8.2109,-0.7085,0.2434,0.0392
1635676837855,5.2500,-4.0664,8.0000,-0.7183,0.2571,-0.0182
1635676837856,5.2031,-3.7383,7.7109,-0.8096,0.2593,-0.0534
1635676837857,5.3672,-3.6367,7.3086,-0.9907,0.2688,-0.0895
1635676837884,5.7500,-3.6523,7.1523,-1.1807,0.3201,-0.1076
1635676837885,5.8555,-4.1406,7.3320,-1.4102,0.3721,-0.1172
1635676837886,5.9492,-4.4063,7.5938,-1.5557,0.4019,-0.1779
1635676837915,6.0977,-4.5078,7.6523,-1.5645,0.4297,-0.2385
1635676837917,6.1797,-4.4688,7.6445,-1.4521,0.4626,-0.2554
1635676837918,6.0820,-4.7188,7.7461,-1.3193,0.4988,-0.2236
1635676837948,6.0703,-5.5039,7.7461,-1.2178,0.5562,-0.1779
1635676837949,5.9570,-5.5273,7.5977,-1.1680,0.6113,-0.1693
1635676837951,5.7695,-5.1445,7.5703,-1.1963,0.6489,-0.1725
1635676837976,5.7500,-5.0898,7.7617,-1.2998,0.6816,-0.1672
1635676837978,5.8086,-5.4336,7.9063,-1.4131,0.7275,-0.1555
1635676837979,5.7813,-5.6992,7.9258,-1.5098,0.7744,-0.1353
1635676838006,5.7266,-5.8906,7.7617,-1.6006,0.8242,-0.1140
1635676838008,5.6211,-6.0195,7.5859,-1.6748,0.8711,-0.0895
1635676838010,5.7539,-6.3633,7.5742,-1.7510,0.9170,-0.0651
1635676838036,5.8086,-6.4766,7.6758,-1.8496,0.9639,-0.0310
1635676838038,5.9063,-6.6758,7.7578,-1.8779,1.0342,0.0179
1635676838040,5.8633,-7.2969,7.7617,-1.8154,1.1260,0.0786
1635676838067,5.8438,-7.8867,7.8398,-1.7158,1.2275,0.1403
1635676838068,5.9375,-8.3203,7.8906,-1.6504,1.3379,0.1903
1635676838070,5.7500,-8.0859,7.6250,-1.6484,1.4590,0.2710
1635676838097,5.2109,-7.5195,7.2188,-1.6631,1.5820,0.3882
1635676838098,4.6719,-7.3945,6.9883,-1.6650,1.6943,0.5000
1635676838100,4.2539,-7.5508,6.9609,-1.6211,1.7900,0.5635
1635676838127,3.7559,-6.9453,6.7930,-1.2861,1.9141,0.5254
1635676838129,3.5332,-6.4297,6.5352,-1.0498,1.9717,0.4797
1635676838130,3.4395,-6.4727,6.1719,-0.8149,2.0254,0.4307
1635676838157,3.1406,-6.0000,5.5781,-0.6733,2.0703,0.3828
1635676838159,2.7148,-5.5703,5.1953,-0.5830,2.1055,0.3359
1635676838161,2.3574,-5.2852,4.9258,-0.5513,2.1230,0.2839
1635676838187,1.9961,-5.0156,4.8398,-0.5566,2.1133,0.2264
1635676838189,1.7188,-4.8125,4.7148,-0.5703,2.0781,0.1583
1635676838191,1.4268,-4.6992,4.5000,-0.5488,2.0215,0.0732
1635676838218,1.1582,-4.4766,4.2070,-0.4768,1.9473,-0.0257
1635676838220,0.8882,-4.3047,3.9277,-0.3564,1.8555,-0.1364
1635676838221,0.7012,-4.2422,3.6406,-0.2012,1.7461,-0.2534
1635676838248,0.5649,-4.2227,3.4355,0.0041,1.6230,-0.3735
1635676838250,0.3518,-4.0469,3.2188,0.2318,1.4922,-0.4927
1635676838251,0.0766,-3.6270,3.0039,0.4617,1.3438,-0.6162
1635676838278,-0.0670,-3.6816,2.8066,0.7383,1.1709,-0.7705
1635676838283,-0.0287,-4.2773,2.9980,1.1074,0.9487,-0.9707
1635676838285,0.1891,-5.5742,3.4316,1.5713,0.6616,-1.1963
1635676838308,0.5195,-7.3867,3.6445,2.1172,0.3401,-1.4072
1635676838310,0.8975,-9.5234,4.2422,2.9102,0.0125,-1.6113
1635676838312,1.5439,-11.5156,5.0508,3.8516,-0.2747,-1.7441
1635676838339,2.0371,-10.6641,4.4922,4.4453,-0.4429,-1.7080
1635676838341,2.3984,-6.8320,3.5781,4.3945,-0.4077,-1.4238
1635676838343,3.2793,-6.2031,4.5703,4.0859,-0.2482,-0.9888
1635676838368,4.4375,-8.5391,6.3203,3.5781,-0.1417,-0.5322
1635676838369,4.3789,-9.1797,8.4922,2.5684,-0.1151,-0.0129
1635676838370,3.3535,-10.4141,8.9766,1.1758,-0.1055,0.4541
1635676838398,2.6934,-11.8750,7.9570,0.0594,-0.1247,0.7510
1635676838399,2.0156,-11.6953,6.7930,-0.4277,-0.1544,0.9385
1635676838400,1.4072,-10.0234,6.2031,-0.5142,-0.1566,1.0732
1635676838430,1.0313,-8.7188,6.0078,-0.4949,-0.1810,1.1768
1635676838432,0.8950,-7.6367,5.9531,-0.5269,-0.2524,1.2822
1635676838433,0.7681,-6.5664,5.8320,-0.6108,-0.3481,1.3301
1635676838460,0.7441,-5.7305,5.7969,-0.7075,-0.4578,1.3262
1635676838464,0.6294,-4.8984,5.7734,-0.8301,-0.5894,1.3398
1635676838467,0.5864,-4.5195,5.7813,-0.9302,-0.7300,1.3252
1635676838490,0.7539,-4.4961,5.7148,-0.9224,-0.8813,1.2686
1635676838492,0.8545,-4.1406,5.5703,-0.8086,-1.0273,1.1719
1635676838494,0.7852,-3.2207,5.6445,-0.6489,-1.1553,1.0664
1635676838520,0.6631,-2.5586,5.7539,-0.4768,-1.2568,0.9458
1635676838522,0.6699,-2.2949,5.8125,-0.2842,-1.3350,0.7827
1635676838523,0.5840,-1.7998,5.7773,-0.1055,-1.4102,0.5977
1635676838550,0.6558,-1.3018,5.5469,-0.0299,-1.4873,0.3945
1635676838552,0.7852,-1.0391,5.0820,-0.0842,-1.5439,0.1721
1635676838554,0.8379,-0.8379,4.6523,-0.2086,-1.5771,-0.0427
1635676838580,1.2158,-0.9360,5.0898,-0.3054,-1.5771,-0.2512
1635676838582,1.7373,-1.5625,5.9805,-0.3799,-1.5508,-0.4331
1635676838584,2.1484,-2.6211,6.9414,-0.4661,-1.5010,-0.5659
1635676838611,2.6152,-4.0859,7.8516,-0.4460,-1.4189,-0.6841
1635676838613,3.1328,-5.3281,8.4297,-0.3672,-1.3027,-0.7598
1635676838614,3.2480,-5.7734,8.6094,-0.2810,-1.1641,-0.7969
1635676838641,3.1621,-5.8164,8.4922,-0.1874,-1.0322,-0.8174
1635676838643,3.5137,-6.0625,8.5469,-0.0970,-0.9033,-0.8228
1635676838645,3.9590,-6.2031,8.5469,-0.0810,-0.7554,-0.8057
1635676838671,4.1602,-6.4375,8.6250,-0.1140,-0.6270,-0.7715
1635676838673,4.3398,-6.6992,8.6484,-0.2076,-0.5195,-0.7344
1635676838675,4.3789,-6.7891,8.6094,-0.3193,-0.4268,-0.7246
1635676838701,4.3711,-6.7461,8.4922,-0.4172,-0.3608,-0.7236
1635676838703,4.2969,-6.6563,8.2813,-0.4683,-0.3193,-0.7319
1635676838705,4.2969,-6.8633,8.2109,-0.4128,-0.2939,-0.7437
1635676838732,4.3828,-6.8008,8.0547,-0.3066,-0.2725,-0.7451
1635676838734,4.4453,-6.3711,7.6016,-0.2395,-0.2588,-0.7334
1635676838735,4.5195,-5.5039,6.9531,-0.5010,-0.1949,-0.6309
1635676838762,4.9023,-5.6211,6.4805,-0.6865,-0.1630,-0.5620
1635676838764,5.2188,-6.7695,6.5039,-0.7031,-0.1449,-0.5171
1635676838765,5.4453,-7.6602,6.6211,-0.4011,-0.1343,-0.5117
1635676838792,5.5156,-7.6484,6.6758,0.0850,-0.1343,-0.5000
1635676838794,5.5664,-7.0430,6.5703,0.5688,-0.1566,-0.4895
1635676838796,5.6797,-6.2305,6.4102,0.8501,-0.1747,-0.4641
1635676838823,5.7734,-5.5078,6.2930,0.8350,-0.1779,-0.4290
1635676838824,5.7070,-4.7930,6.2930,0.5337,-0.1779,-0.3843
1635676838826,6.0234,-3.9941,5.9961,-0.0267,-0.1683,-0.2937
1635676838853,6.0117,-5.3594,6.6836,-0.7310,-0.0864,-0.1129
1635676838855,5.6289,-8.3125,7.0352,-0.9590,-0.0492,-0.1034
1635676838857,5.8438,-7.0703,7.1680,-0.5576,-0.0258,-0.1076
1635676838882,5.4531,-5.5898,7.1875,-0.4045,0.0136,-0.0097
1635676838883,5.1133,-6.4766,6.7578,-0.3811,0.0349,0.0126
1635676838884,5.4258,-6.6992,6.6602,-0.2491,0.0657,0.0403
1635676838912,5.1055,-6.3711,6.8125,-0.1682,0.0881,0.0573
1635676838913,4.6367,-5.6992,6.6914,-0.2374,0.0721,0.0562
1635676838914,4.7188,-5.0742,6.2656,-0.4312,0.0476,0.0435
1635676838948,5.0898,-5.4336,6.1172,-0.5659,0.0796,0.0254
1635676838950,5.0000,-5.7500,6.1328,-0.5938,0.1115,0.0179
1635676838951,4.9297,-5.6680,6.1719,-0.5757,0.1349,-0.0331
1635676838975,4.9883,-5.6289,6.0859,-0.6343,0.1530,-0.0821
1635676838976,4.9336,-5.9102,5.9727,-0.7256,0.1626,-0.0917
1635676838978,4.9570,-6.1445,5.9453,-0.7471,0.1721,-0.0864
1635676839002,4.9648,-6.3828,5.9805,-0.6904,0.1775,-0.0544
1635676839005,4.9219,-6.5156,5.8750,-0.5894,0.1753,-0.0129
1635676839006,4.9766,-6.5430,5.8008,-0.4822,0.1764,0.0264
1635676839036,5.1055,-6.5313,5.7188,-0.4194,0.1785,0.0583
1635676839037,5.2695,-6.8320,5.6953,-0.3906,0.1945,0.0721
1635676839039,5.3555,-6.8320,5.8242,-0.3523,0.2211,0.0764
1635676839064,5.4219,-6.6484,6.1445,-0.3789,0.2539,0.0892
1635676839066,5.3086,-7.1406,6.1953,-0.4800,0.2805,0.1158
1635676839068,5.2266,-7.3477,6.1211,-0.4727,0.2922,0.1265
1635676839095,5.0586,-6.6406,6.2383,-0.3896,0.3071,0.1488
1635676839096,5.1563,-7.1133,6.3594,-0.4331,0.3264,0.1946
1635676839098,5.0898,-7.3672,6.2969,-0.4746,0.3381,0.2212
1635676839125,4.7305,-6.7734,5.8281,-0.4619,0.3210,0.2371
1635676839126,4.6680,-6.7813,5.8320,-0.4524,0.3169,0.2795
1635676839128,4.3711,-7.1719,6.1484,-0.3928,0.3477,0.2935
1635676839153,4.2148,-6.5078,5.9531,-0.2651,0.3286,0.2808
1635676839154,4.1484,-6.0859,5.6328,-0.2512,0.2849,0.2627
1635676839155,4.2266,-6.1758,5.3594,-0.3013,0.2625,0.2583
1635676839184,4.1445,-6.1016,5.2500,-0.3789,0.2488,0.2637
1635676839185,3.9727,-6.2266,5.2227,-0.4524,0.2296,0.2646
1635676839186,3.8281,-6.3086,5.2031,-0.4578,0.2019,0.2520
1635676839214,3.6484,-6.2148,5.0625,-0.3896,0.1700,0.2350
1635676839215,3.5039,-5.9648,4.7930,-0.3054,0.1295,0.2073
1635676839216,3.2832,-5.7227,4.5352,-0.2406,0.0870,0.1711
1635676839248,3.1465,-5.4531,4.3945,-0.2278,0.0530,0.1296
1635676839250,3.1563,-5.5156,4.5078,-0.2585,0.0317,0.0871
1635676839251,3.3086,-5.8125,4.8672,-0.3247,0.0168,0.0488
1635676839276,3.4941,-6.2109,5.2773,-0.4150,0.0019,0.0126
1635676839283,3.6543,-6.6875,5.4961,-0.4277,-0.0066,-0.0331
1635676839289,3.6973,-6.8398,5.4336,-0.3396,-0.0013,-0.0629
1635676839297,3.6309,-6.7930,5.3555,-0.2108,0.0200,-0.0672
1635676839303,3.5098,-6.7695,5.3125,-0.1204,0.0455,-0.0693
1635676839316,3.3574,-6.8047,5.2617,-0.1182,0.0689,-0.0768
1635676839323,3.2070,-6.7461,5.2227,-0.2119,0.0828,-0.1066
1635676839337,3.0820,-6.6406,5.0977,-0.3459,0.0849,-0.1406
1635676839344,2.9844,-6.7266,4.9063,-0.4619,0.0710,-0.1693
1635676839357,2.9922,-7.0039,4.7969,-0.5063,0.0466,-0.1906
1635676839363,2.9238,-7.3555,4.7539,-0.4290,0.0168,-0.2087
1635676839379,2.8457,-7.6055,4.7852,-0.0352,-0.0683,-0.2194
1635676839386,2.8477,-7.7031,4.7969,0.1233,-0.1204,-0.2203
1635676839397,2.7832,-7.2734,4.4805,0.1881,-0.1801,-0.2225
1635676839404,2.6836,-6.8750,4.3242,0.1797,-0.2268,-0.2194
1635676839416,2.6270,-6.5781,4.1563,0.1360,-0.2598,-0.2289
1635676839421,2.5840,-6.2383,3.9258,0.0530,-0.2886,-0.2311
1635676839453,2.5586,-5.7305,3.6523,-0.0831,-0.2864,-0.2311
1635676839458,2.5996,-5.6211,3.6191,-0.2214,-0.2512,-0.2172
1635676839465,2.8379,-6.0781,4.1367,-0.3235,-0.2141,-0.2140
1635676839471,3.3340,-6.8711,4.7109,-0.4395,-0.1927,-0.2246
1635676839476,3.5781,-7.3828,4.9922,-0.5361,-0.1758,-0.2257
1635676839486,3.7246,-7.4258,4.9688,-0.6216,-0.1661,-0.2246
1635676839491,3.8516,-7.3203,4.6914,-0.6885,-0.1587,-0.2428
1635676839516,3.8438,-7.1836,4.3945,-0.7515,-0.1661,-0.2438
1635676839521,3.9844,-7.2461,4.1914,-0.8228,-0.1832,-0.2332
1635676839526,4.1953,-7.5508,4.0195,-0.8330,-0.2067,-0.2385
1635676839537,4.3516,-7.8789,4.0000,-0.6758,-0.2067,-0.2502
1635676839541,4.6914,-8.1641,4.2422,-0.3352,-0.1885,-0.2566
1635676839567,4.9375,-8.0391,4.3320,0.1274,-0.1779,-0.2566
1635676839571,4.9375,-7.3125,4.2227,0.5464,-0.1790,-0.2385
1635676839576,5.0820,-6.6016,4.1875,0.7852,-0.1779,-0.2236
1635676839587,5.2969,-6.2188,4.4219,0.8115,-0.1694,-0.2002
1635676839591,5.5352,-6.1523,4.6367,0.7310,-0.1652,-0.1821
1635676839617,5.8789,-6.1406,5.1797,0.6138,-0.1577,-0.1757
1635676839622,6.3320,-5.7188,6.0117,0.3840,-0.1289,-0.1129
1635676839626,6.9180,-7.1094,6.1133,0.1126,-0.0566,-0.0161
1635676839637,7.2461,-8.5781,6.1133,0.0797,0.0253,0.0786
1635676839642,7.0195,-8.2188,6.6641,0.2627,0.0966,0.1296
1635676839668,6.8047,-8.1172,7.4492,0.3967,0.2104,0.1477
1635676839672,5.6680,-6.8281,6.9297,0.3179,0.1934,0.1669
1635676839677,5.3438,-5.8633,5.6406,0.1285,0.1115,0.1445
1635676839688,5.1719,-6.1250,4.8711,-0.0214,0.0753,0.1265
1635676839692,5.0273,-5.7305,4.7773,-0.0427,0.0572,0.1339
1635676839718,5.0195,-5.6289,4.8906,-0.0565,0.0498,0.1572
1635676839723,5.1680,-5.8359,4.7344,-0.0863,0.0508,0.1680
1635676839727,5.3555,-6.7969,4.9883,-0.0682,0.0646,0.1849
1635676839738,4.6680,-6.5977,5.7578,0.0934,0.0764,0.1689
1635676839745,4.9258,-6.0430,5.2422,0.0211,0.0253,0.1349
1635676839768,4.7773,-6.2461,4.8516,-0.0938,-0.0151,0.0616
1635676839773,4.8203,-6.2617,5.1211,-0.1342,-0.0023,0.0551
1635676839778,4.8477,-6.7695,5.3047,-0.2374,0.0232,0.0339
1635676839789,4.7852,-6.7227,5.1914,-0.3066,0.0327,0.0137
1635676839793,4.7031,-6.6406,4.9453,-0.3438,0.0551,0.0073
1635676839819,4.6133,-6.7813,4.8164,-0.3618,0.0806,0.0222
1635676839823,4.5859,-7.0664,4.9141,-0.3481,0.1051,0.0381
1635676839828,4.6914,-7.4336,5.1016,-0.2969,0.1200,0.0424
1635676839840,4.9766,-7.7539,5.1641,-0.2374,0.1252,0.0488
1635676839846,5.2422,-7.7813,4.9023,-0.2289,0.1200,0.0732
1635676839859,5.4297,-8.0547,5.0195,-0.2544,0.1370,0.1306
1635676839864,5.4922,-8.4297,5.3359,-0.2874,0.1742,0.2041
1635676839896,5.4219,-8.5000,5.5352,-0.3235,0.2073,0.2690
1635676839902,5.3398,-8.3984,5.6211,-0.3447,0.2371,0.3328
1635676839909,5.1758,-8.2813,5.6836,-0.3694,0.2710,0.4009
1635676839918,5.1367,-8.4531,5.8516,-0.3970,0.3103,0.4604
1635676839934,5.3164,-8.7969,6.1172,-0.4407,0.3530,0.5200
1635676839957,5.4531,-8.8906,6.3086,-0.4736,0.4041,0.5850
1635676839976,5.4375,-8.6250,6.2266,-0.5044,0.4722,0.6724
1635676839986,5.3047,-8.5938,6.2188,-0.5469,0.5542,0.7627
1635676840000,5.2422,-8.7578,6.2305,-0.5801,0.6357,0.8359
1635676840005,5.1211,-8.7188,6.2656,-0.6074,0.7139,0.8926
1635676840010,4.8398,-8.2891,6.3242,-0.6289,0.7935,0.9458
1635676840016,4.5508,-8.0391,6.3086,-0.6460,0.8838,0.9937
1635676840021,4.1094,-8.0234,6.2227,-0.6694,0.9712,1.0273
1635676840027,3.7031,-8.0313,6.1836,-0.6919,1.0488,1.0293
1635676840032,3.4590,-7.9570,6.1719,-0.6821,1.1768,0.9946
1635676840037,2.9082,-6.9375,5.8359,-0.6904,1.2236,0.9800
1635676840044,2.7383,-6.9297,5.4102,-0.7266,1.2686,0.9722
1635676840049,2.5820,-7.0938,5.2227,-0.7397,1.3174,0.9531
1635676840061,2.5293,-7.2852,5.1445,-0.6929,1.3711,0.9180
1635676840067,2.2285,-6.9766,4.9414,-0.5786,1.4180,0.8657
1635676840092,1.8311,-6.4492,4.6055,-0.4395,1.4590,0.8105
1635676840097,1.4355,-6.1211,4.3086,-0.3257,1.4912,0.7466
1635676840104,1.1006,-5.8984,4.1367,-0.2278,1.5068,0.6680
1635676840113,0.7466,-5.6016,3.8828,-0.1799,1.5010,0.5786
1635676840123,0.4954,-5.3789,3.5840,-0.1842,1.4678,0.4775
1635676840131,0.2727,-5.0586,3.2500,-0.1959,1.4160,0.3540
1635676840136,0.0862,-4.7891,2.9004,-0.2162,1.3516,0.2286
1635676840162,-0.0551,-4.7227,2.6250,-0.2151,1.2764,0.0977
1635676840172,-0.2681,-4.5703,2.3652,-0.1204,1.1914,-0.0417
1635676840180,-0.4907,-4.5547,2.2617,0.1169,1.0938,-0.1938
1635676840187,-0.5361,-5.0000,2.0488,0.4819,0.9692,-0.3779
1635676840192,-0.4932,-5.7070,1.8408,0.9956,0.8115,-0.6245
1635676840214,-0.3184,-6.5742,1.8311,1.6348,0.6138,-0.8877
1635676840219,0.0837,-7.8008,2.0625,2.3789,0.3784,-1.1484
1635676840225,0.7202,-9.2969,2.3926,3.0195,0.1136,-1.3408
1635676840230,1.7158,-10.7266,2.7539,3.3926,-0.1769,-1.4570
1635676840242,2.7363,-8.4609,1.8359,2.9941,-0.3982,-1.3193
1635676840247,4.0664,-6.7891,1.5918,2.1152,-0.4482,-0.9907
1635676840272,5.0625,-9.1250,2.9863,1.2871,-0.3906,-0.6011
1635676840277,5.0195,-11.6641,3.8926,0.4807,-0.3853,-0.1470
1635676840281,4.4805,-13.7578,4.1641,-0.0512,-0.4417,0.2551
1635676840292,3.6855,-14.4531,4.1250,-0.1587,-0.5342,0.5913
1635676840297,2.8320,-13.2656,3.6484,0.0147,-0.6426,0.8320
1635676840323,2.0645,-11.3125,3.0605,0.3242,-0.7686,1.0098
1635676840327,1.4219,-9.6250,2.8125,0.5894,-0.9111,1.1611
1635676840332,1.0771,-8.5547,2.7051,0.7158,-1.0664,1.2715
1635676840343,0.8950,-7.8398,2.6934,0.7256,-1.2324,1.3340
1635676840347,0.6558,-7.1680,2.8867,0.6914,-1.3984,1.3457
1635676840373,0.4858,-6.4180,3.3613,0.6743,-1.5674,1.3125
1635676840378,0.3350,-5.6563,3.9355,0.6987,-1.7266,1.2549
1635676840382,0.1724,-5.0195,4.2656,0.7456,-1.8545,1.1660
1635676840393,0.0551,-4.3477,4.3945,0.7915,-1.9463,1.0322
1635676840398,0.0574,-3.7598,4.6172,0.8638,-2.0059,0.8594
1635676840423,0.0383,-3.2734,4.8711,0.8828,-2.0430,0.6543
1635676840428,-0.1460,-2.4707,5.2930,0.7593,-2.0898,0.4148
1635676840452,-0.2250,-1.7813,5.5664,0.5181,-2.0996,0.1360
1635676840458,-0.2920,-1.2998,5.5703,0.2169,-2.0625,-0.1672
1635676840465,-0.2585,-0.9717,5.5664,-0.1033,-2.0137,-0.4502
1635676840470,0.0933,-0.9360,5.3438,-0.4629,-1.9570,-0.7002
1635676840477,1.2588,-1.5078,5.2461,-0.7930,-1.8496,-0.9150
1635676840482,2.9238,-3.0332,5.8672,-0.9512,-1.6504,-1.0684
1635676840495,4.2773,-5.3633,6.9336,-0.8950,-1.4229,-1.1455
1635676840499,5.2734,-7.9648,7.9336,-0.5747,-1.2041,-1.1963
1635676840524,5.8984,-9.6953,8.5938,-0.0523,-0.9971,-1.1914
1635676840529,6.0664,-9.8828,8.7031,0.5454,-0.8066,-1.1172
1635676840533,5.9570,-9.0859,8.3906,1.0420,-0.6289,-1.0098
1635676840544,5.6641,-7.8398,7.8398,1.2070,-0.4949,-0.8823
1635676840549,5.4844,-6.8125,7.3008,1.0156,-0.4001,-0.7437
1635676840574,5.4883,-6.4805,7.1602,0.5894,-0.3162,-0.6460
1635676840579,5.3672,-6.5313,7.1484,0.1212,-0.2661,-0.5884
1635676840583,5.2500,-6.7188,6.9922,-0.2512,-0.2471,-0.5703
1635676840595,5.2734,-6.6602,6.6836,-0.5142,-0.2482,-0.6064
1635676840599,5.4023,-6.8477,6.4258,-0.5181,-0.2842,-0.6670
1635676840634,5.6953,-7.3867,6.3789,-0.1788,-0.3054,-0.7075
1635676840639,6.2773,-7.6406,6.3086,0.3796,-0.2905,-0.7202
1635676840644,6.5820,-7.2031,6.3164,0.8945,-0.2620,-0.7202
1635676840651,6.5469,-5.9609,6.1836,0.8604,-0.2024,-0.5288
1635676840656,7.2578,-3.7598,6.3359,0.8604,-0.2024,-0.5288
1635676840666,7.3945,-10.9844,8.9844,-0.6685,0.2382,0.0317
1635676840671,6.5781,-9.0547,8.3203,-0.4492,0.2307,-0.0682
1635676840696,5.5469,-4.7500,7.2891,-0.3748,0.1636,0.0307
1635676840700,5.2070,-4.9570,6.1836,-0.7046,0.1434,0.0892
1635676840705,5.6094,-6.5273,5.2695,-0.8320,0.1667,0.1563
1635676840715,5.5391,-7.5703,5.8477,-0.6064,0.2593,0.2104
1635676840720,5.1094,-7.1875,6.6172,-0.4033,0.3423,0.1871
1635676840746,5.2148,-6.0469,6.0898,-0.5439,0.3318,0.1477
1635676840750,5.1680,-5.7422,5.3711,-0.8833,0.2795,0.1274
1635676840755,5.1758,-7.0156,5.5820,-0.9194,0.2903,0.1306
1635676840766,5.5313,-7.8398,6.1953,-0.6587,0.3052,0.1552
1635676840770,5.5938,-8.0625,6.2383,-0.3640,0.3052,0.1775
1635676840796,5.4609,-7.7266,5.8008,-0.1373,0.3115,0.2009
1635676840800,5.2539,-6.9414,5.4961,-0.0565,0.3318,0.2529
1635676840805,5.0000,-6.8125,5.4648,-0.1970,0.3647,0.3093
1635676840816,4.8477,-7.0586,5.7383,-0.4578,0.3816,0.3445
1635676840821,5.0078,-7.3008,5.9922,-0.7046,0.3901,0.3625
1635676840846,5.1641,-7.7773,5.9961,-0.8418,0.3967,0.3647
1635676840850,5.2031,-8.1172,5.9492,-0.8564,0.4180,0.3838
1635676840854,5.1211,-8.2813,5.9375,-0.7642,0.4563,0.4233
1635676840866,5.0352,-8.2734,5.8672,-0.6299,0.5063,0.4766
1635676840870,4.8242,-7.7734,5.7227,-0.5513,0.5591,0.5400
1635676840896,4.5391,-7.5078,5.6016,-0.5659,0.6177,0.6138
1635676840901,4.3047,-7.5938,5.6914,-0.6426,0.6709,0.6660
1635676840905,4.2891,-7.7656,5.8516,-0.7129,0.6987,0.6787
1635676840917,4.3281,-7.7109,6.0039,-0.7563,0.7231,0.6753
1635676840920,4.3516,-7.5742,6.0117,-0.7788,0.7539,0.6807
1635676840947,4.3203,-7.6875,5.9531,-0.8257,0.7954,0.7075
1635676840953,4.1758,-7.7734,5.9219,-0.8970,0.8584,0.7383
1635676840958,3.9043,-7.6680,5.9531,-0.9771,0.9326,0.7637
1635676840967,3.8398,-8.0625,6.2656,-1.0117,1.0166,0.7827
1635676840973,3.7793,-8.0391,6.4570,-1.0029,1.0986,0.7808
1635676840997,3.5840,-7.7031,6.4609,-0.9365,1.1846,0.7798
1635676841002,3.3145,-7.5039,6.3477,-0.8535,1.2734,0.7871
1635676841006,3.0137,-7.6602,6.2109,-0.7471,1.3662,0.7881
1635676841017,2.6895,-7.4297,5.9922,-0.6587,1.4521,0.7646
1635676841021,2.4629,-7.0234,5.7305,-0.6045,1.5215,0.7241
1635676841048,2.2852,-6.7852,5.4609,-0.6001,1.5811,0.6924
1635676841052,1.9814,-6.7227,5.2109,-0.6182,1.6318,0.6670
1635676841057,1.5938,-6.5742,5.0586,-0.6504,1.6699,0.6284
1635676841068,1.1582,-6.3438,4.9531,-0.6533,1.6934,0.5723
1635676841072,0.8018,-6.2617,4.6836,-0.5811,1.6934,0.5020
1635676841098,0.4739,-6.1016,4.3398,-0.4321,1.6709,0.4180
1635676841103,0.1915,-5.7227,3.8984,-0.2639,1.6338,0.3254
1635676841107,-0.0239,-5.4023,3.5020,-0.1331,1.5820,0.2286
1635676841118,-0.2394,-5.2617,3.2461,-0.0608,1.5156,0.1243
1635676841123,-0.4692,-5.1133,3.0195,-0.0278,1.4336,0.0094
1635676841148,-0.7539,-4.8047,2.7949,0.0222,1.3330,-0.1193
1635676841153,-1.0459,-4.5391,2.7012,0.1594,1.2070,-0.2629
1635676841166,-1.2373,-4.4063,2.5254,0.3914,1.0723,-0.4194
1635676841171,-1.2900,-4.2813,2.1348,0.7012,0.9316,-0.5981
1635676841176,-1.2422,-4.2891,1.7832,1.0811,0.7764,-0.8013
1635676841189,-1.1318,-4.7852,1.6611,1.5361,0.5977,-1.0371
1635676841193,-0.7324,-6.2539,2.0254,2.0527,0.3784,-1.3066
1635676841219,0.0479,-8.3828,2.4941,2.4961,0.1168,-1.5645
1635676841232,0.9814,-10.9063,2.9844,2.9316,-0.1555,-1.8018
1635676841237,2.1250,-12.8672,3.3457,3.3066,-0.4204,-1.8975
1635676841243,3.3398,-11.8906,2.7637,3.3438,-0.6074,-1.7471
1635676841248,4.9336,-8.5391,2.2266,2.8535,-0.6450,-1.3096
1635676841259,6.5156,-8.0313,3.6543,2.0547,-0.5215,-0.6919
1635676841264,6.5547,-11.0625,5.8242,1.1191,-0.4055,-0.0204
1635676841289,5.5703,-14.1172,6.7617,0.3254,-0.3992,0.5508
1635676841294,4.4258,-15.4141,6.1328,-0.0491,-0.4258,0.9331
1635676841299,3.3398,-14.2734,4.8242,-0.0118,-0.4087,1.1563
1635676841309,2.1953,-11.6563,3.8184,0.3179,-0.4897,1.3477
1635676841314,1.4385,-9.3281,3.1406,0.2659,-0.5981,1.3848
1635676841340,0.7993,-7.1484,2.9434,0.1425,-0.7310,1.3926
1635676841344,0.4978,-6.3203,3.1328,0.0233,-0.8823,1.3945
1635676841349,0.2489,-5.5859,3.2793,-0.0597,-1.0449,1.3809
1635676841360,0.0622,-5.0430,3.5156,-0.1129,-1.2158,1.3535
1635676841364,-0.0862,-4.5859,3.8242,-0.1481,-1.3887,1.3154
1635676841390,-0.2825,-3.9492,4.1758,-0.1373,-1.5469,1.2432
1635676841395,-0.5146,-3.2676,4.4023,-0.0704,-1.6777,1.1250
1635676841399,-0.7275,-2.8047,4.5352,0.0084,-1.8037,0.9683
1635676841410,-0.6748,-2.5039,4.6406,0.0541,-1.9219,0.7671
1635676841427,-0.5122,-2.2910,4.5859,0.0147,-2.0020,0.5273
1635676841434,-0.5718,-1.8457,4.4688,-0.1555,-2.0664,0.2605
1635676841439,-0.5576,-1.2305,4.5078,-0.3948,-2.1074,-0.0395
1635676841453,-0.2776,-0.8306,4.6797,-0.6108,-2.0918,-0.3481
1635676841457,0.2847,-1.0215,5.0586,-0.7813,-2.0254,-0.6245
1635676841471,1.0410,-1.9727,5.5391,-0.9106,-1.9092,-0.8525
1635676841476,1.7852,-3.4805,6.1055,-0.9907,-1.7725,-1.0518
1635676841501,2.6836,-5.3750,6.9180,-0.9429,-1.6484,-1.2383
1635676841505,4.0391,-7.3008,7.9648,-0.6865,-1.5039,-1.3984
1635676841510,5.5078,-8.6406,8.9297,-0.2747,-1.3184,-1.4785
1635676841521,6.2500,-9.3281,9.1953,0.2201,-1.1260,-1.4688
1635676841526,6.6211,-9.4766,8.8438,0.6826,-0.9463,-1.3711
1635676841551,6.8164,-9.3438,8.4609,1.0459,-0.7695,-1.2363
1635676841556,6.9141,-9.1641,8.3594,1.3350,-0.5981,-1.0879
1635676841560,6.9453,-8.8750,8.2578,1.4688,-0.4417,-0.9438
1635676841571,6.8242,-8.5078,7.8359,1.3164,-0.3418,-0.8374
1635676841576,6.4492,-7.5078,7.2188,0.9150,-0.3130,-0.7876
1635676841601,6.0469,-6.6367,6.8906,0.4265,-0.3054,-0.7544
1635676841606,5.7344,-6.1836,6.7813,-0.0576,-0.2939,-0.7300
1635676841610,5.4922,-5.9531,6.9375,-0.4172,-0.2917,-0.7139
1635676841622,5.2852,-5.8086,6.8164,-0.6118,-0.3098,-0.6831
1635676841626,5.0898,-5.5547,6.2539,-0.6318,-0.3386,-0.6387
1635676841652,5.5430,-4.6836,5.4375,-0.4705,-0.3586,-0.5928
1635676841656,7.0195,-4.3711,6.3086,-0.3481,-0.2715,-0.4128
1635676841661,8.1563,-9.0391,7.9961,-0.1565,0.0626,-0.1630
1635676841672,9.0469,-13.2344,10.2813,0.2988,0.4712,-0.0012
1635676841677,6.4492,-9.1328,9.7500,0.4370,0.4446,-0.0151
1635676841702,5.4023,-4.3398,6.8477,0.0307,0.2605,-0.0310
1635676841707,6.0273,-6.6914,3.7559,-0.5386,0.2637,0.0637
1635676841711,4.9492,-8.4063,5.2695,0.1137,0.3743,0.0626
1635676841722,5.3125,-6.5586,6.2930,0.9849,0.4785,0.2393
1635676841727,5.5273,-3.3633,6.6719,0.4148,0.3828,0.2520
1635676841753,4.5234,-5.6133,6.5039,-0.4128,0.3306,0.2520
1635676841757,4.9570,-6.7852,6.2695,-0.6372,0.2710,0.1946
1635676841762,4.5977,-4.7930,6.4375,-0.5054,0.1785,0.1456
1635676841774,4.7305,-5.1055,6.3555,-0.5308,0.1552,0.1594
1635676841778,4.7031,-6.0430,5.8594,-0.5488,0.1115,0.1105
1635676841804,4.7500,-5.6289,5.0703,-0.5459,0.0764,0.0605
1635676841809,4.8086,-5.8164,4.5625,-0.6543,0.0934,0.0137
1635676841814,4.8359,-6.4375,4.9141,-0.7334,0.1401,-0.0182
1635676841823,5.0664,-6.5898,5.6563,-0.7075,0.1859,-0.0512
1635676841828,5.3711,-6.8633,6.1172,-0.6543,0.2402,-0.0512
1635676841853,5.6719,-7.3008,6.2773,-0.6279,0.2998,-0.0225
1635676841858,5.7813,-7.7695,6.4531,-0.6270,0.3689,0.0413
1635676841862,5.6680,-7.8594,6.4141,-0.6851,0.4348,0.0945
1635676841873,5.4961,-7.7227,6.2070,-0.8047,0.4893,0.1498
1635676841878,5.3477,-7.6914,6.0039,-0.9321,0.5381,0.2095
1635676841903,5.2148,-7.7070,5.9922,-1.0107,0.5742,0.2583
1635676841908,5.1758,-7.7461,5.9922,-1.0605,0.5996,0.3030
1635676841913,5.1992,-7.8008,5.8555,-1.0654,0.6167,0.3413
1635676841924,5.1250,-7.8438,5.6523,-1.0381,0.6318,0.3806
1635676841928,4.9688,-7.8438,5.6055,-1.0107,0.6509,0.4138
1635676841961,4.7891,-7.8203,5.5664,-0.9824,0.6670,0.4414
1635676841965,4.4766,-7.5938,5.4648,-0.9395,0.6709,0.4636
1635676841972,4.0859,-7.5977,5.4063,-0.8770,0.6680,0.4871
1635676841979,3.8281,-7.3984,5.2344,-0.7129,0.6499,0.4988
1635676841984,3.6191,-7.2461,5.0391,-0.6724,0.6421,0.5039
1635676841994,3.2461,-7.5039,4.9336,-0.6504,0.6328,0.5049
1635676842000,3.3438,-7.6719,4.6797,-0.6099,0.6104,0.5020
1635676842024,3.1289,-7.3477,4.5898,-0.6035,0.5967,0.5083
1635676842029,2.8711,-7.2578,4.4727,-0.6343,0.5840,0.5220
1635676842034,2.8906,-7.3594,4.1914,-0.6650,0.5752,0.5317
1635676842045,2.6738,-7.4961,4.2109,-0.6543,0.5894,0.5308
1635676842049,2.4512,-7.5508,4.2305,-0.6279,0.6113,0.5103
1635676842076,2.2285,-7.6289,4.2578,-0.5640,0.6382,0.4734
1635676842081,2.0332,-7.5547,4.3555,-0.4810,0.6572,0.4338
1635676842086,1.8555,-7.2266,4.2656,-0.4502,0.6606,0.3945
1635676842095,1.7549,-7.0781,4.0820,-0.4714,0.6499,0.3657
1635676842099,1.7422,-7.0938,3.8984,-0.5713,0.6294,0.3477
1635676842125,1.6680,-7.1719,3.7383,-0.7056,0.6021,0.3286
1635676842130,1.7285,-7.4141,3.6875,-0.8330,0.5688,0.3083
1635676842134,1.6631,-7.4375,3.5957,-0.9302,0.5327,0.2786
1635676842145,1.6133,-7.5391,3.4609,-0.9575,0.5049,0.2605
1635676842150,1.6416,-7.7461,3.2656,-0.9375,0.4861,0.2456
1635676842175,1.5488,-7.7773,3.1719,-0.8745,0.4700,0.2253
1635676842180,1.5059,-7.6992,3.0859,-0.8184,0.4604,0.2062
1635676842185,1.4697,-7.6211,3.0254,-0.8047,0.4509,0.1829
1635676842196,1.3975,-7.5273,3.1543,-0.7959,0.4307,0.1594
1635676842200,1.4863,-7.6797,3.2402,-0.7905,0.4019,0.1392
1635676842226,1.6416,-7.8711,3.1563,-0.7949,0.3784,0.1190
1635676842230,1.6563,-7.8711,3.1133,-0.7959,0.3667,0.1030
1635676842235,1.6064,-7.9688,3.0059,-0.7876,0.3616,0.0892
1635676842247,1.6396,-8.1328,2.9219,-0.7715,0.3594,0.0807
1635676842252,1.6943,-8.2500,2.9980,-0.7578,0.3616,0.0701
1635676842276,1.7373,-8.3047,3.0469,-0.7598,0.3625,0.0583
1635676842281,1.8115,-8.4141,3.0430,-0.7705,0.3733,0.0616
1635676842286,2.0273,-8.8594,3.1836,-0.7813,0.3923,0.0786
1635676842296,2.1699,-9.2188,3.4043,-0.7930,0.4136,0.0913
1635676842301,2.2285,-9.4375,3.5332,-0.7822,0.4348,0.1116
1635676842327,2.2617,-9.6484,3.5664,-0.7563,0.4563,0.1488
1635676842343,2.2285,-9.5859,3.6387,-0.7354,0.4807,0.1913
1635676842348,2.1797,-9.4844,3.7539,-0.7217,0.5020,0.2350
1635676842355,2.1680,-9.5938,3.8535,-0.6929,0.5308,0.2795
1635676842360,2.1133,-9.5781,3.8730,-0.6128,0.5708,0.3125
1635676842367,2.0586,-9.4688,3.8184,-0.4822,0.6309,0.3403
1635676842372,1.9697,-9.3203,3.7813,-0.3333,0.6987,0.3606
1635676842397,1.8506,-9.0547,3.7930,-0.1885,0.7627,0.3647
1635676842402,1.7520,-8.8125,3.7715,-0.0587,0.8198,0.3625
1635676842406,1.6367,-8.5547,3.7012,0.0211,0.8638,0.3572
1635676842417,1.4355,-8.2422,3.5176,0.0424,0.8955,0.3413
1635676842422,1.2207,-7.9570,3.4590,0.0286,0.9189,0.3210
1635676842452,1.0078,-7.7578,3.4531,0.0116,0.9326,0.2903
1635676842457,0.8643,-7.5898,3.4102,0.0222,0.9341,0.2477
1635676842464,0.7876,-7.4297,3.2070,0.0881,0.9297,0.1924
1635676842470,0.6919,-7.2422,3.0449,0.1946,0.9263,0.1296
1635676842476,0.5981,-6.9492,2.9531,0.2957,0.9224,0.0541
1635676842491,0.5313,-6.8125,2.8887,0.3625,0.9170,-0.0342
1635676842495,0.4453,-6.5391,2.6934,0.3806,0.9019,-0.1353
1635676842508,0.4309,-6.2656,2.5059,0.3489,0.8818,-0.2395
1635676842513,0.4500,-6.1016,2.3047,0.2744,0.8604,-0.3428
1635676842538,0.3638,-5.9453,2.1133,0.1967,0.8330,-0.4502
1635676842543,0.2394,-5.8242,1.9385,0.1743,0.8008,-0.5586
1635676842547,0.1101,-5.7422,1.6514,0.2264,0.7563,-0.6714
1635676842558,0.0024,-5.7070,1.4385,0.3818,0.6816,-0.7959
1635676842563,-0.0359,-5.6641,1.4141,0.6597,0.5669,-0.9375
1635676842589,-0.0837,-5.6484,1.5986,1.0625,0.4031,-1.1016
1635676842593,0.0191,-5.7773,2.3477,1.6104,0.1742,-1.2891
1635676842598,0.1771,-5.8398,3.2617,2.2402,-0.1088,-1.4941
1635676842609,2.0117,-8.6641,4.4453,3.1250,-0.6631,-1.8398
1635676842613,3.0156,-10.0547,4.8672,3.1641,-0.9268,-2.0410
1635676842639,4.4102,-11.7500,5.3906,3.0605,-1.1494,-2.1680
1635676842644,6.1484,-13.4688,5.8594,2.8281,-1.2871,-2.1367
1635676842648,7.8672,-11.5391,3.1992,2.3535,-1.2256,-1.9209
1635676842659,9.7188,-11.0859,3.3105,2.4961,-0.8335,-1.4609
1635676842664,10.8516,-12.6875,6.0703,2.8164,-0.3875,-0.7500
1635676842690,10.2422,-12.8281,8.1797,2.4727,-0.0981,-0.1215
1635676842694,8.6016,-13.0703,8.4531,1.6436,0.1115,0.3306
1635676842699,6.8203,-13.2500,7.4961,1.0283,0.3423,0.5986
1635676842710,5.3516,-12.0547,6.6797,0.7646,0.5283,0.7881
1635676842715,4.1914,-10.0625,6.2148,0.5029,0.6294,0.9170
1635676842740,3.3789,-9.1719,5.8438,0.2456,0.6582,0.9668
1635676842745,2.8125,-9.3906,5.5117,0.1775,0.6421,1.0078
1635676842749,2.4219,-9.3516,5.2070,0.2871,0.5967,1.0703
1635676842760,2.0938,-9.0859,4.8242,0.4797,0.5146,1.1230
1635676842765,1.7588,-8.3594,4.1875,0.5996,0.4072,1.1738
1635676842791,1.1221,-7.0430,3.6055,0.6294,0.2786,1.2295
1635676842795,0.4380,-6.1250,3.3047,0.5933,0.1147,1.2891
1635676842800,0.0072,-5.6680,3.2363,0.4319,-0.0789,1.3477
1635676842811,-0.1508,-5.4727,3.3652,0.2329,-0.2874,1.3828
1635676842816,-0.2227,-5.7891,3.4961,0.1265,-0.4971,1.3916
1635676842841,-0.2202,-5.6953,3.3965,0.0860,-0.6758,1.3857
1635676842847,-0.2751,-5.4531,3.3535,0.1445,-0.8247,1.3691
1635676842851,-0.3757,-5.2813,3.2910,0.1829,-0.9580,1.3457
1635676842861,-0.3926,-5.0703,3.2168,0.1499,-1.0869,1.2988
1635676842866,-0.3733,-4.8672,3.2031,0.0435,-1.2256,1.2324
1635676842892,-0.3877,-4.5469,3.2930,-0.1353,-1.3535,1.1504
1635676842902,-0.5264,-3.9590,3.5469,-0.3374,-1.4600,1.0508
1635676842907,-0.6797,-3.4746,3.8184,-0.5000,-1.5527,0.9351
1635676842913,-0.6245,-3.3086,4.0156,-0.6372,-1.6367,0.8096
1635676842918,-0.4236,-3.6406,4.0430,-0.7065,-1.7012,0.6670
1635676842947,-0.2202,-4.1836,3.9688,-0.6694,-1.7432,0.5039
1635676842948,0.0574,-4.8828,4.2344,-0.4971,-1.7744,0.3223
1635676842950,0.7661,-5.8867,4.7656,-0.2278,-1.7959,0.1212
1635676842973,1.5723,-6.3594,5.1914,0.0414,-1.7822,-0.0789
1635676842978,1.9727,-6.3125,5.2969,0.3210,-1.7256,-0.2534
1635676842984,2.1914,-5.6758,5.4141,0.5137,-1.6416,-0.3748
1635676842993,2.3789,-4.8711,5.6250,0.5308,-1.5459,-0.4407
1635676842999,2.6055,-4.6563,5.9922,0.3669,-1.4590,-0.4895
1635676843023,2.9219,-5.0078,6.5039,0.0850,-1.3740,-0.5439
1635676843028,3.2168,-5.8516,6.9023,-0.0959,-1.2725,-0.6226
1635676843033,3.5977,-6.6836,7.3633,-0.0746,-1.1602,-0.7119
1635676843043,4.0273,-7.2344,7.6211,0.1434,-1.0479,-0.8013
1635676843048,4.5508,-7.7891,7.6758,0.4617,-0.9546,-0.8760
1635676843074,5.1172,-7.7773,7.6875,0.7031,-0.8716,-0.9194
1635676843078,5.1719,-7.0039,7.4766,0.8213,-0.7949,-0.9385
1635676843083,5.1367,-6.1914,7.0859,0.7979,-0.7192,-0.9185
1635676843094,5.3477,-5.8477,6.8867,0.6616,-0.6118,-0.8726
1635676843098,5.4297,-6.2031,7.0313,0.4902,-0.4980,-0.7915
1635676843124,5.4766,-6.8008,7.2891,0.2839,-0.4131,-0.7075
1635676843129,5.5430,-7.1406,7.3281,0.0626,-0.3469,-0.6660
1635676843148,5.5156,-7.3672,7.2266,-0.0236,-0.2971,-0.6724
1635676843154,5.4336,-7.1836,7.1094,0.0658,-0.2534,-0.6865
1635676843158,5.5039,-7.2578,7.0859,0.2998,-0.2290,-0.6685
1635676843163,5.9180,-7.2773,6.7969,0.6274,-0.1853,-0.5864
1635676843169,5.8203,-6.6523,6.6055,0.5986,-0.1619,-0.5234
1635676843195,5.7813,-5.9492,6.4570,0.4084,-0.1385,-0.4597
1635676843199,5.6328,-5.9180,6.3633,0.1626,-0.1226,-0.3713
1635676843204,5.6250,-6.2422,6.4297,-0.0331,-0.1088,-0.2896
1635676843215,5.5508,-6.2773,6.4570,-0.1012,-0.1013,-0.2097
1635676843220,5.3281,-6.0000,6.4102,-0.0289,-0.0906,-0.1332
1635676843245,5.1016,-5.7539,6.2734,0.1126,-0.1045,-0.0672
1635676843250,5.2969,-5.2930,6.0625,0.1626,-0.1395,0.0041
1635676843255,5.2500,-5.9961,6.1094,0.0477,-0.1215,0.0860
1635676843266,5.0938,-6.9023,6.2617,-0.0821,-0.0853,0.0903
1635676843270,5.1953,-6.2500,6.3398,-0.1321,-0.0906,0.0094
1635676843296,5.2422,-5.2969,6.2852,-0.2512,-0.0906,-0.0523
1635676843300,5.2539,-5.3047,6.3945,-0.5024,-0.0726,-0.0619
1635676843305,5.3438,-6.5859,6.2852,-0.5811,-0.0311,-0.0682
1635676843316,5.4648,-6.7344,6.4453,-0.3726,0.0211,-0.0651
1635676843328,5.1016,-6.3867,6.7773,-0.2236,0.0785,-0.0044
1635676843336,4.8828,-6.5469,6.4063,-0.2321,0.0966,0.0179
1635676843341,4.7930,-6.6445,5.8906,-0.2480,0.0902,0.0094
1635676843366,4.7266,-6.5430,5.5977,-0.2842,0.0764,-0.0151
1635676843371,4.6875,-5.9414,5.5820,-0.3713,0.0466,-0.0512
1635676843376,4.6250,-6.3047,5.6250,-0.4790,0.0338,-0.0565
1635676843387,4.8789,-6.9727,6.0781,-0.4524,0.0179,-0.0768
1635676843391,5.3203,-7.3086,6.3789,-0.3428,0.0072,-0.0800
1635676843417,5.4766,-7.1250,6.1289,-0.2214,0.0306,-0.0502
1635676843421,5.5000,-7.3828,5.8555,-0.1246,0.0966,0.0201
1635676843426,5.3359,-7.0859,5.8359,-0.0427,0.1678,0.0668
1635676843438,5.0625,-6.5156,5.9297,-0.0927,0.2179,0.1094
1635676843450,4.7695,-6.2813,5.8906,-0.2417,0.2456,0.1423
1635676843460,4.3750,-6.2344,5.6367,-0.3779,0.2583,0.1669
1635676843464,4.0352,-6.4727,5.2852,-0.4312,0.2593,0.1838
1635676843478,3.7266,-6.5352,5.0625,-0.4214,0.2402,0.1764
1635676843487,3.4707,-6.3633,4.8359,-0.4055,0.2051,0.1520
1635676843498,3.2402,-6.1211,4.6484,-0.4119,0.1615,0.1041
1635676843503,3.0391,-6.0273,4.5430,-0.4128,0.1094,0.0583
1635676843528,2.9102,-6.1328,4.5938,-0.3831,0.0498,0.0083
1635676843533,2.7832,-6.1406,4.6172,-0.3098,-0.0247,-0.0587
1635676843537,2.7676,-6.0703,4.6406,-0.2034,-0.1098,-0.1215
1635676843548,2.7793,-6.0078,4.6289,-0.0682,-0.2024,-0.1896
1635676843553,2.7500,-5.7930,4.5078,0.0616,-0.2971,-0.2554
1635676843578,2.8418,-5.6875,4.4297,0.1764,-0.3865,-0.3184
1635676843583,2.9824,-5.7227,4.2695,0.2881,-0.4631,-0.3843
1635676843588,3.3105,-5.4219,4.1797,0.3403,-0.5088,-0.4258
1635676843599,3.8242,-5.0469,4.4063,0.3115,-0.4993,-0.4460
1635676843603,4.2539,-5.2969,4.4219,0.2435,-0.4482,-0.4141
1635676843629,5.1484,-4.9180,4.5117,0.0807,-0.4185,-0.3374
1635676843633,6.2344,-6.0313,5.7148,-0.2959,-0.2544,-0.1416
1635676843638,6.0547,-11.3359,6.6953,-0.6270,0.0051,0.1052
1635676843649,6.5313,-11.9766,7.1328,-0.3416,0.1061,-0.0289
1635676843654,5.5313,-7.8281,7.5938,-0.0512,0.1519,-0.0300
1635676843679,4.8711,-6.8398,6.7031,-0.3044,0.1689,0.0062
1635676843684,4.8398,-7.8398,5.9375,-0.4407,0.2147,-0.0182
1635676843689,4.3828,-7.0469,5.4336,-0.2395,0.2539,0.0169
1635676843700,4.4063,-6.3945,4.8281,-0.1725,0.2742,0.0158
1635676843704,4.2891,-6.5742,4.6758,-0.1917,0.2891,0.0041
1635676843730,4.7500,-6.5156,5.2383,-0.4800,0.3369,0.0828
1635676843735,4.1055,-6.9180,5.3633,-0.6226,0.2859,0.0775
1635676843739,4.2773,-7.5781,3.9727,-0.4268,0.1572,0.0009
1635676843750,4.7578,-5.1445,2.9121,0.0009,-0.0204,-0.1087
1635676843755,4.5117,-4.1563,4.0117,0.1807,-0.0279,0.0083
1635676843780,4.7969,-8.1563,4.8828,0.1243,0.0710,0.1392
1635676843787,4.9219,-6.7852,4.8828,0.2137,0.0211,0.0860
1635676843803,5.0625,-5.9922,5.1289,0.1881,0.0370,0.1009
1635676843808,5.0234,-6.7500,5.2539,0.0137,0.0530,0.0967
1635676843813,5.1367,-6.4570,5.2070,-0.0629,0.0338,0.0913
1635676843821,5.1680,-6.6211,5.1445,-0.0991,0.0317,0.0807
1635676843825,5.2109,-6.8945,5.0859,-0.0874,0.0359,0.0679
1635676843851,5.2500,-7.0352,5.1250,-0.1002,0.0572,0.0424
1635676843856,5.1836,-6.4805,5.2148,-0.1736,0.0710,0.0211
1635676843860,5.2539,-6.5508,5.3164,-0.3149,0.0912,0.0307
1635676843871,5.4258,-6.7461,5.5195,-0.4204,0.1061,0.0445
1635676843876,5.6094,-6.8711,5.6680,-0.5107,0.1115,0.0701
1635676843902,5.7344,-7.2852,5.6172,-0.5767,0.1190,0.1052
1635676843906,5.5781,-7.4961,5.5586,-0.5820,0.1295,0.1456
1635676843911,5.3281,-7.3906,5.4688,-0.5190,0.1401,0.1829
1635676843922,5.0352,-7.1055,5.3203,-0.4512,0.1444,0.2073
1635676843926,4.7148,-6.8281,5.0938,-0.4109,0.1381,0.2190
1635676843959,4.4336,-6.5586,4.9141,-0.3916,0.1295,0.2190
1635676843963,4.1680,-6.3828,4.8125,-0.3948,0.1104,0.2062
1635676843970,3.9336,-6.1133,4.6289,-0.4087,0.0828,0.1786
1635676843976,3.8359,-6.0703,4.5273,-0.4214,0.0636,0.1541
1635676843982,3.8301,-6.3359,4.5156,-0.4194,0.0508,0.1274
1635676843992,3.7168,-6.4961,4.5000,-0.3799,0.0392,0.0881
1635676843999,3.6426,-6.5820,4.4766,-0.3013,0.0317,0.0456
1635676844023,3.4941,-6.6406,4.4531,-0.1917,0.0232,0.0009
1635676844031,3.3125,-6.6250,4.4688,-0.0789,0.0104,-0.0363
1635676844036,3.1445,-6.6172,4.4141,0.0020,-0.0098,-0.0810
1635676844043,2.9805,-6.5859,4.3320,0.0488,-0.0364,-0.1310
1635676844048,2.8984,-6.5156,4.2109,0.0573,-0.0492,-0.1788
1635676844074,2.9395,-6.4219,4.0234,-0.0001,-0.0577,-0.2183
1635676844080,2.9766,-6.6680,3.7930,-0.0767,-0.0534,-0.2417
1635676844085,3.1230,-7.0391,3.9980,-0.1321,-0.0396,-0.2395
1635676844094,3.1855,-7.4453,4.2930,-0.1831,-0.0268,-0.2363
1635676844126,3.2715,-7.7734,4.3477,-0.1321,-0.0247,-0.2522
1635676844132,3.3730,-7.8203,4.3281,0.0094,-0.0247,-0.2469
1635676844136,3.5137,-7.9023,4.3086,0.1626,-0.0236,-0.2395
1635676844141,3.6270,-7.8789,4.1758,0.2690,-0.0258,-0.2236
1635676844146,3.5918,-7.6914,4.0742,0.3147,-0.0502,-0.2172
1635676844151,3.6328,-7.5508,4.0000,0.3191,-0.0843,-0.2013
1635676844164,3.7031,-7.4063,4.0586,0.2668,-0.1247,-0.1747
1635676844168,3.7070,-7.5195,4.0625,0.1914,-0.1715,-0.1416
1635676844194,3.8359,-7.7188,3.9375,0.1403,-0.2333,-0.1129
1635676844199,3.8633,-7.5117,3.8848,0.1989,-0.3088,-0.1342
1635676844203,3.9023,-7.1836,3.7813,0.3179,-0.3694,-0.1512
1635676844214,3.9570,-7.1406,3.6758,0.4722,-0.4099,-0.1587
1635676844219,4.0859,-7.1094,3.8438,0.7021,-0.4290,-0.1831
1635676844245,4.1758,-6.5586,3.7461,0.9902,-0.4429,-0.2129
1635676844249,4.8477,-4.9141,4.3633,1.1504,-0.4299,-0.1864
1635676844254,4.6875,-6.4063,4.7852,0.9746,-0.3704,-0.0459
1635676844265,5.9922,-9.0469,5.3750,1.0098,-0.2534,0.0701
1635676844269,5.6641,-8.6719,6.1484,1.2363,-0.1503,0.1094
1635676844295,5.6758,-8.0703,6.7852,1.2891,-0.0822,0.1605
1635676844299,5.0625,-7.5000,6.1953,1.0430,-0.0587,0.2104
1635676844304,5.7930,-8.8047,6.7227,0.8945,0.1041,0.3030
1635676844315,4.7656,-7.4883,6.6133,0.9170,0.1221,0.3147
1635676844320,4.9453,-6.2188,5.6953,0.9370,0.0945,0.3210
1635676844346,4.5078,-6.8633,6.3477,1.0928,0.1604,0.3125
1635676844351,3.7676,-3.9160,7.2891,1.2607,0.1710,0.3242
1635676844355,5.0703,-4.6953,5.4961,0.6372,0.0912,0.3828
1635676844365,5.1484,-6.7109,5.5508,0.2893,0.0828,0.2944
1635676844370,5.0156,-5.0313,6.4648,0.3594,0.1370,0.2742
1635676844396,5.0508,-4.9922,6.5078,0.1030,0.1583,0.2222
1635676844400,4.9141,-5.2031,6.9180,-0.1023,0.1827,0.1881
1635676844405,4.7852,-4.9766,6.4805,-0.3086,0.1689,0.1243
1635676844416,5.0352,-4.1797,5.1328,-0.5918,0.0764,0.0307
1635676844421,4.9102,-4.4883,5.0313,-0.7554,0.0700,-0.0225
1635676844446,4.9141,-4.4727,5.5781,-0.7832,0.0870,-0.0598
1635676844451,5.2969,-4.8477,5.6211,-0.8706,0.0817,-0.0714
1635676844466,5.5156,-5.7383,5.5508,-0.9482,0.0934,-0.0884
1635676844474,5.5078,-5.8047,5.5273,-0.9546,0.1083,-0.1151
1635676844479,5.4023,-5.5703,5.4219,-0.9888,0.1157,-0.1395
1635676844487,5.3086,-5.7031,5.4102,-1.0439,0.1211,-0.1565
1635676844491,5.1953,-5.9961,5.3672,-1.0479,0.1136,-0.1747
1635676844517,5.1211,-6.0977,5.2109,-0.9771,0.1041,-0.1980
1635676844522,5.1172,-6.2578,5.0469,-0.9302,0.1019,-0.2097
1635676844526,5.1016,-6.4180,4.9648,-0.9248,0.1051,-0.2162
1635676844537,5.1250,-6.7695,5.0078,-0.8979,0.1083,-0.2172
1635676844541,5.1953,-6.9922,5.1055,-0.8501,0.1008,-0.2097
1635676844567,5.0625,-7.0898,5.0313,-0.7993,0.0775,-0.1938
1635676844572,4.9844,-6.7578,4.6367,-0.7661,0.0370,-0.1682
1635676844576,4.9219,-7.8789,4.5820,-0.7725,0.0413,-0.1246
1635676844587,4.7773,-7.2734,4.3242,-0.6426,0.0200,-0.1449
1635676844592,4.6406,-6.5781,4.3594,-0.5723,0.0115,-0.1215
1635676844618,4.6172,-7.2383,4.3711,-0.5903,0.0285,-0.0938
1635676844622,4.5391,-7.0742,4.4688,-0.5693,0.0211,-0.0842
1635676844637,4.6328,-7.4453,4.5195,-0.5469,0.0285,-0.0789
1635676844643,4.7539,-7.5938,4.4570,-0.5269,0.0349,-0.0831
1635676844648,4.6797,-7.6992,4.4453,-0.4907,0.0551,-0.0735
1635676844658,4.5078,-7.4727,4.2891,-0.4045,0.0742,-0.0704
1635676844663,4.2734,-6.8711,4.1328,-0.3491,0.0859,-0.0491
1635676844702,4.1602,-7.1133,3.9199,-0.3862,0.1104,-0.0193
1635676844706,3.9902,-7.5352,3.7031,-0.4226,0.1349,-0.0097
1635676844720,3.8145,-7.3164,3.4160,-0.4343,0.1466,-0.0172
1635676844726,3.6055,-7.2031,3.6016,-0.4832,0.1689,-0.0257
1635676844730,3.4219,-7.3633,3.9609,-0.5557,0.1902,-0.0353
1635676844735,3.2891,-7.4961,4.1523,-0.5684,0.1934,-0.0491
1635676844741,3.1133,-7.4336,4.3203,-0.4875,0.1881,-0.0534
1635676844745,2.9863,-7.3633,4.3164,-0.3831,0.1753,-0.0480
1635676844759,2.9727,-7.3906,4.0820,-0.2651,0.1509,-0.0480
1635676844763,2.9727,-7.3203,3.8145,-0.1970,0.1285,-0.0544
1635676844789,2.9648,-7.2461,3.6738,-0.1980,0.1072,-0.0693
1635676844794,2.9844,-7.1367,3.6602,-0.2512,0.0945,-0.0927
1635676844798,3.0449,-7.2656,3.6738,-0.2959,0.0849,-0.1204
1635676844809,3.1113,-7.4258,3.7031,-0.2915,0.0764,-0.1449
1635676844814,3.1816,-7.4805,3.6934,-0.2268,0.0657,-0.1693
1635676844840,3.2480,-7.5195,3.7617,-0.1140,0.0476,-0.1959
1635676844842,3.2715,-7.4141,3.8008,0.0275,0.0232,-0.2140
1635676844843,3.4219,-7.2109,3.8281,0.1274,-0.0066,-0.2257
1635676844870,3.5000,-7.0313,3.9199,0.1583,-0.0417,-0.2406
1635676844874,3.7852,-7.0977,3.9395,0.1349,-0.0736,-0.2566
1635676844879,4.0352,-7.1328,3.8809,0.1020,-0.0906,-0.2778
1635676844890,4.2891,-7.0156,3.7539,0.0541,-0.1098,-0.2927
1635676844894,4.5625,-7.0039,3.4941,-0.0385,-0.1395,-0.2981
1635676844920,5.0586,-7.3320,3.5527,-0.1906,-0.1449,-0.2969
1635676844925,5.3711,-7.4766,3.9551,-0.2108,-0.1130,-0.2747
1635676844929,5.5195,-7.7891,4.4688,-0.2585,-0.0736,-0.2332
1635676844942,5.8008,-8.1328,4.8672,-0.3364,-0.0151,-0.1576
1635676844953,6.2773,-8.4766,4.9688,-0.4097,0.0562,-0.0970
1635676844963,6.8086,-9.3281,6.0391,-0.3162,0.2094,-0.0151
1635676844968,5.9883,-9.6484,5.8633,-0.2725,0.2498,0.0721
1635676844990,5.5664,-7.3633,6.1953,0.0286,0.2583,0.0956
1635676844995,5.5469,-7.2813,4.8906,-0.1576,0.2307,0.2104
1635676845001,5.7266,-7.6836,3.8945,-0.3162,0.1902,0.2445
1635676845005,5.4727,-7.6602,4.3789,-0.2236,0.2317,0.3008
1635676845031,5.3789,-7.7773,4.4336,-0.2203,0.2371,0.2849
1635676845036,5.0078,-7.0625,4.4258,-0.1406,0.1785,0.2499
1635676845040,5.0781,-5.3906,3.7461,-0.0310,0.0892,0.2253
1635676845051,5.2344,-5.7773,3.3613,-0.1236,0.0434,0.2542
1635676845056,5.2734,-7.2695,3.6328,-0.0416,0.0636,0.2488
1635676845081,5.2500,-6.8125,4.0508,0.1743,0.0657,0.2244
1635676845086,5.3125,-6.5742,4.0859,0.2030,0.0594,0.1860
1635676845091,5.4609,-6.7422,4.0938,0.1041,0.0583,0.1689
1635676845102,5.5898,-7.0664,4.1953,-0.0363,0.0646,0.1807
1635676845106,5.6250,-7.5195,4.2891,-0.1597,0.0753,0.2009
1635676845132,5.6367,-7.6836,4.2461,-0.2162,0.0806,0.2253
1635676845138,5.5938,-7.7930,4.0664,-0.2480,0.0859,0.2529
1635676845143,5.4766,-8.0234,3.9609,-0.2585,0.0987,0.2859
1635676845152,5.3789,-8.0313,4.0625,-0.2598,0.1019,0.3147
1635676845157,5.3164,-7.7852,3.9512,-0.3181,0.0912,0.3359
1635676845182,5.3008,-7.9531,3.7539,-0.4150,0.0785,0.3679
1635676845193,5.0898,-8.0313,3.8301,-0.4470,0.0838,0.4116
1635676845198,4.8984,-8.1328,3.8730,-0.4395,0.0859,0.4436
1635676845204,4.8242,-8.0547,3.9277,-0.4023,0.0785,0.4573
1635676845209,4.6563,-7.7148,3.9043,-0.3704,0.0785,0.4702
1635676845234,4.4258,-7.5195,3.6602,-0.3608,0.0775,0.4829
1635676845239,4.1914,-7.5938,3.5547,-0.3513,0.0859,0.4851
1635676845245,4.1055,-7.7539,3.5430,-0.3298,0.1030,0.4680
1635676845253,3.9941,-7.3984,3.6211,-0.3396,0.1115,0.4392
1635676845261,3.7852,-7.1836,3.7402,-0.3960,0.1232,0.4297
1635676845275,3.7402,-7.5430,3.8359,-0.4800,0.1306,0.4275
1635676845286,3.7266,-7.7188,3.7773,-0.5620,0.1306,0.4116
1635676845307,3.7148,-7.7070,3.7324,-0.6152,0.1381,0.4009
1635676845324,3.7051,-7.8203,3.7695,-0.6450,0.1552,0.4009
1635676845340,3.6113,-7.9141,3.8086,-0.6543,0.1732,0.4084
1635676845346,3.5801,-8.2891,3.6504,-0.6577,0.1892,0.4148
1635676845351,3.5273,-8.3516,3.5527,-0.6616,0.2073,0.4126
1635676845358,3.4805,-8.2188,3.6055,-0.6875,0.2349,0.4158
1635676845373,3.2891,-8.3203,3.7188,-0.7354,0.2646,0.4233
1635676845389,3.2188,-8.4609,3.8008,-0.7524,0.2913,0.4319
1635676845406,3.2715,-8.5469,3.7480,-0.7437,0.3137,0.4351
1635676845412,3.3105,-8.5469,3.7285,-0.7310,0.3423,0.4392
1635676845438,3.3887,-8.7266,3.8398,-0.7119,0.3796,0.4487
1635676845445,3.5234,-8.9531,4.0117,-0.7256,0.4167,0.4604
1635676845451,3.6016,-9.0781,3.9375,-0.7500,0.4595,0.4861
1635676845465,3.4883,-9.0078,3.7754,-0.7354,0.5083,0.5317
1635676845473,3.3105,-9.1875,3.7500,-0.6948,0.5605,0.5776
1635676845479,3.2598,-9.3125,3.7578,-0.6460,0.6074,0.6113
1635676845485,3.1523,-9.0234,3.7910,-0.6191,0.6475,0.6401
1635676845495,3.0391,-8.7891,3.8926,-0.6084,0.6880,0.6680
1635676845506,2.9902,-9.0391,3.9102,-0.5776,0.7466,0.7061
1635676845511,2.8906,-9.0859,3.8418,-0.5171,0.8096,0.7275
1635676845523,2.7480,-8.8359,3.7031,-0.4597,0.8721,0.7329
1635676845537,2.5449,-8.5781,3.6543,-0.3596,0.9912,0.7358
1635676845570,2.1914,-8.2578,3.6055,-0.3618,1.0352,0.7212
1635676845603,1.9961,-7.8828,3.4570,-0.3789,1.0781,0.7075
1635676845619,1.8359,-7.8047,3.2695,-0.3884,1.1230,0.6895
1635676845625,1.6846,-7.4688,3.0664,-0.3938,1.1611,0.6592
1635676845630,1.5605,-7.4453,2.9336,-0.4045,1.1963,0.6211
1635676845652,1.3760,-7.3867,2.8379,-0.4011,1.2207,0.5742
1635676845671,1.1943,-7.1172,2.6328,-0.3672,1.2246,0.5137
1635676845676,1.0146,-6.8555,2.3008,-0.3149,1.2129,0.4468
1635676845684,0.8091,-6.6445,2.0273,-0.2172,1.1924,0.3723
1635676845703,0.6055,-6.4609,1.8291,-0.0693,1.1670,0.2849
1635676845708,0.4954,-6.2266,1.6807,0.1274,1.1201,0.1669
1635676845717,0.3494,-5.8242,1.5537,0.3477,1.0586,0.0317
1635676845733,0.2250,-5.5156,1.4580,0.5850,0.9858,-0.1267
1635676845750,0.2130,-5.3750,1.5127,0.8413,0.8848,-0.3171
1635676845766,0.1963,-5.4023,1.8555,1.1650,0.7251,-0.5513
1635676845771,0.1364,-5.2266,2.2598,1.5313,0.5244,-0.8086
1635676845799,0.3328,-5.2383,2.4648,1.7959,0.3296,-1.0566
1635676845815,0.9790,-6.6602,2.4883,1.9482,0.1455,-1.3389
1635676845848,1.9600,-9.3594,2.4746,2.1660,-0.0587,-1.6426
1635676845854,3.1035,-11.8438,2.3047,2.5117,-0.2747,-1.8955
1635676845864,4.2148,-13.5156,1.3906,2.9395,-0.4546,-2.0195
1635676845870,5.5742,-13.0859,0.1053,3.3340,-0.5171,-1.9111
1635676845876,6.7891,-10.4531,-0.7661,3.5645,-0.3906,-1.5957
1635676845882,7.8164,-7.7930,0.5527,3.4570,-0.1641,-1.1523
1635676845887,7.9570,-8.7500,3.8594,3.0098,0.0466,-0.5171
1635676845892,7.0000,-10.7188,6.0742,1.9316,0.1221,0.1434
1635676845897,5.7227,-12.1406,6.3008,0.7861,0.0987,0.5479
1635676845902,4.7266,-12.3516,5.3438,0.0530,0.0423,0.7656
1635676845906,3.7676,-11.3125,4.1563,-0.2427,-0.0055,0.8784
1635676845911,2.9746,-10.1875,3.1719,-0.3257,-0.0555,0.9629
1635676845916,2.5879,-9.2188,2.4648,-0.4246,-0.1151,1.0244
1635676845921,2.1953,-8.5781,2.1680,-0.5371,-0.1810,1.0635
1635676845926,1.8213,-8.4766,2.1133,-0.6309,-0.2639,1.1025
1635676845931,1.4502,-8.3359,2.2402,-0.7246,-0.3833,1.1416
1635676845936,1.0293,-7.9688,2.4316,-0.7715,-0.5322,1.1611
1635676845940,0.6177,-7.4961,2.6875,-0.7217,-0.7056,1.1504
1635676845947,0.2825,-7.0000,2.9316,-0.5776,-0.8823,1.1230
1635676845959,0.0383,-6.6406,3.0664,-0.3384,-1.0459,1.0830
1635676845966,-0.0622,-6.2930,3.2813,-0.0438,-1.2012,1.0273
1635676845971,-0.1293,-5.9531,3.5234,0.2413,-1.3428,0.9468
1635676845976,-0.1771,-5.6055,3.6016,0.4851,-1.4600,0.8501
1635676845982,-0.3328,-5.0117,3.5547,0.6626,-1.5518,0.7266
1635676845987,-0.4236,-4.5156,3.6172,0.7710,-1.6279,0.5859
1635676845992,-0.2991,-4.3516,3.9180,0.8125,-1.6904,0.4265
1635676845998,-0.1604,-4.1484,4.1484,0.8008,-1.7295,0.2488
1635676846003,-0.0072,-3.9707,4.1445,0.7329,-1.7393,0.0647
1635676846009,0.3110,-4.0508,3.9492,0.6265,-1.7246,-0.1353
1635676846014,0.6030,-4.3320,3.6719,0.5562,-1.6943,-0.3438
1635676846019,1.0313,-4.7227,3.8086,0.5283,-1.6484,-0.5361
1635676846025,1.5820,-4.6875,4.3789,0.4287,-1.5752,-0.6968
1635676846030,2.0313,-4.8711,5.0625,0.2605,-1.4844,-0.8281
1635676846036,2.5039,-5.5898,5.8008,0.0147,-1.3896,-0.9204
1635676846041,3.0996,-6.3555,6.3281,-0.2480,-1.2852,-0.9907
1635676846049,3.6543,-6.9141,6.5586,-0.4609,-1.1553,-1.0322
1635676846054,4.0195,-7.5820,6.4063,-0.5557,-1.0244,-1.0654
1635676846080,4.4570,-8.3984,6.3984,-0.4863,-0.9067,-1.0879
1635676846085,4.8359,-8.7813,6.2773,-0.2896,-0.7803,-1.0742
1635676846089,4.9375,-9.0000,6.1914,0.0530,-0.6606,-1.0469
1635676846100,5.0820,-8.8672,6.1328,0.4255,-0.5522,-1.0029
1635676846104,5.1289,-8.3906,6.1641,0.6699,-0.4651,-0.9438
1635676846130,5.5391,-7.9102,6.0469,0.6997,-0.3618,-0.8394
1635676846135,5.5742,-7.7227,5.9844,0.5713,-0.3364,-0.7661
1635676846139,5.5938,-7.4805,5.9414,0.4041,-0.3354,-0.6895
1635676846150,5.6016,-7.4336,5.7031,0.2637,-0.3469,-0.6362
1635676846155,5.5703,-7.4531,5.3789,0.2115,-0.3618,-0.5918
1635676846181,5.5820,-7.4492,5.1875,0.2678,-0.3726,-0.5596
1635676846185,5.7070,-7.1680,5.0469,0.3242,-0.3716,-0.5332
1635676846190,5.7305,-6.7695,4.7578,0.3125,-0.3618,-0.5127
1635676846201,5.8203,-6.7305,4.7109,0.3010,-0.3386,-0.4822
1635676846205,6.3906,-5.9844,4.5508,0.2605,-0.2842,-0.4182
1635676846231,6.7383,-6.5703,6.4180,-0.0427,-0.1151,-0.1704
1635676846235,6.0391,-10.3203,6.3281,-0.3862,-0.0406,-0.1013
1635676846240,7.1484,-10.3281,6.0156,0.2700,0.0508,-0.1704
1635676846251,6.6445,-8.1953,7.3672,0.7158,0.1349,0.0264
1635676846256,6.0430,-7.3555,7.2148,0.6309,0.1583,0.0328
1635676846281,6.1875,-7.9805,6.9609,0.5967,0.1775,0.1317
1635676846286,5.6172,-7.8008,6.4102,0.5903,0.1285,0.2084
1635676846290,5.4414,-6.4609,5.7578,0.6699,0.0721,0.2573
1635676846301,5.1250,-6.0117,5.0938,0.6284,0.0519,0.2561
1635676846306,4.9219,-6.2109,4.7617,0.5479,0.0157,0.2136
1635676846332,4.9102,-6.1797,4.1719,0.5596,-0.0300,0.2286
1635676846336,4.6055,-6.2578,4.9727,0.8936,-0.0289,0.1414
1635676846341,3.7227,-2.7793,6.3359,1.2041,0.0019,0.1594
1635676846352,5.2617,-5.2344,4.5469,0.5679,-0.0439,0.2646
1635676846357,5.2617,-7.3672,4.7930,0.2041,-0.0566,0.1498
1635676846382,5.0078,-6.0508,5.6094,0.2732,-0.0268,0.1434
1635676846387,5.1367,-5.4297,5.4414,-0.0576,-0.0492,0.0881
1635676846391,5.0898,-6.6133,5.2539,-0.3181,-0.0268,0.0658
1635676846402,5.1914,-6.8594,5.4844,-0.3130,0.0221,0.0605
1635676846407,4.9727,-6.4141,5.4219,-0.3342,0.0296,0.0413
1635676846433,5.0156,-6.3203,5.3750,-0.3608,0.0530,0.0360
1635676846437,5.2227,-6.8320,5.2070,-0.4438,0.0955,0.0381
1635676846442,5.2266,-6.8555,4.9648,-0.5234,0.1190,0.0158
1635676846453,5.1875,-6.3633,4.6719,-0.5918,0.1295,-0.0161
1635676846464,5.2070,-6.1602,4.4688,-0.6587,0.1423,-0.0459
1635676846475,5.1016,-6.2031,4.5938,-0.6543,0.1647,-0.0555
1635676846480,5.0195,-5.9922,4.7109,-0.5938,0.1721,-0.0629
1635676846493,4.9023,-5.9492,4.7773,-0.5894,0.1583,-0.0651
1635676846498,4.8789,-6.2930,4.8008,-0.5640,0.1401,-0.0864
1635676846523,4.9336,-6.0664,4.7617,-0.5269,0.1243,-0.0970
1635676846528,5.0859,-6.5234,4.7852,-0.5801,0.1381,-0.0927
1635676846532,5.1914,-6.7656,4.8164,-0.6577,0.1487,-0.1044
1635676846543,5.2656,-6.8438,4.8828,-0.7563,0.1647,-0.1034
1635676846548,5.3594,-7.0234,4.9805,-0.8579,0.1870,-0.0906
1635676846574,5.3516,-7.4102,5.0742,-0.9458,0.2104,-0.0672
1635676846578,5.2813,-7.1367,4.7852,-0.9395,0.2125,-0.0502
1635676846583,5.0781,-7.1133,4.8164,-0.9150,0.2328,-0.0023
1635676846594,4.9727,-7.7305,4.8516,-0.9077,0.2637,0.0371
1635676846598,4.8906,-7.4961,4.7617,-0.8906,0.2637,0.0371
1635676846624,4.8164,-7.2891,4.5742,-0.9175,0.2656,0.0456
1635676846629,4.6875,-7.3398,4.5117,-0.9663,0.2710,0.0701
1635676846633,4.5234,-7.4297,4.5039,-0.9937,0.2688,0.0892
1635676846644,4.3281,-7.4766,4.4219,-0.9756,0.2605,0.0956
1635676846649,4.1602,-7.4727,4.3320,-0.8843,0.2498,0.1020
1635676846675,4.0352,-7.3086,4.1289,-0.7544,0.2413,0.1041
1635676846679,3.9609,-7.2539,3.8965,-0.6372,0.2360,0.1041
1635676846690,4.0391,-7.2656,3.8613,-0.5884,0.2371,0.0999
1635676846696,4.2188,-7.5508,4.0313,-0.6387,0.2445,0.1009
1635676846701,4.2344,-7.7148,4.1758,-0.7129,0.2445,0.0977
1635676846725,4.2031,-7.7734,4.1602,-0.7534,0.2445,0.1041
1635676846730,4.2031,-8.0703,4.1016,-0.7554,0.2434,0.1201
1635676846734,3.9883,-8.1094,3.8867,-0.6309,0.2466,0.1520
1635676846745,3.8340,-8.0078,3.7500,-0.5415,0.2413,0.1563
1635676846750,3.7168,-7.9063,3.6543,-0.4524,0.2371,0.1626
1635676846775,3.7461,-7.7305,3.5625,-0.4087,0.2328,0.1658
1635676846780,3.8145,-7.6016,3.5039,-0.4312,0.2349,0.1615
1635676846785,4.0820,-7.9102,3.5742,-0.5190,0.2498,0.1637
1635676846796,4.3867,-8.2578,3.6973,-0.6758,0.2700,0.1732
1635676846801,4.5078,-8.4922,3.8457,-0.8462,0.2881,0.1871
1635676846826,4.5625,-8.7109,3.9023,-0.9971,0.2976,0.2222
1635676846830,4.4648,-8.9766,3.8535,-1.0830,0.3020,0.2700
1635676846835,4.3164,-9.1094,3.7715,-1.0732,0.2986,0.3201
1635676846846,4.3281,-9.3828,3.6738,-0.9980,0.2986,0.3818
1635676846850,4.3711,-9.4609,3.6367,-0.9121,0.3103,0.4456
1635676846876,4.3047,-9.3594,3.6641,-0.8140,0.3359,0.5117
1635676846881,4.3906,-9.4063,3.6504,-0.7407,0.3667,0.5850
1635676846885,4.4414,-9.4922,3.7188,-0.6904,0.4072,0.6543
1635676846896,4.3906,-9.4219,3.7402,-0.6851,0.4509,0.7158
1635676846901,4.1289,-9.2500,3.6738,-0.7344,0.4912,0.7646
1635676846926,3.9785,-9.1797,3.7109,-0.8164,0.5308,0.8042
1635676846931,3.9063,-9.2031,3.8438,-0.9160,0.5679,0.8403
1635676846936,3.7773,-9.2734,4.0000,-1.0146,0.6021,0.8809
1635676846948,3.7793,-9.7344,3.9238,-1.0566,0.6421,0.9287
1635676846970,3.5781,-9.7891,3.7578,-1.0352,0.6943,0.9722
1635676846976,3.3145,-9.6484,3.6387,-0.9482,0.7573,1.0195
1635676846982,3.0488,-9.3281,3.5352,-0.8682,0.8198,1.0723
1635676846989,2.8066,-9.0156,3.5547,-0.8003,0.8809,1.1143
1635676846994,2.5391,-8.9219,3.5391,-0.7344,0.9370,1.1494
1635676847008,2.2598,-8.7656,3.3652,-0.6396,0.9956,1.1650
1635676847013,1.9414,-8.3438,3.2031,-0.5269,1.0527,1.1553
1635676847037,1.6064,-8.0156,3.0137,-0.4182,1.0996,1.1289
1635676847042,1.3379,-7.6133,2.8105,-0.3428,1.1348,1.0859
1635676847047,0.9888,-7.1172,2.5918,-0.3108,1.1533,1.0254
1635676847058,0.7251,-6.8594,2.3926,-0.2905,1.1543,0.9551
1635676847062,0.5435,-6.7305,2.2129,-0.2480,1.1436,0.8711
1635676847088,0.3733,-6.5117,2.1113,-0.1863,1.1211,0.7788
1635676847092,0.2512,-6.3008,1.9219,-0.1066,1.0986,0.6753
1635676847097,0.1173,-6.0469,1.6514,-0.0065,1.0781,0.5679
1635676847108,-0.1029,-5.6602,1.4980,0.1274,1.0547,0.4424
1635676847113,-0.3494,-5.3359,1.4141,0.3381,1.0225,0.2944
1635676847138,-0.4573,-5.1016,1.2920,0.6157,0.9766,0.1285
1635676847143,-0.5264,-4.6758,1.1035,0.9277,0.9146,-0.0587
1635676847147,-0.5503,-4.2773,1.0195,1.2354,0.8359,-0.2734
1635676847158,-0.5146,-3.9980,1.0166,1.5117,0.7305,-0.5088
1635676847163,-0.3469,-4.3320,1.2158,1.7764,0.5957,-0.7715
1635676847189,0.1125,-5.8164,1.3164,2.1230,0.4382,-1.0625
1635676847193,0.9336,-8.9844,1.3096,2.8320,0.2434,-1.3799
1635676847198,2.0488,-12.6563,1.7617,3.9648,0.0285,-1.6660
1635676847209,3.0449,-14.7031,2.1953,5.2227,-0.1907,-1.8457
1635676847226,3.9668,-14.4219,2.2754,6.0977,-0.3982,-1.8516
1635676847232,4.6797,-11.5781,1.4336,6.1133,-0.5640,-1.6016
1635676847237,5.6680,-7.1133,1.0576,5.1797,-0.6108,-1.1768
1635676847250,6.5859,-5.0938,2.6133,3.7129,-0.5127,-0.6299
1635676847256,6.6719,-8.0703,5.0078,2.1836,-0.3523,-0.0417
1635676847279,5.9492,-11.9688,6.3828,0.7744,-0.2778,0.4988
1635676847284,4.8203,-13.3047,6.2383,-0.1980,-0.3013,0.8320
1635676847289,3.5332,-12.8203,5.1328,-0.5586,-0.3481,0.9785
1635676847299,2.4414,-11.2578,4.0430,-0.4958,-0.3853,1.0576
1635676847304,1.6729,-9.5313,3.3457,-0.3438,-0.4258,1.1045
1635676847330,1.3018,-8.1328,3.0430,-0.2800,-0.4971,1.1084
1635676847334,0.9980,-7.1523,2.8945,-0.3267,-0.6011,1.0908
1635676847339,0.6938,-6.5859,2.9004,-0.5488,-0.8428,1.0430
1635676847350,0.2155,-5.9453,3.4609,-0.6245,-0.9727,1.0098
1635676847355,0.0862,-5.5391,3.6406,-0.6685,-1.1016,0.9531
1635676847380,-0.0909,-5.0195,3.8965,-0.6641,-1.2285,0.8755
1635676847385,-0.1245,-4.6250,4.3203,-0.5938,-1.3506,0.7861
1635676847405,0.0551,-4.4766,4.5313,-0.4895,-1.4570,0.6763
1635676847411,0.1747,-4.3398,4.5313,-0.3896,-1.5371,0.5542
1635676847415,0.2489,-4.4180,4.5625,-0.3032,-1.5986,0.4297
1635676847420,0.5435,-4.5781,4.6719,-0.2810,-1.6416,0.2944
1635676847431,0.8379,-4.7266,4.5000,-0.3066,-1.6533,0.1371
1635676847435,0.9478,-4.9453,4.1484,-0.3501,-1.6377,-0.0097
1635676847463,0.9648,-5.0898,4.0000,-0.3682,-1.6084,-0.1544
1635676847468,1.0938,-5.2813,4.3203,-0.3406,-1.5762,-0.3108
1635676847475,1.3857,-5.3477,4.7930,-0.3181,-1.5273,-0.4746
1635676847481,1.7852,-5.7813,5.4609,-0.3032,-1.4443,-0.6191
1635676847486,2.3184,-6.5352,5.9688,-0.2715,-1.3428,-0.7451
1635676847511,2.6738,-7.0156,6.1328,-0.2183,-1.2461,-0.8599
1635676847516,3.0430,-7.5195,6.2656,-0.1321,-1.1416,-0.9536
1635676847520,3.4805,-7.9648,6.2969,-0.0544,-1.0332,-1.0107
1635676847531,3.9512,-8.1797,6.2109,0.0264,-0.9282,-1.0371
1635676847536,4.3594,-8.3828,6.0820,0.0956,-0.8237,-1.0234
1635676847562,4.6484,-8.7422,5.8672,0.1499,-0.7290,-0.9717
1635676847566,4.7969,-8.7969,5.6250,0.1488,-0.6514,-0.8887
1635676847586,4.8672,-8.6172,5.4297,0.0956,-0.5947,-0.7979
1635676847592,4.9766,-8.6172,5.3867,0.0158,-0.5522,-0.7217
1635676847596,5.0469,-8.5391,5.4023,-0.1289,-0.5225,-0.6597
1635676847601,5.1367,-8.5469,5.2891,-0.2725,-0.5117,-0.6235
1635676847612,5.2188,-8.4063,5.1250,-0.4214,-0.4993,-0.6011
1635676847617,5.2305,-8.2578,4.9414,-0.5342,-0.4832,-0.5767
1635676847642,5.3555,-8.2188,4.9414,-0.5786,-0.4641,-0.5630
1635676847647,5.4102,-7.8711,4.7031,-0.5669,-0.4312,-0.5352
1635676847651,5.4453,-7.7539,4.5898,-0.4214,-0.3735,-0.4832
1635676847662,5.5820,-8.0391,4.7656,-0.1768,-0.2939,-0.4014
1635676847667,5.6133,-8.2656,4.9180,0.0807,-0.2290,-0.3235
1635676847693,5.5508,-8.1406,5.0117,0.2690,-0.1821,-0.2566
1635676847697,5.4844,-7.9297,4.9609,0.3840,-0.1544,-0.2065
1635676847702,5.5039,-7.6719,4.8594,0.4338,-0.1395,-0.1853
1635676847713,5.3516,-7.2930,4.7148,0.4319,-0.1417,-0.1853
1635676847717,5.2305,-6.8750,4.6875,0.3774,-0.1577,-0.1874
1635676847743,5.2461,-6.5664,4.7188,0.2988,-0.1683,-0.1853
1635676847748,5.2734,-6.6445,4.7227,0.2881,-0.1577,-0.1906
1635676847752,5.3594,-6.8359,4.7422,0.3892,-0.1354,-0.1970
1635676847763,5.4180,-7.0547,4.7070,0.5713,-0.1172,-0.2065
1635676847774,5.5156,-6.9141,4.6484,0.7646,-0.1045,-0.2183
1635676847784,5.6250,-6.5977,4.6016,0.9243,-0.0843,-0.2354
1635676847789,5.6641,-6.3203,4.6797,1.0059,-0.0587,-0.2385
1635676847814,5.7813,-6.0313,4.7852,0.9434,-0.0364,-0.2087
1635676847819,5.8633,-6.2148,4.9922,0.8457,-0.0226,-0.1650
1635676847823,5.8945,-6.4766,5.3125,0.7754,-0.0151,-0.1267
1635676847834,6.1094,-6.4258,5.4961,0.7275,-0.0151,-0.0810
1635676847838,6.8555,-5.1094,5.7422,0.5400,0.0306,0.0062
1635676847864,6.2734,-7.2148,6.0625,-0.0076,0.0445,0.1445
1635676847869,5.9609,-8.8906,4.9844,-0.1140,-0.0013,0.0913
1635676847873,6.3086,-7.1563,4.8711,0.2052,-0.0066,0.1136
1635676847884,5.8789,-6.5352,4.9570,0.1520,0.0136,0.1232
1635676847889,5.7500,-6.3672,5.2031,-0.0023,0.0530,0.0988
1635676847915,5.6055,-6.1016,5.4375,-0.1342,0.0870,0.1179
1635676847919,5.5625,-5.9688,5.4531,-0.2651,0.1104,0.1232
1635676847924,5.5859,-6.1875,5.2383,-0.4448,0.1136,0.1254
1635676847935,5.5508,-6.0352,4.9961,-0.5684,0.0998,0.1052
1635676847939,5.5547,-5.7969,4.8203,-0.6118,0.0849,0.0924
1635676847971,5.5430,-6.1953,4.3164,-0.8057,0.0551,0.0775
1635676847976,5.5430,-6.1953,4.3164,-0.8247,0.0849,0.0594
1635676847982,5.7031,-7.3789,4.3984,-0.7031,0.1136,0.0264
1635676847988,5.6836,-7.0781,4.5469,-0.5884,0.1434,0.0137
1635676847994,5.5273,-6.5039,4.7891,-0.5386,0.1647,0.0264
1635676848006,5.5352,-6.9570,4.9219,-0.6235,0.1913,0.0860
1635676848012,5.4922,-7.4883,4.8164,-0.7065,0.2008,0.1126
1635676848026,5.5391,-7.3906,4.7539,-0.7290,0.1967,0.1169
1635676848030,5.6992,-7.6680,4.8281,-0.7695,0.2051,0.1317
1635676848056,5.7500,-7.6875,4.6758,-0.8003,0.2083,0.1552
1635676848060,5.6563,-7.6563,4.5820,-0.8096,0.2200,0.1903
1635676848065,5.5508,-7.7227,4.4805,-0.8213,0.2339,0.2328
1635676848076,5.4297,-7.8828,4.4258,-0.8691,0.2507,0.2795
1635676848080,5.2734,-8.0938,4.5117,-0.8916,0.2710,0.3147
1635676848106,5.1406,-8.0234,4.5430,-0.8887,0.2817,0.3457
1635676848111,4.9766,-7.9336,4.5000,-0.8926,0.2954,0.3860
1635676848115,4.7695,-8.0859,4.4844,-0.8535,0.3210,0.4297
1635676848126,4.6680,-8.3359,4.5391,-0.7695,0.3486,0.4595
1635676848131,4.5703,-8.2031,4.5039,-0.6982,0.3701,0.4775
1635676848156,4.4922,-7.9766,4.3945,-0.6685,0.3892,0.4883
1635676848161,4.5078,-8.0156,4.2617,-0.7002,0.4104,0.5010
1635676848165,4.4609,-8.1563,4.1250,-0.7759,0.4348,0.5137
1635676848177,4.4258,-8.2422,4.1172,-0.8862,0.4604,0.5264
1635676848181,4.3906,-8.6016,4.2031,-0.9575,0.4946,0.5435
1635676848207,4.1172,-8.4766,4.1289,-0.9482,0.5254,0.5596
1635676848211,3.7480,-8.4766,4.0391,-0.9033,0.5605,0.5850
1635676848216,3.6172,-8.6406,3.9199,-0.8418,0.5942,0.5977
1635676848227,3.6074,-8.5234,3.8418,-0.8110,0.6240,0.6094
1635676848231,3.4434,-8.3828,3.7988,-0.8276,0.6553,0.6265
1635676848257,3.2383,-8.4063,3.6641,-0.8608,0.6816,0.6475
1635676848262,3.1426,-8.5938,3.5488,-0.9160,0.6997,0.6636
1635676848266,2.9727,-8.4922,3.4434,-0.9619,0.7095,0.6646
1635676848277,2.7422,-8.2969,3.2578,-0.9590,0.7139,0.6670
1635676848282,2.6738,-8.3359,3.0996,-0.9204,0.7241,0.6646
1635676848308,2.6367,-8.3828,3.0762,-0.8618,0.7319,0.6509
1635676848321,2.5723,-8.4063,3.0508,-0.7842,0.7422,0.6382
1635676848326,2.6465,-8.5469,2.9727,-0.7642,0.7646,0.6411
1635676848332,2.6113,-8.5938,2.9707,-0.8447,0.7881,0.6489
1635676848337,2.5723,-8.7109,2.9434,-0.9536,0.8125,0.6670
1635676848349,2.4434,-8.7656,2.8223,-1.0430,0.8315,0.6904
1635676848355,2.1816,-8.8516,2.7852,-1.0322,0.8486,0.7202
1635676848386,2.1387,-9.0547,2.5605,-0.9258,0.8657,0.7422
1635676848390,2.0723,-9.0313,2.2930,-0.7930,0.8799,0.7583
1635676848395,1.9053,-8.7891,2.3340,-0.6616,0.9009,0.7646
1635676848401,1.7734,-8.7266,2.3359,-0.5415,0.9277,0.7710
1635676848405,1.7354,-8.8516,2.2949,-0.4353,0.9585,0.7744
1635676848419,1.5723,-8.7031,2.3672,-0.3342,0.9873,0.7734
1635676848423,1.4746,-8.5938,2.5156,-0.2566,1.0039,0.7637
1635676848449,1.3975,-8.3906,2.5234,-0.2054,1.0146,0.7490
1635676848456,1.3906,-8.3125,2.3574,-0.1544,1.0371,0.7437
1635676848477,1.4072,-8.5156,2.2559,-0.1299,1.0742,0.7383
1635676848483,1.2061,-8.2891,2.2930,-0.1299,1.1113,0.7168
1635676848490,0.9766,-7.9531,2.3125,-0.1236,1.1406,0.6870
1635676848495,0.7539,-7.6641,2.1953,-0.1256,1.1533,0.6489
1635676848502,0.5576,-7.3945,1.9316,-0.1342,1.1445,0.5977
1635676848507,0.4189,-7.1797,1.6973,-0.1256,1.1250,0.5361
1635676848520,0.2130,-6.8516,1.5342,-0.0651,1.0967,0.4563
1635676848525,0.0096,-6.4258,1.5459,0.0637,1.0547,0.3606
1635676848550,-0.1532,-6.1797,1.6465,0.2690,1.0020,0.2488
1635676848554,-0.2776,-5.9023,1.6973,0.5381,0.9404,0.1147
1635676848559,-0.3279,-5.5430,1.6465,0.8340,0.8721,-0.0427
1635676848570,-0.3589,-4.7305,1.3926,1.3896,0.7358,-0.4045
1635676848574,-0.3589,-4.7305,1.3926,1.3896,0.7358,-0.4045
1635676848600,-0.2274,-4.3594,1.4434,1.8408,0.5591,-0.8247
1635676848605,0.0359,-4.7969,1.8721,2.0508,0.4316,-1.0781
1635676848609,0.5718,-6.2969,2.7852,2.3398,0.2593,-1.3799
1635676848620,1.3330,-8.6563,3.7539,2.7617,0.0359,-1.6777
1635676848625,2.1953,-10.8750,4.2695,3.2773,-0.1981,-1.9355
1635676848650,2.7949,-12.0938,4.4336,3.7734,-0.3970,-2.1035
1635676848655,3.4141,-12.8594,4.3867,4.1094,-0.5361,-2.1230
1635676848667,4.3828,-12.2969,3.5313,4.0938,-0.6108,-1.9912
1635676848672,5.4844,-8.6719,1.5801,3.5762,-0.6162,-1.7510
1635676848677,6.7539,-5.8867,1.8936,2.8711,-0.4768,-1.3643
1635676848701,7.4023,-6.9492,3.8848,2.0957,-0.2502,-0.8193
1635676848705,7.1289,-10.0234,5.6523,1.1318,-0.0843,-0.2544
1635676848710,6.2148,-12.5547,6.5547,0.1956,0.0147,0.1520
1635676848721,5.1523,-13.1328,6.4219,-0.3811,0.0828,0.3147
1635676848726,4.0859,-12.5547,5.7188,-0.4512,0.1487,0.3711
1635676848751,3.1816,-11.4063,5.0156,-0.2236,0.2115,0.4307
1635676848756,2.5898,-10.0547,4.5508,0.0328,0.2317,0.4915
1635676848760,2.2227,-9.0859,4.2227,0.1892,0.2041,0.5498
1635676848771,1.9551,-8.5859,3.8848,0.1989,0.1423,0.6177
1635676848776,1.6279,-8.1797,3.6211,0.0722,0.0636,0.6870
1635676848802,1.2969,-7.7773,3.4219,-0.1193,-0.0385,0.7573
1635676848814,1.1006,-7.2930,3.3770,-0.3726,-0.1577,0.8384
1635676848819,1.0430,-7.0039,3.5098,-0.5981,-0.2737,0.9189
1635676848824,0.7803,-7.1289,3.8418,-0.7065,-0.4045,0.9956
1635676848829,0.4404,-7.2148,3.9941,-0.7192,-0.5610,1.0527
1635676848842,0.2274,-7.1758,4.0313,-0.6436,-0.7173,1.0732
1635676848847,0.1125,-7.0703,3.8867,-0.5342,-0.8706,1.0605
1635676848872,0.0287,-6.9141,3.5469,-0.4480,-1.0244,1.0342
1635676848880,-0.0072,-6.6836,3.5879,-0.3875,-1.1895,0.9839
1635676848885,0.1819,-6.3203,4.2969,-0.3118,-1.3438,0.9072
1635676848893,0.4116,-5.8789,4.7695,-0.2203,-1.4414,0.8286
1635676848897,0.3613,-5.6133,4.8711,-0.0693,-1.4814,0.7466
1635676848926,0.2083,-5.3984,4.7305,0.0934,-1.4844,0.6763
1635676848931,0.1268,-5.1328,4.4570,0.2095,-1.4766,0.6060
1635676848945,0.1604,-4.9258,4.1367,0.2744,-1.4727,0.5073
1635676848951,0.2681,-5.0195,3.8027,0.3169,-1.4697,0.3882
1635676848959,0.4236,-5.3711,3.5156,0.3105,-1.4795,0.2393
1635676848972,0.7109,-5.6680,3.4160,0.2573,-1.5059,0.0562
1635676848979,0.9023,-5.5000,3.5313,0.2041,-1.5352,-0.1576
1635676848985,0.9551,-4.9023,4.2070,0.1711,-1.5488,-0.3672
1635676848990,1.0791,-4.2227,4.9648,0.1520,-1.5479,-0.5630
1635676849014,1.2871,-4.0625,5.2266,0.0999,-1.5361,-0.7163
1635676849028,1.7979,-4.8320,5.2422,0.0392,-1.5186,-0.8291
1635676849033,2.5391,-5.7578,5.1797,0.0062,-1.4756,-0.9385
1635676849039,3.2305,-6.4492,5.1445,0.0424,-1.4219,-1.0254
1635676849044,3.8594,-6.9023,5.3477,0.0754,-1.3438,-1.0693
1635676849054,4.3633,-7.3711,5.5195,0.0818,-1.2363,-1.0713
1635676849058,4.7227,-7.7617,5.4102,0.0456,-1.1104,-1.0576
1635676849084,4.7109,-7.8672,5.6250,-0.0193,-0.9810,-1.0166
1635676849089,4.7031,-7.8711,5.9141,-0.0863,-0.8599,-0.9756
1635676849093,4.9180,-8.2422,6.1484,-0.0970,-0.7437,-0.9512
1635676849104,5.2031,-8.9063,6.2617,0.0094,-0.6162,-0.9375
1635676849109,5.2734,-9.1328,6.1992,0.2073,-0.5000,-0.9194
1635676849134,5.2461,-8.6406,6.0703,0.4094,-0.4119,-0.8950
1635676849139,5.2852,-7.7383,5.9883,0.4851,-0.3374,-0.8525
1635676849144,5.3828,-7.0586,5.9883,0.3904,-0.2800,-0.7866
1635676849155,5.3633,-7.0625,5.8867,0.1594,-0.2396,-0.7046
1635676849159,5.3672,-7.6172,5.6250,-0.0853,-0.2194,-0.6289
1635676849185,5.4727,-8.2266,5.6602,-0.1097,-0.1949,-0.5479
1635676849189,5.4453,-8.2578,5.5703,-0.1097,-0.1949,-0.5479
1635676849194,5.3633,-7.8867,5.1992,0.3105,-0.1470,-0.4727
1635676849205,5.4570,-7.7227,5.1484,0.4478,-0.1385,-0.4480
1635676849210,5.5625,-7.4414,5.1445,0.4690,-0.1278,-0.4312
1635676849235,5.6445,-7.0352,5.1133,0.3872,-0.1162,-0.4097
1635676849240,6.1602,-5.9609,5.1523,0.1775,-0.0906,-0.3599
1635676849244,6.0781,-7.1953,6.0039,-0.1630,-0.0183,-0.1736
1635676849255,6.3984,-9.5469,5.8984,-0.2054,0.0604,-0.1639
1635676849260,6.6328,-8.8125,5.9414,0.1658,0.1412,-0.1172
1635676849285,6.1016,-6.9258,5.6875,0.3508,0.1477,-0.0204
1635676849290,6.2266,-7.5820,6.2344,0.3977,0.2157,0.0456
1635676849295,5.8477,-8.0391,6.1641,0.3391,0.2274,0.1201
1635676849327,5.3281,-6.6484,5.6133,0.3689,0.1487,0.1594
1635676849331,5.0703,-6.0586,4.7578,0.3340,0.0700,0.2030
1635676849336,5.3594,-6.9063,4.7852,0.4563,0.0700,0.1605
1635676849340,5.2500,-6.7656,5.5586,0.7202,0.0828,0.1456
1635676849346,5.0625,-5.5742,5.9063,0.7266,0.0392,0.1987
1635676849351,5.2734,-5.4727,5.5664,0.4126,-0.0109,0.2115
1635676849376,5.2930,-6.1914,5.6641,0.2179,-0.0141,0.2136
1635676849381,5.2969,-6.5703,5.2422,0.1680,-0.0321,0.2009
1635676849385,5.1680,-6.2773,5.0430,0.2361,-0.0449,0.1594
1635676849396,5.0781,-5.3789,5.1211,0.2542,-0.0162,0.1509
1635676849407,5.1016,-6.1055,5.4180,0.1073,0.0392,0.1531
1635676849417,4.8125,-6.2852,5.3711,-0.0065,0.0402,0.1179
1635676849422,4.8594,-5.8789,5.1914,-0.0480,0.0423,0.0934
1635676849447,4.9258,-6.1523,5.4219,-0.0884,0.0785,0.0850
1635676849452,4.9609,-6.3125,5.5898,-0.1874,0.1019,0.0999
1635676849475,5.0469,-6.7070,5.3945,-0.3438,0.1136,0.0945
1635676849481,4.9688,-6.9023,5.0234,-0.4331,0.1061,0.0594
1635676849488,5.0703,-6.3477,4.6836,-0.4119,0.0955,0.0232
1635676849493,5.0508,-6.1367,4.6055,-0.4258,0.1041,0.0339
1635676849500,5.0391,-6.6016,4.6992,-0.4907,0.1327,0.0573
1635676849505,4.9258,-7.0742,4.9453,-0.5342,0.1636,0.0732
1635676849518,4.8281,-7.1523,5.0508,-0.5151,0.1827,0.0573
1635676849522,4.8008,-6.8086,4.9727,-0.5034,0.1807,0.0456
1635676849547,4.9180,-6.8945,4.9336,-0.5596,0.1785,0.0435
1635676849552,5.0703,-7.3672,4.9883,-0.6001,0.1764,0.0551
1635676849568,5.1367,-7.7070,5.0586,-0.5459,0.1689,0.0764
1635676849574,5.2266,-7.8086,4.9844,-0.4407,0.1658,0.1094
1635676849578,5.2188,-7.8477,4.9102,-0.3586,0.1667,0.1541
1635676849588,5.1328,-7.6563,4.8047,-0.3140,0.1753,0.2030
1635676849592,5.0273,-7.6289,4.7773,-0.3203,0.1870,0.2542
1635676849618,4.9258,-7.6875,4.8047,-0.3767,0.1956,0.2998
1635676849622,4.7656,-7.6563,4.8828,-0.4236,0.2051,0.3350
1635676849627,4.6484,-7.5977,4.9805,-0.4268,0.2083,0.3584
1635676849638,4.6094,-7.5703,5.0664,-0.3992,0.2104,0.3806
1635676849643,4.6250,-7.5859,5.0273,-0.3650,0.2168,0.4021
1635676849668,4.6602,-7.5391,4.9766,-0.3586,0.2200,0.4211
1635676849673,4.6992,-7.5859,5.0273,-0.3853,0.2285,0.4436
1635676849677,4.6211,-7.6133,5.0625,-0.4194,0.2371,0.4648
1635676849688,4.5742,-7.5938,5.0234,-0.4727,0.2434,0.4883
1635676849693,4.4688,-7.5977,4.8906,-0.5322,0.2561,0.5000
1635676849719,4.2695,-7.5156,4.7969,-0.5723,0.2786,0.5093
1635676849723,4.0000,-7.5313,4.8047,-0.5972,0.3062,0.5210
1635676849728,3.8223,-7.8047,4.9180,-0.5811,0.3318,0.5254
1635676849739,3.8652,-7.8672,4.8867,-0.5225,0.3455,0.5166
1635676849743,3.7852,-7.6836,4.7773,-0.4790,0.3616,0.5229
1635676849769,3.7598,-7.7891,4.8047,-0.4758,0.3806,0.5479
1635676849774,3.7051,-7.9531,4.8086,-0.4980,0.3955,0.5723
1635676849778,3.7051,-7.9453,4.8398,-0.5142,0.4050,0.5840
1635676849789,3.5762,-8.0859,4.7969,-0.5332,0.4211,0.6011
1635676849794,3.3633,-7.9531,4.7148,-0.5649,0.4360,0.6084
1635676849820,3.1660,-7.8711,4.6484,-0.6138,0.4497,0.6104
1635676849824,3.0898,-8.1328,4.5977,-0.6479,0.4636,0.6050
1635676849829,3.0352,-7.9922,4.6602,-0.6919,0.5220,0.6030
1635676849841,2.9512,-8.3281,4.7930,-0.7065,0.5742,0.6230
1635676849846,2.8379,-8.4922,4.7422,-0.7217,0.6221,0.6309
1635676849881,2.7188,-8.3906,4.6289,-0.7202,0.6724,0.6362
1635676849887,2.6992,-8.5938,4.6055,-0.7266,0.7295,0.6475
1635676849897,2.6211,-8.5234,4.5977,-0.7661,0.7827,0.6606
1635676849904,2.4258,-8.2734,4.6563,-0.8140,0.8232,0.6724
1635676849913,2.3672,-8.6250,4.7383,-0.8745,0.8521,0.6914
1635676849919,2.2617,-8.6016,4.6289,-0.9106,0.8667,0.6943
1635676849926,2.0957,-8.3359,4.4492,-0.8662,0.8892,0.7061
1635676849944,2.0254,-8.2891,4.2305,-0.8047,0.9287,0.7256
1635676849957,2.0098,-8.3750,4.1719,-0.7334,0.9849,0.7456
1635676849997,1.9844,-8.3984,4.2969,-0.6504,1.0508,0.7583
1635676850006,1.7373,-8.1250,4.4063,-0.5415,1.1240,0.7529
1635676850012,1.5010,-7.9688,4.3594,-0.4001,1.1963,0.7393
1635676850018,1.2783,-7.6914,4.1172,-0.2756,1.2568,0.7051
1635676850023,1.0986,-7.3359,3.8652,-0.2076,1.2988,0.6465
1635676850028,0.8999,-6.9766,3.5664,-0.2086,1.3223,0.5752
1635676850033,0.7422,-6.6563,3.3105,-0.2585,1.3223,0.5000
1635676850048,0.6680,-6.5742,3.0469,-0.3396,1.2988,0.4243
1635676850053,0.5337,-6.4648,2.8789,-0.3992,1.2559,0.3423
1635676850059,0.3613,-6.2461,2.6895,-0.3862,1.1963,0.2605
1635676850067,0.1340,-6.1563,2.3867,-0.2969,1.1250,0.1721
1635676850071,-0.0598,-5.9609,2.1172,-0.1055,1.0430,0.0605
1635676850077,-0.2202,-5.6172,1.9297,0.1626,0.9604,-0.0704
1635676850083,-0.2969,-5.2539,1.8506,0.4360,0.8682,-0.2214
1635676850088,-0.3518,-4.8672,1.8291,0.7192,0.7593,-0.3938
1635676850114,-0.3494,-4.6563,1.8311,1.0010,0.6421,-0.5737
1635676850120,-0.2441,-4.8086,1.8242,1.3154,0.5166,-0.7681
1635676850126,0.1053,-5.7148,2.0723,1.6787,0.3711,-0.9824
1635676850133,0.6772,-7.0195,2.5996,1.9590,0.1987,-1.2080
1635676850140,1.3262,-8.5000,3.3203,2.1992,-0.0034,-1.4600
1635676850158,2.0840,-9.8047,3.9922,2.4063,-0.2119,-1.6826
1635676850163,2.8535,-10.4375,4.3164,2.5098,-0.3884,-1.8125
1635676850176,3.4746,-10.5703,4.1172,2.4922,-0.5205,-1.8027
1635676850181,4.0039,-8.9688,2.5879,2.1563,-0.5918,-1.6279
1635676850193,4.9727,-6.6211,1.2832,1.5693,-0.5161,-1.3203
1635676850198,5.8555,-7.9844,1.6660,1.1289,-0.3225,-0.9409
1635676850223,6.2461,-10.8516,2.5664,0.6934,-0.1694,-0.5352
1635676850228,6.1094,-13.4063,3.9453,0.3774,-0.0704,-0.1768
1635676850233,5.4297,-13.7578,4.7305,0.1063,-0.0215,0.0711
1635676850243,4.3203,-12.7031,4.8320,0.0541,0.0104,0.2244
1635676850248,3.2188,-11.2109,4.5313,0.1116,0.0274,0.3711
1635676850276,2.3926,-9.8516,4.1016,0.1583,0.0125,0.4934
1635676850284,1.8311,-8.9688,3.7266,0.1403,-0.0300,0.5913
1635676850290,1.4746,-8.4688,3.4316,0.0424,-0.1088,0.6436
1635676850297,1.3525,-8.2422,3.4160,-0.1151,-0.2194,0.6709
1635676850302,1.3613,-8.1641,3.6719,-0.2715,-0.3418,0.6987
1635676850313,1.2705,-7.8750,3.8438,-0.3757,-0.4578,0.7202
1635676850319,0.9312,-7.5508,3.9668,-0.3577,-0.5659,0.7446
1635676850344,0.6270,-7.3008,3.9883,-0.2629,-0.6694,0.7734
1635676850350,0.4692,-7.0273,4.0273,-0.1416,-0.7695,0.7808
1635676850355,0.3447,-6.8359,3.9668,-0.0395,-0.8750,0.7593
1635676850365,0.3110,-6.6602,3.8516,0.0222,-0.9907,0.7310
1635676850375,0.2751,-6.3125,3.8672,0.0286,-1.1064,0.6870
1635676850384,0.2155,-5.8359,3.9512,0.0169,-1.2188,0.6060
1635676850389,0.1364,-5.3398,4.0781,0.0094,-1.3193,0.5117
1635676850415,0.1364,-5.1250,4.0508,0.0318,-1.4063,0.4126
1635676850425,0.2274,-5.1992,3.9180,0.0775,-1.4902,0.3020
1635676850430,0.4573,-5.4102,3.8555,0.1583,-1.5791,0.1754
1635676850437,0.8643,-5.6758,4.2070,0.2764,-1.6621,0.0467
1635676850442,1.3545,-5.9883,4.7773,0.4446,-1.7021,-0.0906
1635676850455,1.6943,-6.0547,5.0430,0.6382,-1.6982,-0.2300
1635676850459,1.7666,-5.4961,4.7539,0.8477,-1.6504,-0.3469
1635676850491,1.9053,-4.6484,4.4844,1.0820,-1.5127,-0.5142
1635676850495,2.2344,-4.5820,4.6914,0.9712,-1.4736,-0.6206
1635676850501,2.7188,-4.8633,5.1875,0.7021,-1.4365,-0.7578
1635676850506,3.2422,-5.2617,6.1445,0.3584,-1.3965,-0.8994
1635676850511,3.8516,-6.1133,6.9453,0.1328,-1.3301,-1.0156
1635676850535,4.5234,-7.0547,7.3320,0.0860,-1.2334,-1.0977
1635676850539,5.0000,-7.9180,7.5313,0.2627,-1.1260,-1.1436
1635676850543,5.3828,-8.4844,7.4805,0.4988,-1.0068,-1.1367
1635676850555,5.5781,-8.5781,7.1211,0.6841,-0.8970,-1.1064
1635676850559,5.8320,-8.1953,6.4180,0.7319,-0.8130,-1.0547
1635676850584,6.2422,-7.7461,6.1094,0.6660,-0.7012,-0.9727
1635676850588,6.7266,-8.2422,6.5781,0.5605,-0.5737,-0.8491
1635676850589,7.1719,-8.4219,6.9766,0.3286,-0.4600,-0.7148
1635676850615,7.1055,-8.2578,7.0625,0.0934,-0.3545,-0.6099
1635676850616,6.6836,-8.2578,6.9531,-0.0597,-0.2639,-0.5024
1635676850617,6.3320,-8.4297,6.7578,-0.0810,-0.1896,-0.4077
1635676850647,6.2070,-8.5703,6.5781,0.0009,-0.1321,-0.3267
1635676850649,6.2227,-8.8359,6.4453,0.1222,-0.0928,-0.2683
1635676850651,6.0664,-8.5547,6.1758,0.2084,-0.0651,-0.2194
1635676850677,5.6484,-7.8516,6.0039,0.3179,-0.0460,-0.1842
1635676850679,5.3320,-7.1641,5.8438,0.3967,-0.0343,-0.1490
1635676850681,5.0000,-6.4102,5.6836,0.3711,-0.0374,-0.1129
1635676850707,4.6445,-5.9844,5.5078,0.2957,-0.0566,-0.0821
1635676850709,4.3984,-5.8008,5.1914,0.2190,-0.0832,-0.0565
1635676850711,4.2539,-5.5430,4.9844,0.1669,-0.1002,-0.0438
1635676850738,4.0508,-5.4414,5.1953,0.1531,-0.1130,-0.0342
1635676850740,4.1797,-5.5273,5.4180,0.1615,-0.1237,-0.0214
1635676850741,4.5508,-5.8125,5.5547,0.1967,-0.0768,0.0030
1635676850768,4.4375,-6.0898,5.6211,0.2573,-0.0055,0.0403
1635676850770,4.1602,-6.2773,5.6055,0.3254,0.0540,0.0679
1635676850771,4.0430,-6.2617,5.5820,0.3318,0.1083,0.0711
1635676850798,3.8984,-6.2891,5.6016,0.3010,0.1593,0.0498
1635676850800,3.7285,-6.3945,5.5703,0.2488,0.1967,0.0137
1635676850802,3.6309,-6.4063,5.3984,0.1860,0.2253,-0.0342
1635676850832,3.5566,-6.3828,5.1953,0.1265,0.2391,-0.0874
1635676850834,3.5273,-6.4414,5.0898,0.0818,0.2402,-0.1395
1635676850835,3.5801,-6.4727,5.1211,0.0414,0.2382,-0.1831
1635676850858,3.6484,-6.4102,5.1992,-0.0087,0.2296,-0.2087
1635676850860,3.7031,-6.3750,5.2852,-0.0533,0.2200,-0.2183
1635676850861,3.7852,-6.4414,5.2148,-0.1108,0.2094,-0.2140
1635676850889,3.9102,-6.5234,5.0820,-0.1906,0.1902,-0.2034
1635676850893,4.0469,-6.6914,5.1680,-0.2598,0.1710,-0.1821
1635676850895,4.2070,-6.8281,5.2695,-0.2683,0.1530,-0.1682
1635676850919,4.2656,-7.0156,5.3672,-0.1842,0.1360,-0.1481
1635676850921,4.2617,-7.0039,5.6016,-0.0385,0.1200,-0.1215
1635676850923,4.2578,-6.9453,5.6875,0.1243,0.1019,-0.1087
1635676850948,4.2695,-6.9023,5.7031,0.2583,0.0796,-0.0970
1635676850949,4.4180,-6.9531,5.6328,0.3540,0.0562,-0.0980
1635676850950,4.5234,-6.7813,5.3867,0.3701,0.0327,-0.1044
1635676850978,4.5547,-6.4609,5.1641,0.3210,0.0094,-0.1087
1635676850979,4.5586,-6.2500,5.0938,0.2296,-0.0066,-0.1055
1635676850980,4.5820,-6.1992,5.2344,0.1285,-0.0204,-0.1013
1635676851008,4.5703,-6.2930,5.3867,0.0541,-0.0311,-0.0938
1635676851012,4.5000,-6.3984,5.4883,0.0403,-0.0417,-0.0917
1635676851014,4.4805,-6.3945,5.4375,0.0871,-0.0492,-0.0970
1635676851040,4.4766,-6.2773,5.3672,0.1466,-0.0545,-0.0980
1635676851042,4.6094,-6.0391,5.3125,0.1797,-0.0587,-0.1044
1635676851044,4.7305,-5.9922,5.3086,0.2030,-0.0577,-0.1108
1635676851070,4.7070,-6.0469,5.3438,0.2361,-0.0492,-0.1097
1635676851071,4.7305,-6.0430,5.3281,0.2754,-0.0439,-0.1119
1635676851073,4.7422,-6.0625,5.3906,0.3062,-0.0460,-0.1299
1635676851100,4.8086,-6.0781,5.4961,0.3179,-0.0417,-0.1501
1635676851101,4.8164,-5.9727,5.5469,0.3083,-0.0439,-0.1619
1635676851103,4.8164,-5.7188,5.5938,0.2561,-0.0502,-0.1725
1635676851130,4.7617,-5.5625,5.5430,0.0328,-0.0492,-0.1714
1635676851132,5.0000,-5.3984,5.5039,-0.1023,-0.0396,-0.1779
1635676851134,5.3516,-5.9805,6.0313,-0.2927,0.0296,-0.1087
1635676851160,5.2617,-7.3242,6.3516,-0.4705,0.0892,-0.0598
1635676851162,4.9570,-7.0391,6.4297,-0.3564,0.1232,-0.1140
1635676851164,4.7227,-5.9375,6.3242,-0.2491,0.1179,-0.0938
1635676851190,4.8125,-5.9453,6.0273,-0.2725,0.1232,-0.0895
1635676851192,4.8516,-6.3594,5.8086,-0.3044,0.1477,-0.0821
1635676851194,4.7695,-6.2813,5.7266,-0.2937,0.1561,-0.0746
1635676851221,4.7188,-5.9648,5.6211,-0.3320,0.1541,-0.0864
1635676851222,4.6680,-5.7734,5.4727,-0.4172,0.1423,-0.1044
1635676851224,4.7148,-5.8008,5.4922,-0.4958,0.1243,-0.1151
1635676851251,4.8047,-5.9727,5.5195,-0.5649,0.1125,-0.1172
1635676851253,4.8242,-6.1367,5.5391,-0.5703,0.1094,-0.1225
1635676851254,4.7734,-6.3086,5.5859,-0.5024,0.1051,-0.1193
1635676851281,4.8359,-6.4688,5.5781,-0.4299,0.0902,-0.1119
1635676851283,4.6719,-6.2148,5.2500,-0.4353,0.0530,-0.1023
1635676851285,4.8672,-6.2773,5.1172,-0.4609,0.0317,-0.1236
1635676851311,5.1289,-6.6328,5.2070,-0.4810,0.0530,-0.1140
1635676851313,4.8672,-6.6328,5.1680,-0.4895,0.0498,-0.0768
1635676851315,4.7344,-6.3242,5.1445,-0.4651,0.0317,-0.0884
1635676851341,4.7109,-6.2148,5.1094,-0.4331,0.0221,-0.0810
1635676851343,4.5938,-6.1875,4.9570,-0.4055,0.0072,-0.0619
1635676851345,4.7539,-6.2930,4.8594,-0.3501,0.0040,-0.0502
1635676851372,4.8477,-6.6289,4.8086,-0.2438,0.0434,-0.0363
1635676851373,4.6797,-6.7188,4.7148,-0.1427,0.0540,-0.0236
1635676851375,4.6406,-6.4375,4.7344,-0.1066,0.0370,-0.0225
1635676851402,4.6641,-6.5156,4.8906,-0.1225,0.0253,-0.0055
1635676851404,4.6992,-6.5273,4.9922,-0.1630,0.0200,0.0009
1635676851405,4.7461,-6.3047,4.9141,-0.2023,0.0221,0.0062
1635676851432,4.7422,-6.1211,4.7305,-0.2703,0.0349,0.0211
1635676851435,4.7305,-6.4688,4.5547,-0.2756,0.0392,0.0424
1635676851437,4.7227,-6.8828,4.5508,-0.1948,0.0594,0.0456
1635676851461,4.6992,-6.6914,4.6250,-0.1129,0.0657,0.0349
1635676851462,4.6797,-6.4805,4.7227,-0.1246,0.0508,0.0296
1635676851464,4.7227,-6.5352,4.8281,-0.1863,0.0402,0.0115
1635676851491,4.8047,-6.7070,4.9063,-0.2268,0.0370,0.0030
1635676851492,4.8047,-6.8203,4.9375,-0.2406,0.0445,0.0030
1635676851494,4.8398,-6.7500,4.9023,-0.2500,0.0562,0.0041
1635676851523,4.8242,-6.8398,4.8945,-0.2332,0.0689,0.0030
1635676851525,4.7773,-6.8828,4.8516,-0.2236,0.0775,0.0052
1635676851527,4.6992,-6.6211,4.7539,-0.2534,0.0742,0.0147
1635676851553,4.7188,-6.2188,4.8320,-0.3853,0.0817,0.0445
1635676851555,4.7773,-6.0859,4.5859,-0.6436,0.0817,0.0892
1635676851556,4.8164,-6.9180,4.3477,-0.8555,0.0775,0.1466
1635676851583,4.6484,-8.5313,4.5430,-0.6958,0.1168,0.1403
1635676851585,4.5938,-8.7422,4.9570,-0.1768,0.1498,0.0850
1635676851587,4.6602,-7.2031,5.0586,0.1998,0.1423,0.0328
1635676851613,4.3906,-5.9648,4.8477,0.2073,0.1136,0.0275
1635676851615,4.3516,-6.5742,4.9375,0.0616,0.0955,0.0371
1635676851617,4.3594,-6.9102,4.8477,0.0105,0.0583,0.0062
1635676851643,4.5273,-6.4063,4.5977,-0.0204,-0.0066,-0.0044
1635676851645,4.4883,-6.4531,4.5156,-0.0693,-0.0258,-0.0097
1635676851647,4.5625,-6.9414,4.6836,-0.0108,-0.0268,-0.0087
1635676851674,4.7383,-6.8086,4.7617,0.0307,-0.0470,-0.0065
1635676851676,4.8438,-6.6719,4.7656,-0.0065,-0.0640,0.0009
1635676851677,5.0391,-7.1680,4.9102,-0.0374,-0.0481,0.0392
1635676851704,5.1016,-7.6797,5.1172,-0.0065,-0.0130,0.0690
1635676851706,4.9453,-7.4805,5.0742,0.0520,-0.0013,0.0721
1635676851707,4.8242,-6.9688,4.9727,0.0658,-0.0045,0.0786
1635676851734,4.8281,-6.8672,4.9883,0.0392,-0.0013,0.0913
1635676851736,4.8555,-6.9258,4.9961,0.0254,0.0115,0.1020
1635676851738,4.7852,-6.8945,5.0430,0.0073,0.0232,0.1158
1635676851764,4.7188,-7.0313,5.1328,-0.0321,0.0285,0.1212
1635676851766,4.8086,-7.0938,5.1563,-0.0778,0.0296,0.1179
1635676851768,4.9375,-6.9766,5.1211,-0.1182,0.0413,0.1265
1635676851795,5.0547,-7.1719,5.0938,-0.2034,0.0945,0.2126
1635676851796,4.9102,-7.5234,5.2734,-0.2268,0.1147,0.2520
1635676851798,4.8672,-7.5391,5.3711,-0.2469,0.1285,0.2754
1635676851825,4.8203,-7.5820,5.3906,-0.2512,0.1412,0.2935
1635676851827,4.8711,-7.8867,5.4219,-0.2417,0.1552,0.3191
1635676851828,5.0000,-8.1484,5.4297,-0.2257,0.1678,0.3413
1635676851855,5.0313,-8.1719,5.3281,-0.2054,0.1859,0.3723
1635676851857,5.0273,-8.0078,5.2305,-0.2065,0.2094,0.4233
1635676851858,4.9844,-8.0469,5.3867,-0.2522,0.2423,0.5029
1635676851885,4.9336,-8.4922,5.6523,-0.3235,0.2849,0.5879
1635676851887,4.9023,-8.6328,5.7383,-0.4109,0.3337,0.6582
1635676851889,4.9023,-8.8906,5.7461,-0.4587,0.3901,0.7275
