1635676887231,1.7373,0.5146,9.6172,-0.0757,0.0530,-0.0321
1635676887232,1.8164,0.5122,9.5625,-0.1204,0.0562,-0.0449
1635676887233,1.7715,0.2441,9.4297,-0.1555,0.0700,-0.0459
1635676887286,1.6563,0.3040,9.3125,-0.1555,0.0775,-0.0608
1635676887287,1.5801,0.2346,9.2734,-0.1342,0.0742,-0.0704
1635676887288,1.6631,0.2155,9.2500,-0.1193,0.0636,-0.0853
1635676887289,1.6279,0.2920,9.1484,-0.1129,0.0689,-0.0959
1635676887293,1.5010,0.3184,9.1406,-0.1119,0.0679,-0.1023
1635676887317,1.5459,0.2417,9.1719,-0.1278,0.0498,-0.1151
1635676887319,1.6924,0.2847,9.1172,-0.1619,0.0338,-0.1321
1635676887345,1.6064,0.3350,9.1250,-0.1959,0.0349,-0.1353
1635676887350,1.5537,0.2322,9.1875,-0.2278,0.0221,-0.1449
1635676887354,1.6465,-0.0000,9.1953,-0.2544,0.0051,-0.1587
1635676887364,1.7549,-0.0766,9.1563,-0.2661,-0.0023,-0.1704
1635676887368,1.7520,-0.0886,9.1484,-0.2683,-0.0002,-0.1842
1635676887374,1.7686,-0.1938,9.2188,-0.2747,-0.0055,-0.1970
1635676887381,1.9170,-0.3494,9.2500,-0.3000,-0.0098,-0.2097
1635676887385,2.0078,-0.3638,9.2656,-0.3342,-0.0013,-0.2225
1635676887411,1.9912,-0.3279,9.2578,-0.4385,0.0445,-0.2438
1635676887415,1.8721,-0.3613,9.1250,-0.5117,0.0594,-0.2585
1635676887419,2.0000,-0.4739,9.0938,-0.5928,0.0721,-0.2842
1635676887431,2.0840,-0.5791,9.1172,-0.6704,0.0945,-0.3140
1635676887435,2.1582,-0.7803,9.0781,-0.7354,0.1252,-0.3396
1635676887463,2.2031,-0.8569,8.9766,-0.7930,0.1678,-0.3694
1635676887467,2.1641,-0.7729,8.8359,-0.8525,0.2157,-0.4045
1635676887474,2.1055,-0.7012,8.6797,-0.9365,0.2539,-0.4429
1635676887481,2.1270,-0.6797,8.5000,-1.0469,0.2817,-0.4885
1635676887485,2.1211,-0.6655,8.3750,-1.1699,0.3062,-0.5352
1635676887512,2.2031,-0.5313,8.3750,-1.3027,0.3169,-0.5854
1635676887516,2.3301,-0.3518,8.4531,-1.4404,0.3318,-0.6416
1635676887522,2.3594,-0.3398,8.3906,-1.6143,0.3604,-0.6938
1635676887531,2.3477,-0.3303,8.0859,-1.8135,0.3828,-0.7778
1635676887536,2.3496,-0.3135,7.8047,-2.0313,0.3945,-0.8662
1635676887565,2.3711,-0.3901,7.5508,-2.2559,0.4104,-0.9492
1635676887571,2.4219,-0.6533,7.3633,-2.4629,0.4265,-1.0449
1635676887578,2.4727,-1.0264,7.3906,-2.6309,0.4519,-1.1348
1635676887584,2.5488,-1.3232,7.5625,-2.7461,0.4807,-1.2217
1635676887594,2.6055,-1.7188,7.6523,-2.7891,0.5200,-1.3105
1635676887602,2.6035,-2.2324,7.7422,-2.7930,0.5742,-1.4004
1635676887609,2.5488,-2.6250,7.7188,-2.7852,0.6230,-1.4941
1635676887632,2.4648,-2.8789,7.6211,-2.7617,0.6616,-1.5840
1635676887639,2.3457,-2.9902,7.4453,-2.7461,0.6904,-1.6777
1635676887643,2.2559,-3.0469,7.2383,-2.7734,0.6953,-1.7607
1635676887656,2.1992,-3.0293,7.1367,-2.8594,0.6953,-1.8447
1635676887664,2.0625,-2.9395,7.0508,-3.0117,0.6934,-1.9268
1635676887682,2.0059,-2.9551,6.9922,-3.2266,0.6787,-1.9814
1635676887691,1.9297,-3.0684,6.9063,-3.4980,0.6753,-2.0117
1635676887694,1.8672,-3.7676,7.0234,-3.7539,0.6582,-2.0352
1635676887708,2.0625,-4.7305,6.9023,-4.0117,0.6294,-2.0664
1635676887709,2.1250,-5.2344,6.6836,-4.2656,0.6421,-2.0898
1635676887734,1.9316,-5.6641,6.6523,-4.4492,0.6553,-2.0840
1635676887741,1.7588,-5.9961,6.3672,-4.5977,0.6421,-2.0781
1635676887745,1.6016,-5.9844,6.0586,-4.7383,0.6436,-2.0664
1635676887756,1.4023,-6.2656,5.9297,-4.8008,0.6489,-2.0410
1635676887759,1.3545,-6.8750,5.7227,-4.7891,0.6348,-2.0313
1635676887787,1.3789,-7.6992,5.8867,-4.7031,0.6050,-2.0273
1635676887791,1.7998,-9.0938,5.8906,-4.5273,0.5625,-2.0313
1635676887795,2.1602,-9.4297,5.6563,-4.3711,0.5708,-2.0313
1635676887805,1.9531,-8.9141,5.5391,-4.0156,0.6074,-2.0313
1635676887809,2.0176,-8.8828,5.7109,-3.5332,0.5986,-2.0078
1635676887837,2.3008,-8.9453,5.7891,-3.2754,0.5669,-1.9639
1635676887842,2.6230,-10.0703,5.3789,-3.0703,0.5244,-1.9150
1635676887846,2.8965,-11.4141,5.2109,-2.7266,0.4839,-1.8477
1635676887857,3.3145,-11.5547,4.9531,-2.3711,0.4497,-1.7783
1635676887861,3.3574,-11.0313,4.4414,-2.0820,0.4167,-1.6885
1635676887874,3.2676,-11.1953,4.1719,-1.8076,0.3860,-1.5664
1635676887878,3.4648,-11.3594,3.9238,-1.6592,0.3552,-1.4229
1635676887905,3.3867,-10.9219,3.6914,-1.6025,0.3179,-1.2871
1635676887910,3.1934,-10.6406,3.5020,-1.5771,0.2583,-1.1670
1635676887915,3.3047,-10.6719,3.2285,-1.6133,0.1881,-1.0508
1635676887924,3.4277,-10.6797,2.8535,-1.6426,0.1327,-0.9448
1635676887929,3.4805,-10.9219,2.6094,-1.6025,0.0796,-0.8535
1635676887954,3.7715,-11.2266,2.4785,-1.5000,0.0296,-0.7734
1635676887961,3.7988,-11.2500,2.2324,-1.2939,0.0030,-0.7065
1635676887963,3.6113,-10.7813,1.9102,-0.9971,-0.0226,-0.6255
1635676887984,3.4805,-10.2969,1.5840,-0.6650,-0.0406,-0.5322
1635676887988,3.5020,-10.1172,1.4219,-0.3140,-0.0470,-0.4480
1635676887992,3.5156,-9.8594,1.2871,0.0445,-0.0481,-0.3767
1635676888014,3.4063,-9.5234,1.2227,0.3638,-0.0651,-0.3066
1635676888018,3.5957,-9.6094,1.3447,0.6094,-0.0853,-0.2554
1635676888022,3.8945,-9.4766,1.5293,0.7061,-0.1098,-0.2119
1635676888053,4.0664,-9.0000,1.7783,0.7212,-0.1395,-0.1779
1635676888055,4.2930,-8.7500,1.7520,0.7212,-0.1672,-0.1565
1635676888056,4.5508,-8.3281,1.3926,0.8384,-0.2024,-0.1108
1635676888069,4.6328,-8.0313,1.4961,0.8628,-0.1981,-0.0853
1635676888071,4.6992,-7.9766,1.7373,0.8394,-0.2024,-0.0629
1635676888096,4.7734,-7.9766,2.0469,0.7925,-0.2119,-0.0502
1635676888097,5.0938,-7.9688,2.6094,0.7529,-0.2300,-0.0502
1635676888098,5.8555,-8.7500,3.3262,0.7871,-0.2471,-0.0629
1635676888126,6.4492,-9.3594,3.5977,0.8511,-0.2725,-0.0480
1635676888127,6.4141,-9.1406,3.6738,1.0303,-0.3022,-0.0087
1635676888128,6.4219,-8.7578,3.9141,1.3281,-0.3171,0.0073
1635676888157,6.4492,-8.1094,3.8027,1.5410,-0.3237,0.0264
1635676888159,6.2813,-6.8867,3.2051,1.5635,-0.3130,0.0690
1635676888160,6.0313,-6.2070,2.8906,1.5381,-0.2810,0.1062
1635676888187,5.9531,-6.1133,2.8750,1.5527,-0.2247,0.1445
1635676888189,5.8008,-5.9883,3.0703,1.5928,-0.1619,0.1871
1635676888191,5.8242,-6.2500,3.4277,1.6748,-0.1109,0.2126
1635676888218,5.9336,-6.5469,3.7031,1.7627,-0.0822,0.2222
1635676888220,5.7734,-6.5703,3.7578,1.8730,-0.0534,0.2041
1635676888222,5.4219,-6.1836,3.7148,1.9590,-0.0364,0.1689
1635676888246,5.1055,-5.7422,3.7266,1.9951,-0.0311,0.1328
1635676888248,4.8047,-5.3516,3.9102,1.9180,-0.0183,0.0871
1635676888249,4.4922,-5.2930,4.2031,1.7227,-0.0066,0.0424
1635676888276,4.2227,-5.3711,4.5742,1.3936,-0.0151,0.0105
1635676888278,3.9590,-5.3906,4.7891,0.9775,-0.0396,-0.0353
1635676888279,3.8320,-5.5781,4.7930,0.5562,-0.0577,-0.0895
1635676888308,3.8242,-5.9727,4.8477,0.1722,-0.0619,-0.1299
1635676888310,3.6875,-6.4570,4.8828,-0.0874,-0.0683,-0.1395
1635676888311,3.6016,-6.9023,4.8516,-0.2352,-0.0822,-0.1438
1635676888338,3.4688,-7.4141,4.7617,-0.2544,-0.0917,-0.1332
1635676888340,3.3535,-7.7930,4.6367,-0.1714,-0.1002,-0.1225
1635676888342,3.2949,-7.8945,4.4766,-0.0671,-0.1183,-0.1044
1635676888368,3.2461,-7.7891,4.3281,0.0020,-0.1385,-0.0853
1635676888370,3.2500,-7.7969,4.3203,0.0403,-0.1523,-0.0651
1635676888372,3.3203,-7.7539,4.4688,0.0616,-0.1661,-0.0300
1635676888398,3.4082,-7.6055,4.5898,0.0839,-0.1619,0.0083
1635676888400,3.5000,-7.4219,4.7031,0.1116,-0.1406,0.0520
1635676888402,3.6758,-7.1797,4.7656,0.1233,-0.1141,0.0892
1635676888429,3.6602,-7.0000,4.7656,0.0934,-0.0885,0.1116
1635676888430,3.6953,-6.7969,4.6875,0.0307,-0.0630,0.1136
1635676888432,3.8398,-6.5859,4.5703,-0.0374,-0.0470,0.0817
1635676888459,3.8828,-6.4258,4.4844,-0.0810,-0.0374,0.0222
1635676888461,3.9922,-6.3828,4.5313,-0.0416,-0.0289,-0.0385
1635676888462,4.2500,-6.5820,4.7656,0.0881,-0.0194,-0.1066
1635676888489,4.7539,-6.8125,5.1172,0.2201,-0.0258,-0.1661
1635676888491,5.2070,-6.7109,5.1055,0.3350,-0.0492,-0.2203
1635676888493,5.4258,-6.3164,4.8164,0.4233,-0.0704,-0.2332
1635676888519,5.4961,-5.9961,4.6523,0.4519,-0.0800,-0.2119
1635676888521,5.6641,-6.0117,4.5156,0.3882,-0.0885,-0.1704
1635676888523,5.8633,-5.7227,4.1758,0.2551,-0.1109,-0.1289
1635676888550,6.4141,-5.3320,5.1680,0.0403,-0.0949,-0.0576
1635676888552,5.7383,-7.7461,5.2227,-0.2257,-0.0534,0.0817
1635676888554,6.3242,-8.4297,4.9219,0.0030,-0.0587,0.0371
1635676888580,6.3711,-6.7969,5.2734,0.4924,0.0040,0.0658
1635676888582,5.8711,-6.9492,6.1133,0.7041,0.1030,0.1956
1635676888584,4.8672,-6.0352,5.3164,0.6689,0.0657,0.1849
1635676888610,4.9805,-5.3867,4.1953,0.5264,-0.0087,0.1838
1635676888612,4.9805,-6.5273,4.0859,0.4658,0.0072,0.2030
1635676888614,4.7070,-6.4609,4.4219,0.5581,0.0157,0.2030
1635676888640,4.7930,-5.6758,5.2305,0.6265,0.0221,0.1924
1635676888642,4.9609,-5.8477,5.8125,0.4785,0.0062,0.1935
1635676888644,5.2500,-6.5898,5.8789,0.2286,-0.0300,0.1892
1635676888670,5.5117,-7.2422,6.2891,0.0764,-0.0343,0.1775
1635676888672,5.6172,-7.2148,6.3555,-0.0108,-0.0460,0.1477
1635676888674,5.8750,-8.0156,6.4688,0.0243,-0.0172,0.1349
1635676888701,5.9297,-7.5625,6.3984,0.1020,0.0136,0.1265
1635676888703,5.9805,-7.4453,6.3086,0.2084,0.1221,0.2041
1635676888704,6.1602,-7.0625,6.5859,0.0690,0.1827,0.2839
1635676888731,6.2734,-8.2969,7.0117,-0.1448,0.2786,0.3723
1635676888735,6.5586,-9.1094,7.4805,-0.2257,0.3743,0.4180
1635676888736,6.7617,-8.9609,7.8086,-0.2842,0.4531,0.4668
1635676888760,6.8438,-9.1172,7.9102,-0.3608,0.5327,0.5508
1635676888761,6.8320,-9.2578,7.8047,-0.4587,0.6201,0.6787
1635676888762,6.9141,-9.7266,7.7656,-0.5396,0.7231,0.8252
1635676888790,6.7266,-9.7344,7.6602,-0.6099,0.8369,0.9819
1635676888791,6.3594,-9.4688,7.5078,-0.6235,0.9668,1.1426
1635676888792,6.0469,-9.2656,7.4375,-0.6396,1.1084,1.2949
1635676888821,5.6406,-9.1641,7.6992,-0.6631,1.2402,1.4160
1635676888823,5.2422,-8.7656,8.1406,-0.6489,1.3682,1.4932
1635676888825,4.8438,-8.6406,8.2891,-0.5278,1.5049,1.5479
1635676888852,4.3242,-7.9844,7.9727,-0.3586,1.6484,1.5908
1635676888854,3.7539,-7.5156,7.6211,-0.1299,1.8018,1.6055
1635676888855,3.2578,-6.9805,7.2266,0.0903,1.9492,1.5879
1635676888882,2.7090,-6.2891,6.9688,0.2903,2.0801,1.5244
1635676888884,2.4434,-5.8867,6.7539,0.4573,2.1934,1.4209
1635676888886,1.9990,-5.0938,6.2344,0.5220,2.2871,1.2988
1635676888912,1.3018,-4.1797,5.6523,0.5093,2.3555,1.1660
1635676888914,0.7754,-3.5996,5.1484,0.4158,2.3887,1.0195
1635676888916,0.2561,-3.1348,4.6328,0.2445,2.3828,0.8584
1635676888943,-0.1245,-2.7754,4.1523,0.0286,2.3438,0.6895
1635676888944,-0.4309,-2.6055,3.7168,-0.2034,2.2715,0.5103
1635676888946,-0.6938,-2.4707,3.2949,-0.4172,2.1738,0.3274
1635676888973,-0.8423,-2.3379,2.9082,-0.6162,2.0566,0.1488
1635676888975,-0.9814,-2.2852,2.5000,-0.7939,1.9150,-0.0310
1635676888976,-1.2012,-1.9316,1.9697,-0.9512,1.7598,-0.2065
1635676889003,-1.5010,-1.6250,1.6230,-1.0479,1.5977,-0.3843
1635676889005,-1.5059,-1.7852,1.3975,-1.0635,1.4180,-0.5776
1635676889006,-1.4502,-1.8936,1.1133,-1.0078,1.2070,-0.8110
1635676889033,-1.4482,-1.9961,0.9238,-0.8276,0.9849,-1.0664
1635676889035,-1.3281,-2.2715,1.0049,-0.4758,0.7476,-1.3398
1635676889037,-1.1436,-2.6484,1.2637,0.0179,0.4839,-1.6260
1635676889070,-0.6030,-3.4648,1.9600,0.4978,0.1976,-1.9053
1635676889072,0.1101,-5.1602,3.3828,0.9502,-0.1417,-2.2305
1635676889074,1.1035,-7.4766,5.0820,1.3730,-0.4961,-2.5566
1635676889094,2.4316,-10.2891,6.7461,1.6631,-0.8291,-2.8359
1635676889096,3.7441,-13.3594,8.0156,1.8379,-1.1670,-3.0645
1635676889102,5.4414,-13.8594,6.2891,1.5586,-1.3818,-3.0703
1635676889113,6.8047,-8.8516,1.3574,0.5347,-1.2031,-2.7461
1635676889115,8.4375,-6.8711,-0.6416,0.3657,-0.8354,-2.2891
1635676889144,11.0078,-9.7031,0.4141,0.7500,-0.4429,-1.5693
1635676889146,12.0625,-13.5156,4.2188,0.6465,-0.0736,-0.7397
1635676889148,10.1172,-16.3438,7.4141,-0.1661,0.0987,0.0222
1635676889174,7.7305,-16.1563,7.3633,-1.0859,0.1370,0.4116
1635676889176,5.7852,-13.8672,6.2969,-1.3271,0.2477,0.5625
1635676889178,4.0039,-11.6484,5.6602,-0.9653,0.3616,0.6904
1635676889210,2.8555,-10.1953,5.4297,-0.4299,0.4221,0.7954
1635676889212,2.5098,-9.4688,5.1445,-0.0161,0.4360,0.8486
1635676889214,2.3438,-8.5781,4.6680,0.1711,0.3901,0.8340
1635676889251,2.0098,-7.8945,4.3867,0.2201,0.2881,0.7627
1635676889254,2.0098,-7.4922,4.3242,0.0956,0.1636,0.6924
1635676889260,1.9727,-7.0625,4.2500,-0.1267,0.0413,0.6221
1635676889269,1.5771,-6.4102,4.0781,-0.3364,-0.0673,0.5659
1635676889277,1.1846,-5.8359,3.9043,-0.4971,-0.1747,0.5444
1635676889279,1.0361,-5.6367,3.7559,-0.5884,-0.2949,0.5273
1635676889281,0.9146,-5.6133,3.7031,-0.5894,-0.4033,0.5000
1635676889305,0.8711,-5.4766,3.8223,-0.5640,-0.5098,0.4766
1635676889307,0.9839,-5.3359,4.0000,-0.5566,-0.6235,0.4382
1635676889311,0.9766,-5.5547,4.1953,-0.5117,-0.7319,0.3860
1635676889335,0.9502,-5.9219,4.2461,-0.4087,-0.8335,0.3264
1635676889336,0.9360,-6.2070,4.1563,-0.1151,-1.0313,0.1680
1635676889342,1.0166,-5.6445,4.3320,-0.0172,-1.1318,0.0977
1635676889365,1.2490,-5.1680,4.8242,0.0860,-1.1816,0.0275
1635676889366,1.6445,-5.5273,5.0781,0.2871,-1.1719,-0.0278
1635676889367,1.6328,-5.8516,5.3477,0.5400,-1.1338,-0.0342
1635676889397,1.3525,-6.5469,5.3594,0.8169,-1.1074,-0.0417
1635676889398,1.5801,-6.6992,5.4102,1.1367,-1.0908,-0.1310
1635676889399,1.3809,-6.2813,5.2578,1.4453,-1.0586,-0.2417
1635676889428,1.4385,-5.8242,5.1055,1.5439,-1.0742,-0.3000
1635676889430,1.7666,-5.4297,5.2148,1.3955,-1.0967,-0.3875
1635676889431,2.0059,-5.1953,5.2930,1.2070,-1.0830,-0.4939
1635676889461,1.9863,-4.8008,5.3672,1.1025,-1.0469,-0.5737
1635676889463,1.7207,-3.9668,5.4844,0.9434,-1.0117,-0.6309
1635676889464,1.5010,-3.0332,5.5703,0.5767,-1.0059,-0.7002
1635676889486,1.3857,-2.4961,5.6563,0.0456,-1.0215,-0.8149
1635676889494,1.4863,-2.4434,6.0977,-0.5469,-1.0459,-0.9565
1635676889496,1.7979,-2.7109,6.8555,-1.1094,-1.0693,-1.1230
1635676889516,2.2930,-4.3594,7.5508,-1.4199,-1.0840,-1.3271
1635676889518,3.2793,-6.6484,7.4883,-1.4521,-1.0869,-1.5342
1635676889520,3.8125,-7.6602,6.7734,-1.2354,-1.0449,-1.6641
1635676889547,4.0391,-7.8984,6.1211,-0.8086,-0.9482,-1.6748
1635676889549,4.3945,-7.8633,5.8828,-0.3586,-0.7661,-1.6025
1635676889550,4.7656,-7.9844,6.1484,-0.0278,-0.5659,-1.4844
1635676889579,4.7227,-7.8711,6.7070,-0.0065,-0.4163,-1.3145
1635676889581,4.5625,-7.5000,7.2227,-0.3586,-0.3193,-1.1416
1635676889582,4.8828,-7.9063,7.5703,-0.9331,-0.2588,-1.0137
1635676889609,5.3242,-8.7344,7.2148,-1.5313,-0.2343,-0.9321
1635676889611,5.3359,-8.8672,6.3125,-1.9639,-0.2194,-0.8696
1635676889612,5.2539,-8.6641,5.2930,-2.1719,-0.2034,-0.8281
1635676889642,5.4336,-8.9063,4.2266,-2.1855,-0.1949,-0.8013
1635676889644,5.5742,-9.8828,3.7461,-1.8457,-0.1694,-0.7788
1635676889645,5.5000,-10.2109,3.7461,-1.2686,-0.1119,-0.7085
1635676889667,5.4023,-9.6094,3.8516,-0.6235,-0.0800,-0.6514
1635676889673,5.6094,-8.3594,4.0117,-0.1236,-0.0747,-0.6206
1635676889675,5.9219,-6.5391,3.6211,0.1158,-0.0939,-0.5693
1635676889698,6.7227,-4.5977,4.7813,-0.2438,0.0019,-0.3501
1635676889700,6.5859,-8.8516,4.9375,-1.3164,0.0455,-0.0587
1635676889704,6.7148,-10.5156,4.2148,-1.5908,0.0019,-0.1193
1635676889727,6.7070,-7.8086,4.4063,-0.9780,0.0030,-0.0693
1635676889729,6.6289,-7.3086,4.3359,-0.6035,0.0657,-0.0161
1635676889730,6.7578,-9.1406,4.2734,-0.2002,0.1732,0.0520
1635676889758,6.9453,-9.5234,4.4648,0.3914,0.2646,0.1903
1635676889760,6.5156,-8.5156,4.9180,0.7954,0.3188,0.2529
1635676889761,5.8633,-7.0195,4.4336,0.8213,0.2944,0.2722
1635676889789,6.0586,-6.9609,3.8066,0.6563,0.2837,0.3052
1635676889791,5.6836,-7.4844,4.0000,0.6201,0.3062,0.3074
1635676889792,5.3594,-6.7188,4.4023,0.8032,0.3125,0.2957
1635676889818,5.4727,-5.5742,3.6621,0.7671,0.2307,0.2764
1635676889820,5.2500,-5.8867,3.3516,0.5444,0.1678,0.2573
1635676889822,5.0586,-6.1211,3.4590,0.5479,0.0923,0.1924
1635676889849,5.3477,-5.5273,3.6113,0.5518,0.0392,0.1797
1635676889850,5.3828,-6.1797,4.1367,0.3977,0.0296,0.1605
1635676889852,5.7383,-6.4844,4.4883,0.3391,0.0264,0.1498
1635676889879,5.7383,-6.5195,4.5664,0.2722,0.0157,0.1296
1635676889880,5.5430,-6.5742,4.7422,0.2084,0.0136,0.1073
1635676889881,5.3125,-6.3984,4.7734,0.1222,0.0062,0.0956
1635676889912,5.2734,-6.5313,4.7383,0.0360,-0.0002,0.0871
1635676889915,5.1445,-6.5703,4.8828,0.0169,-0.0077,0.0913
1635676889922,5.0195,-6.3672,4.8242,0.0073,-0.0066,0.1020
1635676889930,4.8672,-6.5859,4.9453,-0.0182,0.0136,0.1147
1635676889933,4.9258,-6.4297,4.1094,-0.1725,-0.0077,0.1158
1635676889960,4.7969,-7.2891,4.1797,-0.2500,0.0040,0.0668
1635676889962,4.5938,-6.4453,4.7773,-0.1587,0.0508,0.0573
1635676889964,4.6133,-6.5977,4.7656,-0.2810,0.0764,0.0275
1635676890001,4.7148,-7.0781,4.9805,-0.2151,0.0796,0.0147
1635676890002,4.8516,-7.2539,4.8984,-0.2076,0.0870,0.0030
1635676890004,4.8281,-7.3516,4.9648,-0.1501,0.0934,-0.0055
1635676890015,4.8203,-7.2109,4.9609,-0.0512,0.0849,-0.0023
1635676890017,4.9414,-7.2461,4.8320,0.0126,0.0732,-0.0002
1635676890041,5.1016,-7.1484,4.7773,0.0669,0.0657,0.0126
1635676890043,5.3242,-7.2891,4.6914,0.1254,0.0764,0.0328
1635676890045,5.4648,-7.0781,4.8281,0.1094,0.0966,0.0679
1635676890069,5.4844,-7.5547,5.0664,-0.0767,0.1370,0.1212
1635676890073,5.4531,-7.9219,5.3125,-0.2544,0.1710,0.1647
1635676890078,5.3477,-7.9141,5.3906,-0.3662,0.1913,0.2073
1635676890089,5.1484,-7.8164,5.2422,-0.4353,0.2019,0.2499
1635676890091,4.9688,-7.6719,5.0352,-0.4524,0.2083,0.2944
1635676890121,4.9766,-7.9023,4.9219,-0.4033,0.2200,0.3423
1635676890123,5.0469,-8.1875,5.0313,-0.2766,0.2317,0.3743
1635676890125,5.3164,-8.3906,5.3711,-0.1364,0.2434,0.4031
1635676890152,5.6445,-8.6719,5.5625,-0.0735,0.2668,0.4553
1635676890154,5.7852,-8.9609,5.6523,-0.0884,0.3071,0.5347
1635676890155,5.7148,-9.0391,5.6172,-0.1757,0.3689,0.6401
1635676890182,5.5078,-9.0859,5.6563,-0.2607,0.4465,0.7573
1635676890184,5.4570,-9.2109,5.7930,-0.3171,0.5229,0.8647
1635676890185,5.5078,-9.3828,6.1289,-0.3630,0.5840,0.9541
1635676890212,5.4688,-9.3203,6.4297,-0.4236,0.6455,1.0469
1635676890214,5.3516,-9.3906,6.4609,-0.4480,0.7358,1.1504
1635676890216,5.1055,-9.3672,6.2578,-0.4277,0.8511,1.2490
1635676890243,4.8047,-9.0703,6.0117,-0.3831,0.9756,1.3252
1635676890245,4.4453,-8.5781,5.8477,-0.3491,1.0938,1.3721
1635676890246,4.2539,-8.4297,5.7930,-0.3618,1.2002,1.4043
1635676890273,3.8926,-8.1484,5.6250,-0.4119,1.2891,1.4268
1635676890274,3.4160,-7.7617,5.4141,-0.4375,1.3643,1.4414
1635676890276,2.9121,-7.5195,5.1602,-0.4097,1.4268,1.4346
1635676890303,2.4785,-7.1523,4.8477,-0.3513,1.4727,1.4082
1635676890306,2.0723,-6.5898,4.5820,-0.2617,1.4990,1.3555
1635676890309,1.7236,-6.0859,4.2227,-0.1533,1.5146,1.2842
1635676890334,1.3613,-5.6328,3.9043,-0.0746,1.5137,1.1963
1635676890336,1.0342,-5.2422,3.6758,-0.0321,1.4932,1.0889
1635676890338,0.7803,-4.8828,3.5059,-0.0204,1.4531,0.9639
1635676890363,0.6055,-4.6094,3.3418,-0.0374,1.3965,0.8286
1635676890365,0.4500,-4.5977,3.1426,-0.0682,1.3271,0.6987
1635676890367,0.3589,-4.6602,2.8340,-0.0800,1.2441,0.5679
1635676890394,0.1484,-4.3906,2.5879,-0.0278,1.1465,0.4170
1635676890395,-0.0239,-4.1250,2.4434,0.1105,1.0352,0.2520
1635676890397,-0.0335,-4.1680,2.4082,0.3169,0.9082,0.0626
1635676890424,0.0551,-4.2578,2.2539,0.5869,0.7539,-0.1608
1635676890426,0.4211,-4.9961,2.2207,0.9648,0.5869,-0.4385
1635676890427,0.8164,-5.9336,2.3242,1.4434,0.4009,-0.7363
1635676890454,1.2832,-6.5391,2.6895,1.8994,0.1967,-0.9907
1635676890456,1.8936,-7.4102,3.2402,2.2461,-0.0162,-1.2256
1635676890457,2.5664,-8.3828,3.7598,2.4141,-0.2300,-1.4121
1635676890484,3.4355,-8.6406,4.0000,2.3535,-0.4172,-1.5000
1635676890486,4.2539,-6.5586,2.7363,1.7881,-0.4800,-1.4053
1635676890488,5.3242,-5.8086,2.1445,1.1016,-0.4067,-1.1445
1635676890514,6.4492,-7.9570,2.9824,0.5742,-0.2482,-0.7949
1635676890516,6.7461,-10.2500,4.0273,0.1371,-0.1034,-0.4204
1635676890518,6.3281,-12.2813,4.8242,-0.0597,-0.0077,-0.1097
1635676890545,5.7695,-13.2109,5.3633,-0.0395,0.0434,0.1339
1635676890547,4.9414,-12.4375,5.3164,0.1063,0.0519,0.3157
1635676890548,4.2031,-10.8203,4.8359,0.2212,0.0242,0.4722
1635676890578,3.6055,-9.5547,4.4727,0.2573,-0.0204,0.5806
1635676890579,3.2285,-8.7578,4.1055,0.1764,-0.0789,0.6860
1635676890581,2.9082,-8.1016,3.8359,-0.0310,-0.1470,0.7817
1635676890605,2.5801,-7.8828,3.8242,-0.2544,-0.2385,0.8486
1635676890607,2.4121,-8.2031,3.9395,-0.4939,-0.4875,0.9160
1635676890609,2.0605,-7.9375,3.8555,-0.4800,-0.6245,0.9116
1635676890634,1.6611,-7.3359,3.7656,-0.3672,-0.7632,0.8872
1635676890636,1.3789,-6.7383,3.8633,-0.2374,-0.9087,0.8413
1635676890641,1.1729,-6.2500,4.1797,-0.1193,-1.0557,0.7837
1635676890666,1.0342,-5.8047,4.4492,0.0062,-1.1924,0.7124
1635676890668,0.9692,-5.4258,4.7969,0.1775,-1.3154,0.6211
1635676890670,1.0459,-5.2070,5.0000,0.4072,-1.3994,0.5146
1635676890696,1.0508,-5.0508,4.9727,0.6689,-1.4619,0.3967
1635676890698,1.0840,-4.8320,4.6445,0.9565,-1.5039,0.2742
1635676890700,0.9429,-4.2695,4.1016,1.2354,-1.5244,0.1423
1635676890726,0.8281,-3.7988,3.8418,1.4883,-1.5430,-0.0161
1635676890728,1.0527,-3.4961,4.1250,1.6563,-1.5625,-0.2054
1635676890730,1.3115,-2.9434,4.7227,1.7295,-1.5684,-0.4280
1635676890757,1.3691,-2.5234,5.4766,1.7646,-1.5674,-0.6533
1635676890759,1.5176,-2.5313,5.9648,1.7305,-1.5469,-0.8770
1635676890760,1.6973,-2.3027,6.0078,1.5479,-1.5186,-1.0752
1635676890787,2.0176,-2.1816,6.1992,1.2773,-1.4795,-1.2529
1635676890789,2.4121,-2.3711,6.3828,0.9268,-1.4180,-1.4053
1635676890791,2.7090,-2.6875,6.3633,0.4563,-1.3438,-1.5117
1635676890817,3.1191,-3.3320,6.3906,-0.0693,-1.2568,-1.5850
1635676890819,3.6953,-4.5625,6.7148,-0.4863,-1.1436,-1.6523
1635676890821,4.4453,-6.3359,7.1758,-0.7500,-1.0137,-1.6885
1635676890847,5.0898,-8.0938,7.3359,-0.8545,-0.8843,-1.6836
1635676890850,5.2109,-9.0703,7.3438,-0.7715,-0.7715,-1.6357
1635676890852,5.1367,-9.2031,7.2773,-0.6152,-0.6606,-1.5166
1635676890876,4.9648,-8.6016,7.1406,-0.4895,-0.5513,-1.3701
1635676890877,4.7344,-7.8398,6.8945,-0.4800,-0.4565,-1.2139
1635676890879,4.6172,-7.3477,6.7578,-0.6777,-0.3811,-1.0420
1635676890906,4.8047,-7.5547,6.4414,-1.0166,-0.3342,-0.9067
1635676890907,4.9766,-8.2578,6.0117,-1.3320,-0.3193,-0.8184
1635676890909,5.0508,-8.7969,5.6953,-1.4746,-0.3054,-0.7554
1635676890938,5.2578,-9.6641,5.4297,-1.2705,-0.2959,-0.7319
1635676890940,5.4922,-9.9766,5.3242,-0.7769,-0.2725,-0.7012
1635676890941,5.4336,-9.4375,5.5156,-0.1991,-0.2365,-0.6309
1635676890968,5.5820,-8.7891,5.8242,0.2371,-0.2098,-0.5479
1635676890970,5.6953,-7.6172,5.9063,0.3457,-0.2076,-0.4438
1635676890971,5.7305,-6.7266,5.8047,0.2147,-0.2194,-0.3364
1635676890998,5.7617,-6.6641,5.5820,0.0264,-0.2162,-0.2300
1635676891000,5.8477,-6.6172,5.2422,-0.1406,-0.1949,-0.1215
1635676891001,5.8906,-6.5586,4.5625,-0.2289,-0.1704,-0.0502
1635676891028,6.5977,-6.8750,4.8086,-0.1044,-0.0917,-0.0023
1635676891030,5.8359,-7.8633,6.0742,0.0786,0.0274,0.1020
1635676891032,5.7891,-7.1563,5.8750,0.2976,0.0626,0.0807
1635676891059,5.6133,-6.1719,5.9961,0.4319,0.0679,0.1020
1635676891061,5.0703,-5.8438,6.0703,0.2678,0.0530,0.1317
1635676891063,5.2422,-5.8398,5.7813,0.0414,0.0115,0.1285
1635676891089,5.4648,-6.1250,5.4180,-0.0810,-0.0055,0.1488
1635676891091,5.4727,-6.3672,5.4883,-0.0278,0.0051,0.1594
1635676891095,5.2188,-6.0039,5.3828,0.0732,0.0179,0.1924
1635676891120,5.2070,-5.8320,5.4063,0.2041,0.0466,0.2073
1635676891121,4.9922,-5.8086,5.4648,0.3201,0.0775,0.2147
1635676891124,5.1406,-6.0859,5.5898,0.3328,0.0955,0.2382
1635676891149,5.2500,-6.4180,5.8672,0.2700,0.0870,0.2222
1635676891151,5.2461,-6.5352,6.1094,0.1775,0.0710,0.2030
1635676891153,5.4219,-6.3203,6.1328,0.0860,0.0742,0.1978
1635676891180,5.3477,-6.1133,5.8906,-0.0204,0.0562,0.1572
1635676891181,5.1445,-6.0000,5.7305,-0.0767,0.0679,0.1243
1635676891183,5.0313,-5.7734,5.5820,-0.1161,0.0859,0.0999
1635676891210,4.9219,-5.7539,5.5117,-0.1693,0.0987,0.0775
1635676891212,4.9180,-5.6445,5.5703,-0.2108,0.1115,0.0647
1635676891213,5.0391,-6.0430,5.5508,-0.2585,0.1349,0.0754
1635676891240,5.2422,-6.7969,5.7891,-0.2385,0.1881,0.1147
1635676891242,5.3359,-7.3203,5.8086,-0.2883,0.2083,0.1349
1635676891244,5.3594,-7.6289,5.9336,-0.3086,0.2264,0.1509
1635676891270,5.1953,-7.4570,6.2461,-0.3416,0.2307,0.1903
1635676891272,4.7852,-8.0000,6.6172,-0.3364,0.2339,0.2158
1635676891274,5.1094,-7.8711,6.2500,-0.2406,0.2413,0.2510
1635676891301,4.9570,-7.6172,6.0508,-0.2874,0.2274,0.2859
1635676891302,5.1797,-8.1563,6.0898,-0.3555,0.2656,0.3606
1635676891304,5.1797,-8.1875,6.0742,-0.4033,0.2954,0.4275
1635676891331,5.0430,-7.8906,6.1875,-0.4363,0.3381,0.5083
1635676891333,4.9727,-8.1094,6.1523,-0.4778,0.3838,0.5840
1635676891334,4.7734,-8.0703,6.0039,-0.4692,0.4189,0.6401
1635676891362,4.5313,-7.8789,5.8125,-0.3896,0.4626,0.6797
1635676891364,4.3164,-7.6914,5.7734,-0.2788,0.5020,0.7041
1635676891366,4.2227,-7.5625,5.8203,-0.1714,0.5371,0.7241
1635676891390,4.1406,-7.3008,5.8047,-0.1321,0.5581,0.7456
1635676891391,4.0859,-7.2305,5.8320,-0.1725,0.5635,0.7593
1635676891393,4.1328,-7.1992,5.8281,-0.2683,0.5605,0.7754
1635676891420,4.0938,-7.1055,5.7852,-0.3713,0.5659,0.8008
1635676891422,4.0586,-7.2266,5.8320,-0.4502,0.5850,0.8394
1635676891423,4.1172,-7.7344,5.8398,-0.4768,0.6157,0.8711
1635676891452,4.0586,-8.0078,5.8164,-0.4609,0.6475,0.8955
1635676891454,3.9590,-8.0625,5.7305,-0.4290,0.6787,0.9170
1635676891456,3.7930,-7.8945,5.5898,-0.4065,0.7021,0.9351
1635676891482,3.7246,-7.7344,5.5898,-0.4502,0.7231,0.9614
1635676891484,3.5059,-7.5430,5.7070,-0.5703,0.7383,0.9946
1635676891486,3.3086,-7.6172,5.8047,-0.6821,0.7520,1.0283
1635676891512,3.2578,-7.8281,5.7695,-0.7695,0.7681,1.0576
1635676891514,3.1211,-7.8047,5.6250,-0.8228,0.7861,1.0811
1635676891516,2.8418,-7.6055,5.3906,-0.8394,0.8096,1.0996
1635676891543,2.5625,-7.4883,5.1211,-0.8174,0.8296,1.1025
1635676891545,2.4043,-7.3906,4.9492,-0.7554,0.8457,1.0879
1635676891546,2.2188,-7.1406,4.9961,-0.6714,0.8584,1.0635
1635676891576,2.2070,-7.2539,5.0938,-0.5576,0.8892,1.0420
1635676891581,2.1250,-7.3086,5.0586,-0.4609,0.9341,1.0244
1635676891587,1.9893,-7.2109,4.9922,-0.3938,0.9810,1.0020
1635676891595,1.8428,-7.0898,4.8984,-0.3853,1.0244,0.9756
1635676891597,1.5605,-6.7969,4.7969,-0.3928,1.0498,0.9385
1635676891623,1.3594,-6.6758,4.6602,-0.4150,1.0615,0.9082
1635676891625,1.2158,-6.5820,4.4023,-0.4556,1.0518,0.8574
1635676891627,1.0605,-6.2969,4.1914,-0.4629,1.0264,0.7837
1635676891654,0.9717,-6.0039,4.0977,-0.4312,1.0010,0.7075
1635676891655,0.8687,-5.9922,4.0820,-0.3713,0.9795,0.6309
1635676891657,0.7109,-5.8398,3.8926,-0.2661,0.9658,0.5479
1635676891685,0.5503,-5.4570,3.6699,-0.1066,0.9575,0.4500
1635676891686,0.4165,-5.1328,3.4570,0.0679,0.9478,0.3381
1635676891688,0.3350,-4.8984,3.2422,0.2104,0.9316,0.2073
1635676891712,0.1915,-4.5273,3.2051,0.3191,0.9009,0.0498
1635676891714,0.1053,-4.0898,3.1660,0.3774,0.8564,-0.1151
1635676891715,0.0407,-3.7676,3.0195,0.3765,0.8018,-0.2883
1635676891743,0.0311,-3.5566,2.9434,0.3425,0.7437,-0.4673
1635676891744,-0.0407,-3.3867,2.8535,0.2998,0.6743,-0.6543
1635676891745,0.0694,-3.3945,2.8223,0.2404,0.5879,-0.8545
1635676891773,0.3589,-3.7617,2.8965,0.2095,0.4595,-1.0967
1635676891774,0.8091,-4.3516,3.2188,0.2413,0.3157,-1.3564
1635676891775,1.4023,-5.6328,3.5977,0.3521,0.1689,-1.6250
1635676891805,2.2090,-7.7539,3.8242,0.5977,0.0115,-1.8584
1635676891806,3.0137,-9.9531,4.3633,1.0049,-0.1715,-2.0352
1635676891808,3.7930,-11.7422,5.1016,1.5127,-0.3694,-2.1621
1635676891835,4.9531,-12.6250,5.2227,1.8555,-0.5396,-2.1797
1635676891850,6.2969,-11.1328,3.8984,1.2598,-0.4587,-1.5244
1635676891856,8.6250,-11.5703,4.3125,1.0215,-0.2333,-0.9565
1635676891864,8.3828,-13.1875,6.0898,0.6113,-0.0811,-0.3501
1635676891878,7.1797,-14.3438,6.6719,0.1052,-0.0673,0.1116
1635676891886,6.0703,-14.5938,5.9844,-0.1906,-0.0822,0.4531
1635676891893,5.0156,-13.3516,5.0898,-0.1481,-0.0917,0.6978
1635676891899,4.2930,-11.8047,4.5547,-0.0236,-0.1013,0.8853
1635676891907,3.7148,-10.4922,4.3203,0.0243,-0.1375,1.0254
1635676891914,3.1680,-9.4609,4.2773,-0.0257,-0.1896,1.1475
1635676891926,2.7715,-9.0313,4.3203,-0.1470,-0.2449,1.2480
1635676891931,2.3301,-8.7813,4.2344,-0.2554,-0.3108,1.3242
1635676891955,1.7715,-8.2813,4.0664,-0.3032,-0.3865,1.3955
1635676891960,1.2158,-7.7891,3.9277,-0.2715,-0.4714,1.4160
1635676891965,0.9023,-7.1367,3.5977,-0.1746,-0.5684,1.3965
1635676891975,0.6582,-6.5938,3.3086,-0.0246,-0.6641,1.3564
1635676891979,0.3757,-6.3203,3.3887,0.1786,-0.7632,1.2949
1635676892005,0.0551,-5.7305,3.4844,0.3669,-0.8760,1.2188
1635676892010,-0.2297,-5.2227,3.6309,0.4946,-0.9961,1.1230
1635676892024,-0.5215,-4.7969,3.9688,0.5767,-1.1211,1.0107
1635676892030,-0.7754,-4.3281,4.3945,0.6465,-1.2412,0.8979
1635676892035,-0.9214,-4.1797,4.7109,0.7285,-1.3525,0.7827
1635676892045,-1.0430,-4.0781,4.8125,0.8540,-1.4531,0.6528
1635676892050,-1.2832,-3.4688,4.7656,1.0215,-1.5400,0.5137
1635676892083,-1.4385,-2.9023,4.6875,1.1689,-1.6045,0.3701
1635676892087,-1.3691,-2.7539,4.7969,1.2910,-1.6563,0.1998
1635676892095,-1.2871,-2.9102,4.9727,1.3662,-1.7002,0.0169
1635676892101,-1.2275,-3.1426,4.9961,1.3506,-1.7500,-0.1788
1635676892106,-1.0215,-3.1328,4.8906,1.2080,-1.7939,-0.3896
1635676892116,-0.5815,-3.0898,4.9609,0.9849,-1.7852,-0.5957
1635676892121,-0.1125,-3.5371,5.1641,0.7754,-1.7510,-0.7788
1635676892146,0.4285,-4.4531,5.6445,0.6392,-1.7227,-0.9292
1635676892151,1.1104,-5.3242,6.3633,0.5508,-1.6611,-1.0352
1635676892157,1.5059,-6.0898,7.1094,0.5029,-1.5605,-1.0898
1635676892166,1.9629,-7.0586,7.6758,0.5391,-1.4658,-1.1250
1635676892171,2.5098,-7.8594,8.0859,0.7031,-1.3828,-1.1279
1635676892197,2.8477,-7.8555,8.3906,0.9692,-1.2744,-1.0781
1635676892201,3.1426,-7.5820,8.4297,1.2334,-1.1465,-1.0010
1635676892206,3.5762,-7.7813,8.1953,1.4375,-1.0195,-0.9160
1635676892217,3.9824,-7.7773,7.9102,1.5098,-0.9058,-0.8237
1635676892221,4.5234,-7.6328,7.8945,1.4170,-0.8003,-0.7246
1635676892247,4.8242,-7.3828,7.9180,1.1641,-0.6992,-0.6426
1635676892251,4.9375,-7.1602,8.0156,0.8618,-0.6108,-0.5757
1635676892256,5.1719,-7.0547,8.0156,0.5415,-0.5205,-0.5171
1635676892267,5.2109,-6.8867,7.9023,0.2179,-0.4492,-0.4949
1635676892272,5.2188,-6.5664,7.7578,-0.0884,-0.4001,-0.4980
1635676892297,5.4531,-7.2031,7.5313,-0.2076,-0.3875,-0.5244
1635676892302,5.8242,-7.9023,7.3320,-0.0587,-0.3535,-0.5566
1635676892307,5.8672,-7.4141,7.1484,0.2020,-0.2874,-0.5488
1635676892317,5.6602,-6.5469,7.0000,0.4063,-0.2407,-0.5269
1635676892322,5.6680,-5.5195,7.0117,0.4041,-0.2087,-0.4844
1635676892348,5.6914,-4.9180,6.7344,0.2722,-0.1758,-0.4385
1635676892353,5.7734,-4.9766,6.5430,0.1488,-0.1237,-0.3875
1635676892357,5.9688,-5.0820,6.6328,0.0584,-0.0715,-0.3533
1635676892368,6.1445,-5.2891,6.6953,-0.0438,-0.0439,-0.3374
1635676892373,6.2773,-5.6641,6.4570,-0.1885,-0.0204,-0.3396
1635676892398,6.2305,-6.3125,6.2070,-0.2661,-0.0109,-0.3713
1635676892403,6.1719,-6.1602,6.0508,-0.2617,-0.0194,-0.4045
1635676892407,6.0781,-5.4727,6.0313,-0.1991,-0.0364,-0.4502
1635676892424,6.0039,-5.0078,6.1719,-0.1076,-0.0428,-0.4758
1635676892429,5.9023,-4.7305,6.2148,-0.0278,-0.0449,-0.4512
1635676892439,5.7188,-4.6211,6.1211,0.0179,-0.0704,-0.4055
1635676892444,5.5703,-4.3047,5.6289,-0.0065,-0.1343,-0.3640
1635676892469,5.5938,-3.9492,5.3789,-0.2012,-0.2045,-0.2172
1635676892474,5.4844,-4.6914,5.2930,-0.3811,-0.2247,-0.2002
1635676892479,6.3359,-4.6680,5.6719,-0.6489,-0.1162,-0.0959
1635676892489,5.6758,-6.6055,6.4336,-0.7363,-0.1172,-0.0470
1635676892493,5.9180,-7.0781,7.1719,-0.2766,-0.0555,-0.0629
1635676892519,5.7227,-6.0039,7.3086,0.1594,0.0062,-0.0023
1635676892524,5.1992,-5.2344,6.8555,0.3074,-0.0151,0.0232
1635676892528,4.9766,-5.7266,6.1992,0.2795,-0.0406,0.0828
1635676892539,5.0742,-6.1953,5.8359,0.2903,-0.0439,0.0743
1635676892544,4.9102,-5.7852,5.8320,0.3210,-0.0439,0.0509
1635676892576,4.7500,-5.1211,5.9531,0.2179,-0.0417,0.0201
1635676892580,4.6133,-5.0469,6.1484,0.0381,-0.0364,-0.0182
1635676892587,4.5703,-5.0430,6.3711,-0.0906,-0.0321,-0.0278
1635676892593,4.5273,-4.8984,6.5313,-0.1821,-0.0268,-0.0246
1635676892598,4.5977,-4.9258,6.5977,-0.2810,-0.0077,-0.0002
1635676892610,4.6055,-5.1211,6.5547,-0.3650,0.0221,0.0232
1635676892616,4.5195,-5.2656,6.4922,-0.4290,0.0487,0.0147
1635676892640,4.6133,-5.8086,6.0781,-0.5308,0.0562,0.0052
1635676892645,4.6875,-6.1133,6.2344,-0.5630,0.1008,-0.0097
1635676892649,4.4570,-5.5938,6.0156,-0.6748,0.1072,-0.0129
1635676892660,4.5430,-5.9258,5.7695,-0.7139,0.1263,-0.0310
1635676892665,4.4531,-6.0195,5.6797,-0.6279,0.1252,-0.0055
1635676892691,4.6680,-6.4727,5.6680,-0.5044,0.1136,0.0147
1635676892695,4.9648,-6.6797,5.8242,-0.4001,0.0998,0.0392
1635676892700,5.3164,-6.7930,5.8125,-0.3149,0.0700,0.0477
1635676892710,5.2695,-6.5469,5.6406,-0.2012,0.0274,0.0626
1635676892716,5.1680,-6.3828,5.5234,-0.1066,-0.0077,0.0934
1635676892741,5.1680,-6.2656,5.4297,-0.0289,-0.0470,0.1169
1635676892745,5.4492,-5.9922,5.7383,0.0488,-0.0577,0.1392
1635676892750,5.3555,-6.2148,6.0859,0.0041,-0.0385,0.1689
1635676892761,5.1953,-5.9648,5.8438,-0.0544,-0.0683,0.1445
1635676892766,5.0977,-5.4570,5.6719,-0.0800,-0.0768,0.1434
1635676892791,5.0469,-5.5273,5.6836,-0.1310,-0.0726,0.1328
1635676892796,4.9883,-5.2930,5.5273,-0.1310,-0.0811,0.1041
1635676892800,4.9648,-5.2461,5.5391,-0.1086,-0.0800,0.0807
1635676892811,4.9961,-5.3867,5.5117,-0.1151,-0.0736,0.0690
1635676892816,5.1367,-5.6250,5.5039,-0.1704,-0.0683,0.0616
1635676892842,5.2266,-5.8359,5.5859,-0.2363,-0.0651,0.0435
1635676892846,5.2617,-5.8750,5.7969,-0.3374,-0.0640,0.0381
1635676892851,5.2734,-6.1133,6.1133,-0.4246,-0.0587,0.0467
1635676892862,5.2500,-6.2578,6.1484,-0.4417,-0.0513,0.0530
1635676892866,5.1445,-6.1641,6.0898,-0.4150,-0.0385,0.0583
1635676892892,5.1016,-6.1836,5.8086,-0.4055,-0.0215,0.0679
1635676892897,5.1055,-6.0391,5.3984,-0.3843,-0.0055,0.0605
1635676892901,5.3281,-6.1367,5.4102,-0.3896,0.0423,0.0711
1635676892912,4.2070,-7.7109,7.2578,-0.2788,0.1423,0.0786
1635676892917,4.7734,-4.9102,5.6992,-0.1066,0.0626,-0.0587
1635676892942,4.7344,-3.2051,4.0938,-0.6191,-0.1215,-0.1076
1635676892947,4.9102,-7.5586,5.2578,-0.8447,-0.0045,0.0105
1635676892958,4.9961,-7.8164,6.2773,-0.6372,0.0423,-0.0172
1635676892965,4.9766,-6.9609,6.1445,-0.3694,0.0030,-0.0459
1635676892970,4.9336,-6.9922,6.1953,-0.0821,0.0264,0.0317
1635676892984,4.9766,-7.3164,6.2188,0.0520,0.0615,0.1414
1635676892989,4.9102,-7.4570,6.1875,0.0414,0.0881,0.2020
1635676893013,4.8086,-7.1992,6.2773,-0.0236,0.1168,0.2413
1635676893018,4.7734,-7.1797,6.3750,-0.1470,0.1412,0.2710
1635676893022,4.8906,-7.4570,6.5039,-0.3098,0.1647,0.2998
1635676893033,5.1289,-7.8594,6.5703,-0.4363,0.1924,0.3340
1635676893038,5.3398,-8.2422,6.7266,-0.5215,0.2371,0.3872
1635676893065,5.3438,-8.3984,6.9141,-0.5649,0.3093,0.4690
1635676893069,5.2813,-8.6406,7.1445,-0.5586,0.3967,0.5679
1635676893081,5.1328,-8.7891,7.2227,-0.5352,0.4861,0.6680
1635676893086,5.0586,-8.5391,7.2813,-0.5298,0.6787,0.8530
1635676893093,5.0156,-8.4219,7.4297,-0.5298,0.6787,0.8530
1635676893105,5.0742,-8.6406,7.7305,-0.5723,0.9189,0.9946
1635676893110,4.7734,-8.2891,7.4727,-0.6362,1.0596,1.0596
1635676893134,4.4531,-8.0625,7.1719,-0.7046,1.2100,1.1221
1635676893139,4.0352,-7.9141,7.0000,-0.7725,1.3506,1.1729
1635676893143,3.4473,-7.4805,7.0156,-0.7969,1.4668,1.2051
1635676893154,2.9219,-7.1602,6.8945,-0.7563,1.5586,1.2129
1635676893159,2.4492,-6.6758,6.4531,-0.6895,1.6221,1.1914
1635676893184,2.0215,-6.0547,5.9688,-0.6118,1.6670,1.1367
1635676893189,1.6826,-5.5586,5.4844,-0.5371,1.6875,1.0635
1635676893193,1.3877,-5.1484,5.1680,-0.5024,1.6836,0.9775
1635676893205,1.1631,-4.7656,4.8984,-0.4673,1.6602,0.8647
1635676893209,0.9097,-4.3789,4.7031,-0.4226,1.6172,0.7402
1635676893235,0.7227,-4.3125,4.6445,-0.3948,1.5586,0.6284
1635676893239,0.5435,-4.2148,4.4688,-0.3130,1.4785,0.4968
1635676893245,0.3831,-3.9453,4.1875,-0.1630,1.3926,0.3413
1635676893255,0.1891,-3.7070,3.9805,0.0169,1.2988,0.1775
1635676893259,-0.0191,-3.2148,3.7441,0.2084,1.1943,0.0105
1635676893285,-0.1819,-2.8594,3.5039,0.4041,1.0762,-0.1788
1635676893290,-0.2155,-2.7617,3.2734,0.6104,0.9458,-0.3979
1635676893294,-0.1843,-2.8027,3.0371,0.8457,0.7969,-0.6416
1635676893305,0.0072,-3.4531,2.9063,1.1260,0.6147,-0.9194
1635676893310,0.4453,-4.8828,3.0449,1.4629,0.4072,-1.2217
1635676893336,1.1797,-6.9023,3.6602,1.8652,0.1583,-1.5303
1635676893340,2.2344,-9.3281,4.7422,2.3125,-0.1343,-1.8184
1635676893345,3.5254,-11.6172,5.7773,2.7324,-0.4365,-2.0430
1635676893355,4.6875,-11.5000,5.4766,2.7695,-0.6577,-2.0723
1635676893360,5.5039,-7.6289,3.0859,2.1406,-0.6904,-1.8203
1635676893389,6.9766,-5.4805,2.3281,1.5957,-0.4885,-1.3301
1635676893394,8.3047,-7.8359,4.0039,1.3105,-0.2098,-0.6191
1635676893398,8.2188,-11.0156,6.1211,0.7788,-0.0343,0.0764
1635676893406,6.9805,-13.2969,7.2695,0.1116,-0.0119,0.6475
1635676893410,5.7734,-13.6250,6.7539,-0.3428,-0.0524,0.9937
1635676893436,4.6094,-12.2344,5.8789,-0.3247,-0.0630,1.1230
1635676893441,3.6875,-10.5547,5.2734,0.0286,-0.0853,1.2207
1635676893445,3.2559,-9.1328,4.9414,0.3391,-0.1512,1.3047
1635676893456,2.7852,-7.9844,4.6680,0.4221,-0.2693,1.3389
1635676893461,2.4043,-7.0117,4.4219,0.2732,-0.4216,1.3496
1635676893487,2.0723,-6.2813,4.2344,0.0201,-0.5884,1.3252
1635676893491,1.8574,-5.8789,4.4570,-0.2257,-0.7671,1.2676
1635676893496,1.7451,-5.4531,4.7500,-0.4343,-0.9321,1.1943
1635676893507,1.4482,-4.8906,5.0391,-0.5684,-1.0859,1.1055
1635676893516,1.2227,-4.3320,5.3086,-0.6055,-1.2227,1.0000
1635676893527,1.0742,-3.9277,5.4219,-0.5361,-1.3213,0.8735
1635676893532,0.9575,-3.8203,5.3945,-0.3938,-1.4033,0.7319
1635676893557,0.8594,-3.8105,5.5156,-0.2278,-1.4863,0.5840
1635676893564,0.7778,-3.6172,5.7695,-0.0459,-1.5479,0.4307
1635676893575,0.6987,-3.0996,5.8828,0.1328,-1.5771,0.2424
1635676893584,0.5649,-2.5918,6.0234,0.2827,-1.5830,0.0626
1635676893588,0.4763,-2.5273,6.2461,0.3755,-1.5781,-0.1151
1635676893598,0.5264,-2.7832,6.4727,0.3872,-1.5605,-0.2969
1635676893604,0.6079,-2.5625,6.4258,0.3010,-1.5273,-0.4980
1635676893628,0.8857,-2.7637,6.3555,0.2179,-1.5107,-0.6812
1635676893633,1.6846,-4.4258,6.0781,0.2244,-1.5137,-0.7832
1635676893637,2.6309,-6.1719,5.8281,0.3159,-1.4727,-0.8418
1635676893648,3.3555,-7.2031,5.9961,0.5659,-1.3799,-0.8682
1635676893653,3.8105,-7.5391,6.5977,0.8701,-1.2725,-0.8164
1635676893678,4.1641,-7.6016,7.5234,1.1084,-1.1504,-0.7671
1635676893683,4.2461,-7.8672,8.2813,1.2363,-1.0537,-0.7236
1635676893698,4.4922,-6.9492,9.0391,0.9307,-0.8408,-0.6182
1635676893703,4.6602,-6.3281,9.0391,0.6826,-0.7354,-0.5396
1635676893708,4.6016,-6.6094,8.6641,0.4819,-0.6533,-0.4556
1635676893719,4.6719,-7.1133,8.3125,0.4041,-0.5938,-0.4055
1635676893723,4.9180,-7.8633,8.2734,0.4702,-0.5234,-0.3799
1635676893749,5.1328,-8.0078,8.1016,0.5796,-0.4397,-0.3481
1635676893754,5.0000,-7.4570,7.7852,0.7427,-0.3545,-0.3257
1635676893758,4.6289,-6.7188,7.3867,0.9009,-0.2905,-0.2905
1635676893769,4.3789,-5.8750,7.1094,0.9414,-0.2715,-0.2480
1635676893774,4.2773,-5.3789,6.9570,0.8232,-0.2810,-0.2054
1635676893799,4.2500,-5.1914,6.7852,0.5913,-0.2864,-0.1639
1635676893804,4.1719,-5.0078,6.6211,0.3733,-0.2810,-0.1289
1635676893808,4.0586,-4.7930,6.5547,0.2179,-0.2810,-0.0874
1635676893820,4.0117,-4.5938,6.4414,0.0775,-0.2874,-0.0544
1635676893824,4.0664,-4.7031,6.2617,-0.0395,-0.2905,-0.0246
1635676893850,4.2070,-5.1172,6.0859,-0.0938,-0.2756,-0.0012
1635676893855,4.2969,-5.5430,6.0234,-0.0438,-0.2491,0.0137
1635676893859,4.3398,-5.8203,6.0547,0.0754,-0.2322,0.0158
1635676893870,4.4336,-5.8750,6.0234,0.1860,-0.2173,0.0126
1635676893875,4.5195,-5.6406,6.0117,0.2382,-0.2045,-0.0034
1635676893900,4.5000,-5.4688,6.0156,0.2435,-0.1981,-0.0278
1635676893905,4.5000,-5.3438,6.0195,0.2126,-0.2024,-0.0502
1635676893909,4.5508,-5.2188,6.0938,0.1648,-0.2045,-0.0704
1635676893920,4.5742,-5.1914,6.1367,0.1233,-0.2013,-0.0810
1635676893925,4.6133,-5.3555,6.1641,0.1265,-0.2056,-0.0853
1635676893951,4.7344,-5.4180,6.1289,0.1552,-0.2130,-0.0927
1635676893955,4.8516,-5.4219,6.1719,0.2009,-0.2141,-0.0980
1635676893960,4.9180,-5.4648,6.3047,0.2329,-0.2173,-0.0948
1635676893971,4.9883,-5.3594,6.4023,0.2478,-0.2225,-0.0980
1635676893975,5.1484,-5.2070,6.4805,0.2296,-0.2343,-0.0895
1635676894001,5.2852,-5.0938,6.5898,0.1605,-0.2374,-0.0661
1635676894006,5.4258,-5.0469,6.6484,0.0732,-0.2258,-0.0534
1635676894010,5.5039,-5.2539,6.6094,-0.0044,-0.2024,-0.0374
1635676894021,5.5508,-5.5273,6.4453,-0.0480,-0.1769,-0.0268
1635676894026,5.5234,-5.7109,6.3711,-0.0416,-0.1512,-0.0257
1635676894051,5.4453,-5.6445,6.3633,-0.0108,-0.1278,-0.0257
1635676894067,5.3438,-5.4219,6.3359,0.0392,-0.1119,-0.0310
1635676894072,5.3125,-5.1133,6.3516,0.0626,-0.0917,-0.0363
1635676894086,5.3164,-5.0352,6.5039,0.0169,-0.0673,-0.0119
1635676894094,5.2539,-5.2656,6.6680,-0.0651,-0.0513,0.0030
1635676894100,5.3086,-5.4336,6.7891,-0.0651,-0.0353,-0.0065
1635676894108,5.2813,-5.3672,6.7695,0.0052,-0.0034,0.0115
1635676894113,5.1563,-5.1641,6.7656,0.0977,0.0285,0.0211
1635676894123,5.0703,-5.0117,6.6914,0.1658,0.0540,0.0179
1635676894128,5.0195,-4.8789,6.5977,0.2020,0.0594,0.0115
1635676894153,5.0195,-4.7930,6.4492,0.2137,0.0540,-0.0172
1635676894157,4.9688,-4.7656,6.3008,0.2104,0.0530,-0.0331
1635676894162,4.8711,-4.8555,6.2695,0.2030,0.0551,-0.0310
1635676894172,4.8047,-4.8242,6.2383,0.1711,0.0455,-0.0353
1635676894177,4.7969,-4.5078,6.2500,0.1105,0.0200,-0.0587
1635676894203,4.8281,-4.7266,6.3242,0.0605,-0.0034,-0.0746
1635676894207,4.9766,-5.3867,6.4258,0.0477,-0.0162,-0.0555
1635676894212,5.1328,-5.4336,6.5742,0.0679,-0.0183,-0.0438
1635676894223,5.0938,-5.1563,6.6328,0.0754,-0.0236,-0.0300
1635676894227,5.0820,-5.0703,6.6758,0.0541,-0.0236,-0.0012
1635676894253,5.0313,-5.1016,6.6797,0.0499,-0.0045,0.0115
1635676894271,4.9219,-4.9648,6.2695,0.0584,0.0072,0.0147
1635676894275,4.6367,-4.1602,5.3281,-0.0140,-0.0034,0.0467
1635676894281,4.6602,-4.8750,5.3594,-0.0501,-0.0109,0.1126
1635676894286,4.6563,-6.1641,5.6797,0.1466,0.0551,0.0881
1635676894293,4.5820,-4.8398,5.8242,0.3606,0.0700,0.0754
1635676894298,4.5938,-3.8418,5.9961,0.2382,-0.0023,0.1116
1635676894324,5.1016,-5.5703,6.2617,-0.0321,-0.0204,0.0797
1635676894336,5.1016,-5.5703,6.2617,-0.0246,-0.0343,0.0850
1635676894341,5.2227,-5.6406,6.3750,0.0254,-0.0013,0.0764
1635676894346,5.1211,-5.5039,6.5977,0.0860,0.0296,0.0435
1635676894351,5.0625,-4.7148,6.7031,0.0754,0.0381,0.0381
1635676894364,5.0078,-4.4766,6.7305,-0.0076,0.0466,0.0520
1635676894369,5.0508,-4.6719,6.5977,-0.1055,0.0700,0.0520
1635676894394,4.9883,-4.7773,6.3438,-0.1810,0.0849,0.0349
1635676894399,4.8594,-4.4375,6.3477,-0.2438,0.0966,0.0073
1635676894403,4.9414,-4.3047,6.5000,-0.3333,0.1008,-0.0087
1635676894414,5.1172,-4.5742,6.6172,-0.4692,0.0923,-0.0278
1635676894419,5.3320,-5.1055,6.7227,-0.5684,0.0859,-0.0480
1635676894445,5.3984,-5.5273,6.7773,-0.5811,0.1041,-0.0555
1635676894449,5.3125,-5.5977,6.8594,-0.5425,0.1157,-0.0417
1635676894454,5.1758,-5.4023,6.8945,-0.5322,0.1072,-0.0321
1635676894465,5.1563,-5.4570,6.7891,-0.5469,0.0881,-0.0331
1635676894469,5.1250,-5.4766,6.6211,-0.5503,0.0721,-0.0289
1635676894495,5.0703,-5.3984,6.5898,-0.5361,0.0551,-0.0193
1635676894500,5.1680,-5.4297,6.7266,-0.5161,0.0455,-0.0151
1635676894516,5.2500,-5.5313,6.8047,-0.5073,0.0402,-0.0140
1635676894522,5.3789,-5.6836,6.6836,-0.5127,0.0359,-0.0140
1635676894526,5.5234,-6.0000,6.6758,-0.4832,0.0636,0.0020
1635676894535,5.5664,-6.3203,7.0859,-0.4277,0.1444,0.0403
1635676894540,5.5898,-5.8516,7.4570,-0.5117,0.2073,0.0594
1635676894580,5.6641,-5.5391,7.7500,-0.7407,0.2529,0.0797
1635676894591,5.9492,-6.3828,7.9766,-0.9683,0.3242,0.1317
1635676894598,6.2305,-7.3320,8.1563,-1.0918,0.4158,0.1849
1635676894604,6.4844,-7.9688,8.4375,-1.0820,0.5156,0.2499
1635676894609,6.7969,-8.2500,8.4766,-1.0566,0.6294,0.3264
1635676894614,6.7969,-8.1875,8.2656,-1.0078,0.7593,0.4329
1635676894620,6.5938,-7.9141,8.1484,-0.9365,0.9019,0.5645
1635676894625,6.3086,-7.6953,8.1719,-0.8809,1.0596,0.7061
1635676894636,5.8984,-7.6484,8.1328,-0.8843,1.2168,0.8232
1635676894641,5.4727,-7.4141,8.0469,-0.9565,1.3633,0.8735
1635676894666,5.1172,-6.8711,7.8633,-1.0625,1.5020,0.8970
1635676894679,4.7930,-6.5352,7.6914,-1.1670,1.6289,0.9170
1635676894684,4.5195,-6.4531,7.4570,-1.2646,1.7412,0.9341
1635676894690,4.0820,-6.1523,7.2539,-1.3154,1.8359,0.9341
1635676894695,3.6367,-5.8789,6.8828,-1.2979,1.9180,0.9097
1635676894707,3.2148,-5.6406,6.4180,-1.2861,1.9746,0.8530
1635676894712,2.8672,-5.3477,5.9766,-1.2695,2.0117,0.7725
1635676894737,2.5176,-5.0273,5.7148,-1.2236,2.0371,0.6895
1635676894746,2.0820,-4.7813,5.3555,-1.1689,2.0449,0.6157
1635676894751,1.7471,-4.6445,4.9102,-1.1309,2.0313,0.5327
1635676894757,1.3789,-4.5820,4.6289,-1.0801,2.0000,0.4392
1635676894761,1.0557,-4.3633,4.2969,-1.0225,1.9443,0.3372
1635676894787,0.8208,-4.2461,4.0313,-0.9438,1.8662,0.2201
1635676894792,0.6484,-4.3203,3.8086,-0.8545,1.7676,0.0956
1635676894796,0.5122,-4.3281,3.5391,-0.7363,1.6514,-0.0331
1635676894807,0.2681,-4.1602,3.1777,-0.5361,1.5273,-0.1639
1635676894812,-0.0144,-4.1289,2.8770,-0.1959,1.3809,-0.3054
1635676894838,0.0215,-4.4688,2.7832,0.2690,1.2100,-0.4619
1635676894840,0.2561,-5.3203,2.8320,0.8901,1.0342,-0.6514
1635676894841,0.6270,-6.8945,3.2188,1.7500,0.8423,-0.8589
1635676894868,1.2227,-8.7188,4.0703,2.7129,0.6240,-1.0508
1635676894872,1.8721,-10.2734,5.0391,3.6172,0.3518,-1.2236
1635676894877,2.5195,-10.9063,5.8477,4.2227,0.0657,-1.3320
1635676894888,3.0508,-9.4063,5.4727,4.1875,-0.1289,-1.2949
1635676894892,3.3242,-6.7461,4.3203,3.5801,-0.2067,-1.1182
1635676894918,3.8652,-5.4375,3.9277,2.7461,-0.1885,-0.8057
1635676894923,4.4219,-6.0273,4.4453,1.8291,-0.0949,-0.4214
1635676894927,4.4805,-7.6211,5.3945,0.7529,-0.0087,-0.0300
1635676894938,4.1875,-9.9063,6.2500,-0.3384,0.0051,0.2957
1635676894943,3.7383,-11.6953,6.2773,-1.1348,-0.0353,0.5229
1635676894968,2.4043,-11.0703,5.0000,-1.2139,-0.1130,0.7583
1635676894973,1.9746,-10.0703,4.7500,-0.8130,-0.1609,0.8477
1635676894978,1.7305,-9.0547,4.5938,-0.4673,-0.2333,0.9424
1635676894989,1.4316,-8.0313,4.4297,-0.2949,-0.3481,1.0352
1635676894993,1.3213,-7.3359,4.3281,-0.2703,-0.5024,1.1045
1635676895019,1.3838,-6.7695,4.4805,-0.3491,-0.6675,1.1543
1635676895023,1.3330,-6.1953,4.6602,-0.4543,-0.8193,1.1836
1635676895028,1.1846,-5.7930,4.7734,-0.5205,-0.9736,1.1885
1635676895039,1.0840,-5.4727,4.8086,-0.5342,-1.1328,1.1758
1635676895043,1.0195,-5.1563,4.7617,-0.5278,-1.2900,1.1426
1635676895071,0.9526,-4.8086,4.7227,-0.5361,-1.4453,1.0840
1635676895082,0.9072,-4.3320,4.8438,-0.5713,-1.5908,1.0049
1635676895089,0.7637,-3.8145,4.8438,-0.5894,-1.7080,0.9019
1635676895095,0.5791,-3.4844,4.9219,-0.5522,-1.8037,0.7798
1635676895100,0.5649,-3.4883,5.1836,-0.4236,-1.8877,0.6191
1635676895110,0.7134,-3.4688,5.3672,-0.2321,-1.9316,0.4170
1635676895115,0.7539,-3.3086,5.3594,0.0041,-1.9512,0.1881
1635676895151,0.7876,-3.0254,5.1250,0.2073,-1.9717,-0.0374
1635676895156,0.9526,-2.5156,4.8242,0.3083,-1.9785,-0.2598
1635676895160,1.1875,-1.7764,4.4063,0.3435,-1.9434,-0.4854
1635676895166,1.4883,-1.3379,4.5703,0.3840,-1.8770,-0.6851
1635676895170,2.2422,-2.3457,5.6211,0.4189,-1.8047,-0.8281
1635676895180,3.3672,-4.0352,6.9141,0.3052,-1.7236,-0.9600
1635676895184,4.0313,-5.1016,7.8594,0.0892,-1.6084,-1.0723
1635676895210,4.1367,-5.7578,8.4063,-0.0884,-1.4688,-1.1367
1635676895215,4.3477,-6.5469,8.5078,-0.1714,-1.3389,-1.1768
1635676895219,4.8359,-7.1875,8.4766,-0.1671,-1.1875,-1.1807
1635676895238,5.3828,-7.3359,8.4297,-0.0906,-1.0137,-1.1348
1635676895243,5.9375,-7.5742,8.2266,0.0296,-0.8481,-1.0576
1635676895251,6.1875,-7.9102,8.0859,0.1041,-0.7036,-0.9565
1635676895257,6.2891,-8.2578,8.1250,0.1147,-0.5830,-0.8384
1635676895281,6.3125,-8.3125,7.9648,-0.0001,-0.4800,-0.7500
1635676895287,6.1719,-8.0938,7.6914,-0.1991,-0.3992,-0.6895
1635676895292,5.9063,-7.8047,7.4258,-0.3916,-0.3406,-0.6318
1635676895317,5.7500,-7.7656,7.4492,-0.4980,-0.3003,-0.5767
1635676895334,5.7617,-7.6133,7.4688,-0.4927,-0.2482,-0.5278
1635676895350,5.6680,-7.5352,7.2969,-0.3469,-0.1927,-0.4768
1635676895369,5.5664,-7.3633,6.9922,-0.1481,-0.1460,-0.4172
1635676895383,5.4805,-6.9453,6.7148,0.0669,-0.1066,-0.3853
1635676895389,5.3477,-6.5859,6.5977,0.1840,-0.0779,-0.3555
1635676895394,5.2500,-6.4297,6.5391,0.1605,-0.0619,-0.3298
1635676895401,5.3867,-6.5234,6.4297,0.0850,-0.0587,-0.3342
1635676895432,5.3945,-6.4570,6.2070,0.0147,-0.0640,-0.3342
1635676895464,5.2539,-6.3047,5.9570,0.0094,-0.0704,-0.3257
1635676895471,5.2539,-6.2383,5.8242,0.0626,-0.0715,-0.3086
1635676895481,5.2813,-5.7500,5.8086,0.0903,-0.0715,-0.2769
1635676895497,5.6484,-4.8789,5.9609,-0.0501,-0.0417,-0.1970
1635676895502,5.9141,-6.4180,6.1953,-0.3843,0.0253,-0.0619
1635676895518,5.5859,-7.3164,6.2734,-0.5161,0.0806,-0.0853
1635676895546,5.1992,-6.7148,6.0039,-0.3086,0.0966,-0.0629
1635676895563,5.1250,-6.1094,5.5977,-0.1693,0.0870,-0.0406
1635676895572,4.9609,-5.8398,5.2852,-0.1364,0.0657,-0.0619
1635676895579,4.9492,-5.7383,5.0195,-0.1533,0.0423,-0.0491
1635676895592,4.9727,-6.0586,4.8789,-0.1427,0.0285,-0.0449
1635676895600,4.9727,-6.2813,4.7578,-0.0874,0.0051,-0.0523
1635676895605,5.0977,-5.9844,4.8867,-0.0395,-0.0343,-0.0544
1635676895612,5.2852,-5.8789,5.2773,-0.1129,-0.0619,-0.0406
1635676895617,5.1953,-6.1523,5.4727,-0.2300,-0.0598,-0.0289
1635676895623,5.3359,-6.0117,5.3438,-0.2905,-0.0609,-0.0246
1635676895629,5.4023,-6.3984,5.5938,-0.2311,-0.0374,-0.0129
1635676895645,5.1055,-6.2695,5.6563,-0.1501,-0.0098,-0.0246
1635676895651,4.9336,-5.6250,5.3750,-0.1980,-0.0109,-0.0278
1635676895662,5.0156,-6.6328,4.8945,-0.3713,-0.0151,-0.0363
1635676895678,4.7773,-5.8906,4.9023,-0.3704,0.0147,-0.0108
1635676895694,4.8867,-5.9453,4.9219,-0.4353,0.0168,-0.0012
1635676895711,4.9648,-6.4922,5.1289,-0.4661,0.0242,0.0073
1635676895716,5.0469,-6.4609,5.0742,-0.4258,0.0242,0.0169
1635676895727,5.2266,-6.4414,5.4727,-0.4182,0.0572,0.0392
1635676895743,4.9844,-6.6953,5.8945,-0.4055,0.1094,0.0424
1635676895755,5.4727,-5.9023,5.5820,-0.4714,0.1125,0.0286
1635676895776,5.5742,-6.6758,5.6953,-0.5557,0.1796,0.0732
1635676895781,5.5391,-7.4297,5.9844,-0.4800,0.2539,0.1062
1635676895793,5.5898,-7.5859,6.5117,-0.3481,0.2998,0.1392
1635676895809,5.6992,-7.1484,6.4102,-0.3364,0.3125,0.1488
1635676895825,5.5430,-6.6445,6.0508,-0.4971,0.3030,0.1829
1635676895842,5.3867,-6.7773,5.6953,-0.6895,0.3083,0.2382
1635676895860,5.5039,-7.5430,5.3984,-0.8364,0.3157,0.2859
1635676895893,5.5156,-7.7930,5.2500,-0.8164,0.3242,0.2871
1635676895907,5.2695,-7.4648,5.3633,-0.6724,0.3423,0.2881
1635676895923,5.2383,-7.5430,5.7305,-0.5181,0.3806,0.3083
1635676895937,5.1602,-7.4375,5.8398,-0.4150,0.4072,0.3274
1635676895942,5.0469,-7.3047,5.8203,-0.3374,0.4116,0.3413
1635676895947,5.0469,-7.3867,5.9023,-0.2832,0.4199,0.3679
1635676895952,5.1016,-7.2734,5.9141,-0.2715,0.4360,0.4009
1635676895958,5.0703,-7.1250,5.8008,-0.3320,0.4497,0.4338
1635676895963,5.0469,-6.9063,5.7578,-0.4524,0.4712,0.4722
1635676895968,5.1641,-7.2070,5.7930,-0.5684,0.5156,0.5298
1635676895973,5.2266,-7.9023,5.8516,-0.6406,0.5796,0.5840
1635676895978,5.0820,-8.1797,5.8867,-0.6616,0.6519,0.6167
1635676895983,5.0000,-8.1250,5.9219,-0.6929,0.7222,0.6348
1635676895988,4.9609,-8.0156,6.0703,-0.7607,0.7915,0.6475
1635676895993,4.9961,-7.9453,6.2813,-0.8525,0.8594,0.6787
1635676895998,5.0000,-8.0156,6.4531,-0.9575,0.9326,0.7373
1635676896003,4.8711,-8.1563,6.4180,-1.0332,1.0176,0.8086
1635676896008,4.6172,-8.0625,6.1367,-1.0605,1.1064,0.8682
1635676896013,4.2656,-7.9688,5.8789,-1.0430,1.2031,0.9136
1635676896017,3.8965,-7.7539,5.8438,-0.9897,1.2998,0.9307
1635676896022,3.6113,-7.4375,5.9102,-0.9238,1.3936,0.9233
1635676896027,3.3887,-7.3086,5.8555,-0.8779,1.4854,0.9072
1635676896032,3.3672,-7.3008,5.6914,-0.8462,1.5830,0.8901
1635676896037,3.1328,-7.3594,5.5039,-0.8076,1.6846,0.8745
1635676896043,2.7734,-7.2148,5.1875,-0.7939,1.7754,0.8501
1635676896048,2.3340,-6.8125,4.9102,-0.8022,1.8457,0.8105
1635676896053,1.9336,-6.3438,4.6289,-0.8203,1.8916,0.7573
1635676896058,1.5342,-6.1133,4.2930,-0.8501,1.9092,0.7031
1635676896063,1.2012,-5.8789,3.9199,-0.8896,1.8945,0.6318
1635676896067,0.9551,-5.6680,3.5586,-0.9150,1.8535,0.5425
1635676896073,0.7466,-5.5039,3.1934,-0.9238,1.7949,0.4456
1635676896078,0.6055,-5.4023,2.9023,-0.9204,1.7197,0.3403
1635676896089,0.4834,-5.3555,2.5703,-0.8823,1.6387,0.2212
1635676896091,0.2944,-5.1211,2.2930,-0.7778,1.5508,0.0913
1635676896092,0.0790,-5.0273,2.0156,-0.5386,1.4521,-0.0374
1635676896093,0.1508,-5.6719,1.7852,-0.1044,1.3438,-0.1927
1635676896108,0.4045,-6.6758,1.5869,0.4658,1.2090,-0.3672
1635676896113,0.6631,-7.5078,1.5078,1.1016,1.0361,-0.5747
1635676896118,0.9551,-8.4453,1.6133,1.7334,0.8369,-0.7969
1635676896126,1.4053,-9.5703,1.8672,2.2285,0.6147,-0.9863
1635676896139,1.9912,-9.9766,1.8857,2.4219,0.3892,-1.1230
1635676896144,2.3555,-8.8750,1.4863,2.2188,0.1807,-1.1523
1635676896169,3.4531,-6.4844,0.8975,0.7031,-0.0098,-0.7490
1635676896173,3.8887,-8.0625,1.4385,-0.0789,-0.0406,-0.4385
1635676896178,3.9355,-10.1797,2.1699,-0.6011,-0.0959,-0.1225
1635676896189,3.6328,-11.6094,2.6250,-0.8579,-0.1970,0.1488
1635676896193,3.0273,-12.2031,2.6406,-0.8481,-0.3237,0.3350
1635676896219,2.4883,-11.8359,2.4297,-0.6021,-0.4587,0.4573
1635676896236,2.1152,-10.5859,2.3027,-0.2023,-0.5864,0.5361
1635676896241,1.8789,-9.3281,2.3438,0.1829,-0.7065,0.5977
1635676896246,1.6807,-8.3828,2.4219,0.4338,-0.8149,0.6338
1635676896251,1.5098,-7.8164,2.5059,0.5479,-0.9292,0.6426
1635676896259,1.4355,-7.5000,2.6582,0.5464,-1.0488,0.6265
1635676896264,1.5098,-7.3086,3.0117,0.4861,-1.1787,0.5776
1635676896290,1.5586,-6.9336,3.5000,0.4021,-1.2969,0.5156
1635676896294,1.4434,-6.5352,4.1055,0.3774,-1.3994,0.4446
1635676896299,1.3213,-6.2891,4.6445,0.4468,-1.4814,0.3689
1635676896310,1.2803,-6.1641,4.9648,0.5913,-1.5547,0.2903
1635676896314,1.2393,-5.8320,5.0977,0.7637,-1.6025,0.1956
1635676896340,1.1152,-5.4102,5.0977,0.9189,-1.6367,0.0903
1635676896345,1.1465,-5.2266,5.2773,1.0938,-1.6582,-0.0406
1635676896349,1.2734,-5.1211,5.3594,1.2910,-1.6279,-0.1970
1635676896360,1.2393,-4.8828,4.9102,1.4629,-1.5703,-0.3118
1635676896365,1.2539,-5.1445,4.2383,1.6533,-1.5020,-0.4194
1635676896390,1.5059,-5.7617,3.7012,1.8525,-1.4443,-0.5415
1635676896395,1.8721,-5.5898,3.4063,2.0176,-1.3975,-0.6768
1635676896400,2.1113,-4.6289,3.4844,2.0859,-1.3311,-0.8140
1635676896411,2.3438,-3.9277,4.3242,1.9551,-1.2998,-0.8979
1635676896415,3.0820,-4.3789,6.0117,1.7236,-1.2861,-0.9727
1635676896441,3.9824,-5.4297,7.9141,1.5313,-1.2080,-1.0156
1635676896445,4.4766,-7.2031,9.2891,1.6162,-1.0859,-1.0029
1635676896450,4.9570,-8.7734,9.7109,1.9307,-0.9365,-0.9707
1635676896461,5.1172,-8.6875,9.5469,2.2598,-0.7354,-0.9141
1635676896465,4.6836,-7.4219,8.9609,2.4609,-0.5503,-0.8291
1635676896491,4.0820,-5.8125,8.2422,2.3750,-0.4438,-0.7588
1635676896496,3.8320,-4.8711,7.9883,2.0215,-0.3938,-0.6812
1635676896501,3.9453,-4.8867,8.0781,1.4199,-0.3491,-0.5864
1635676896511,3.9902,-5.1172,8.1797,0.6499,-0.2905,-0.4917
1635676896516,3.8281,-5.5430,8.0156,-0.0810,-0.2534,-0.4268
1635676896542,3.7559,-6.3594,7.5000,-0.5596,-0.2258,-0.3992
1635676896546,3.8008,-7.2656,7.1094,-0.7373,-0.1821,-0.3599
1635676896551,3.8242,-8.0625,6.9102,-0.6406,-0.1470,-0.2852
1635676896562,3.8145,-8.3125,6.6953,-0.3779,-0.1247,-0.2183
1635676896566,3.6055,-7.9102,6.4844,-0.0778,-0.1162,-0.1438
1635676896592,3.4688,-7.3398,6.3086,0.1626,-0.1278,-0.0555
1635676896599,3.3398,-6.8555,6.0859,0.2637,-0.1652,0.0317
1635676896604,3.2422,-6.5156,5.7266,0.2382,-0.2290,0.1126
1635676896614,3.1973,-6.1289,5.3047,0.1317,-0.3088,0.1807
1635676896618,3.2383,-5.9375,5.3047,0.0616,-0.3789,0.2233
1635676896643,3.2617,-5.7578,5.8789,0.0903,-0.4185,0.2445
1635676896647,3.0684,-5.4102,6.3008,0.2052,-0.4365,0.2413
1635676896652,2.9961,-5.3984,6.4023,0.3381,-0.4534,0.2158
1635676896686,3.3438,-6.1914,6.4922,0.5391,-0.4727,0.1552
1635676896691,3.8008,-6.6328,6.6797,0.7500,-0.4600,0.0892
1635676896695,4.0508,-6.3242,7.0195,0.9316,-0.4365,0.0190
1635676896700,4.3477,-5.5820,7.0000,0.9702,-0.4001,-0.0363
1635676896709,4.5000,-4.8242,6.8516,0.8564,-0.3450,-0.0512
1635676896714,4.6602,-4.4648,7.0313,0.6968,-0.2588,-0.0289
1635676896723,4.8477,-4.7344,7.2930,0.5923,-0.1630,-0.0023
1635676896728,4.9180,-5.1328,7.4766,0.5542,-0.0715,0.0062
1635676896756,4.9453,-5.3242,7.5391,0.5977,0.0179,-0.0119
1635676896758,4.8672,-5.3672,7.4453,0.6753,0.0806,-0.0470
1635676896759,4.7930,-5.2227,7.2109,0.7402,0.1104,-0.1587
1635676896784,4.8828,-4.8906,7.2852,0.7051,0.0955,-0.2214
1635676896788,4.8945,-4.3945,7.4336,0.5957,0.0806,-0.2734
1635676896793,4.8477,-3.9297,7.5625,0.4382,0.0476,-0.3098
1635676896804,4.8086,-3.5059,7.4688,0.2445,0.0094,-0.3225
1635676896808,4.8242,-3.3984,7.2266,0.0722,-0.0183,-0.3193
1635676896834,4.9258,-3.8809,7.0742,-0.0023,-0.0332,-0.3086
1635676896839,5.0313,-4.2305,7.0391,0.0137,-0.0545,-0.2991
1635676896843,5.1133,-4.2227,6.9063,0.0445,-0.0789,-0.3022
1635676896854,5.0664,-4.1680,6.7461,0.0541,-0.1141,-0.3086
1635676896859,5.1797,-4.2539,6.8203,0.0669,-0.1566,-0.3140
1635676896884,5.2734,-4.1563,6.9609,0.0573,-0.2034,-0.3108
1635676896889,5.3125,-3.8730,7.0195,0.0105,-0.2491,-0.2991
1635676896893,5.3984,-3.6270,6.9023,-0.0608,-0.2810,-0.2905
1635676896905,5.5039,-3.7500,6.6953,-0.0938,-0.2971,-0.2927
1635676896909,6.1016,-3.5898,6.1133,-0.1086,-0.2886,-0.2883
1635676896934,6.7656,-3.9922,7.0313,-0.2097,-0.1321,-0.1917
1635676896939,6.0156,-5.8711,7.7930,-0.3108,-0.0279,-0.0948
1635676896943,6.7383,-5.5508,8.2344,-0.1788,0.0274,-0.1183
1635676896955,5.9688,-6.0273,8.6563,-0.1959,0.0892,0.0169
1635676896959,5.6719,-5.1445,8.1563,-0.2617,0.0487,-0.0087
1635676896985,5.5938,-4.3320,7.2852,-0.4128,0.0136,0.0424
1635676896989,5.4336,-4.7656,6.7578,-0.5469,0.0594,0.0892
1635676896993,5.1055,-5.0117,6.7109,-0.5439,0.0721,0.1201
1635676897005,4.9102,-4.9102,6.3672,-0.5723,0.0370,0.1254
1635676897009,5.1406,-4.4609,6.0156,-0.6152,0.0306,0.0967
1635676897035,4.9414,-4.2539,6.6094,-0.6245,0.0796,0.0658
1635676897039,4.9219,-4.1484,6.9531,-0.6460,0.0838,0.0296
1635676897044,4.8789,-4.3711,7.0625,-0.7139,0.0604,-0.0151
1635676897055,5.0508,-4.4492,6.9375,-0.7598,0.0423,-0.0353
1635676897060,5.2188,-4.9102,7.0742,-0.7373,0.0753,-0.0449
1635676897086,5.2695,-5.1289,7.1563,-0.7002,0.1125,-0.0289
1635676897095,5.1016,-5.2617,7.0742,-0.7075,0.1455,-0.0204
1635676897096,5.0664,-5.1328,6.7383,-0.7598,0.1498,-0.0268
1635676897107,5.1641,-5.4609,6.6641,-0.8096,0.1498,-0.0385
1635676897109,5.1328,-5.6328,6.5625,-0.8970,0.1285,-0.0427
1635676897138,5.1758,-5.7070,6.4023,-0.9707,0.1083,-0.0406
1635676897140,5.2500,-5.7422,6.4102,-0.9692,0.1008,-0.0331
1635676897141,5.2344,-5.6523,6.3555,-0.9331,0.0870,-0.0257
1635676897168,5.2539,-5.9336,6.3945,-0.8877,0.0646,-0.0151
1635676897170,5.3828,-6.1758,6.2500,-0.7671,0.0466,-0.0129
1635676897171,5.4375,-6.2383,6.1641,-0.6235,0.0423,-0.0023
1635676897198,5.4883,-5.8164,5.9844,-0.5244,0.0519,0.0243
1635676897200,5.4609,-5.4844,5.9844,-0.5513,0.0817,0.0860
1635676897202,5.4180,-6.2031,6.2578,-0.6353,0.1423,0.1583
1635676897228,5.3477,-6.6836,6.5156,-0.7031,0.1838,0.2052
1635676897229,5.3359,-6.9766,6.7656,-0.7490,0.2019,0.2328
1635676897231,5.4805,-7.0430,6.8867,-0.7993,0.2168,0.2561
1635676897258,5.5117,-7.0469,6.9180,-0.8564,0.2434,0.2988
1635676897260,5.4844,-7.5625,6.9609,-0.8564,0.2871,0.3679
1635676897261,5.4297,-7.9766,7.0547,-0.7896,0.3286,0.4424
1635676897288,5.2969,-7.9570,7.1172,-0.6958,0.3657,0.5137
1635676897290,5.1445,-7.6484,7.0703,-0.6553,0.3999,0.5967
1635676897291,5.0820,-7.7852,7.0508,-0.7046,0.4424,0.6860
1635676897319,5.0703,-8.0391,7.0664,-0.7969,0.4934,0.7764
1635676897321,4.9648,-8.0313,7.0039,-0.8940,0.5498,0.8564
1635676897323,4.6797,-8.1016,7.0352,-0.9375,0.6147,0.9268
1635676897347,4.5469,-8.1328,7.0273,-0.9438,0.6797,0.9946
1635676897349,4.2383,-7.8438,6.9141,-0.9395,0.7500,1.0342
1635676897350,3.8945,-7.5508,6.8555,-0.9204,0.8306,1.0625
1635676897377,3.5879,-7.3320,6.8633,-0.9204,0.9180,1.0723
1635676897379,3.4473,-7.4258,6.9453,-0.9175,1.0039,1.0664
1635676897380,3.2305,-7.1250,6.7734,-0.9331,1.0918,1.0527
1635676897409,2.7734,-6.5234,6.5430,-0.9258,1.1836,1.0352
1635676897411,2.5566,-6.4883,6.4063,-0.9004,1.2725,1.0244
1635676897412,2.2539,-6.4414,6.1836,-0.8301,1.4053,0.9575
1635676897439,1.4580,-5.8125,5.5273,-0.7427,1.4492,0.9033
1635676897441,1.1299,-5.4336,5.1133,-0.6577,1.4697,0.8267
1635676897443,0.8906,-5.1680,4.7734,-0.5776,1.4697,0.7349
1635676897469,0.7036,-4.9453,4.5273,-0.4949,1.4443,0.6294
1635676897471,0.5410,-4.7422,4.2305,-0.4119,1.3936,0.5166
1635676897473,0.3950,-4.6250,3.8965,-0.3162,1.3174,0.3967
1635676897500,0.3542,-4.5430,3.6875,-0.1991,1.2285,0.2690
1635676897501,0.2512,-4.4141,3.4473,-0.0236,1.1270,0.1360
1635676897503,0.1221,-4.4531,3.2461,0.2710,1.0146,-0.0193
1635676897530,0.1891,-5.1289,3.0352,0.6563,0.8799,-0.1906
1635676897532,0.3901,-5.9922,2.8691,1.0752,0.7188,-0.3748
1635676897533,0.6846,-7.2695,2.7715,1.5586,0.5410,-0.5791
1635676897560,1.1152,-9.2813,3.1348,2.2676,0.3274,-0.7905
1635676897562,1.6299,-10.7500,3.9707,3.0352,0.0998,-0.9448
1635676897564,2.2773,-10.5938,4.1484,3.4590,-0.1045,-0.9790
1635676897590,2.7051,-8.7422,3.4648,3.3770,-0.2343,-0.8799
1635676897592,3.1172,-6.2305,2.6035,2.7969,-0.2705,-0.5903
1635676897596,3.6836,-6.0898,2.9551,2.0762,-0.2290,-0.2151
1635676897621,3.9336,-8.1875,4.2109,1.3506,-0.1896,0.2190
1635676897622,3.7598,-10.3047,5.2461,0.5806,-0.2225,0.6074
1635676897624,3.1719,-11.6172,5.5039,-0.0140,-0.3130,0.8735
1635676897651,2.6191,-11.5313,5.0586,-0.2427,-0.4268,1.0371
1635676897653,2.0723,-10.3594,4.5273,-0.1736,-0.5278,1.1484
1635676897654,1.6582,-8.9609,4.1172,-0.0576,-0.6396,1.2422
1635676897681,1.3379,-7.8086,3.8340,-0.0470,-0.7778,1.3135
1635676897683,1.1318,-7.0117,3.6387,-0.1671,-0.9355,1.3633
1635676897684,1.0078,-6.4766,3.4609,-0.3843,-1.1025,1.3779
1635676897711,0.9263,-6.0977,3.5332,-0.6270,-1.2734,1.3545
1635676897713,0.8760,-5.6484,3.7813,-0.8276,-1.4258,1.2910
1635676897715,0.7681,-5.0703,3.9512,-0.9458,-1.5518,1.1895
1635676897742,0.5601,-4.4609,4.0938,-0.9736,-1.6543,1.0703
1635676897743,0.4524,-4.0313,4.2539,-0.9023,-1.7266,0.9307
1635676897745,0.3350,-3.8496,4.3008,-0.7515,-1.7695,0.7656
1635676897772,0.3518,-3.7441,4.3359,-0.5776,-1.8008,0.5776
1635676897773,0.4092,-3.4609,4.5039,-0.4629,-1.8135,0.3508
1635676897775,0.2346,-2.9238,4.8477,-0.4470,-1.8213,0.0945
1635676897802,0.0000,-2.2480,5.0352,-0.5127,-1.8359,-0.1757
1635676897804,-0.0958,-1.7715,5.1250,-0.6460,-1.8564,-0.4438
1635676897805,0.1484,-1.9434,5.0313,-0.8022,-1.8389,-0.7046
1635676897833,0.7324,-2.7070,5.1445,-0.9312,-1.7969,-0.9409
1635676897835,1.5029,-3.6641,5.3359,-1.0205,-1.7178,-1.1465
1635676897837,2.1523,-4.4258,5.4219,-1.1289,-1.6016,-1.3057
1635676897861,2.8242,-5.5391,5.5938,-1.1875,-1.4590,-1.4219
1635676897863,3.7969,-7.0547,5.8477,-1.1768,-1.3115,-1.5020
1635676897864,4.8281,-8.4375,6.2578,-1.0811,-1.1367,-1.5342
1635676897891,5.3789,-9.3906,6.5547,-0.8926,-0.9492,-1.5059
1635676897893,5.6406,-10.0547,6.7227,-0.5918,-0.7983,-1.4404
1635676897894,5.8906,-10.2578,6.8203,-0.2491,-0.6802,-1.3379
1635676897923,6.0625,-9.9922,6.9141,0.0732,-0.5894,-1.2109
1635676897925,6.2109,-9.5156,6.9570,0.2593,-0.5161,-1.0635
1635676897926,6.2773,-8.7031,6.7578,0.2073,-0.4609,-0.9131
1635676897953,6.3789,-7.7539,6.6406,-0.0693,-0.4216,-0.7734
1635676897955,6.3828,-7.1094,6.4102,-0.5073,-0.3555,-0.6387
1635676897957,6.3398,-7.1797,6.2500,-0.9844,-0.2917,-0.5151
1635676897983,6.3828,-7.8945,5.9063,-1.3525,-0.2576,-0.4299
1635676897985,6.4336,-9.1406,5.4102,-1.4043,-0.2258,-0.3865
1635676897987,6.4609,-10.2031,5.1016,-0.9771,-0.1918,-0.3748
1635676898014,6.2813,-10.0391,5.0508,-0.2374,-0.1417,-0.3491
1635676898015,5.9961,-9.0859,5.1016,0.5337,-0.1013,-0.3298
1635676898017,5.8164,-7.8047,5.1992,1.0371,-0.1013,-0.3044
1635676898044,5.5703,-6.6055,5.1484,1.1260,-0.1343,-0.2756
1635676898046,5.4219,-5.6250,4.9570,0.4221,-0.2300,-0.2257
1635676898047,5.5195,-5.4805,4.8281,0.0552,-0.2449,-0.2225
1635676898074,5.5039,-5.8633,4.7344,-0.1002,-0.2534,-0.2374
1635676898076,5.5820,-6.0391,4.6133,-0.0501,-0.2576,-0.2620
1635676898078,6.1758,-5.1797,4.7734,0.0690,-0.2225,-0.2576
1635676898107,6.2695,-6.2695,5.1055,0.0126,-0.1268,-0.1267
1635676898109,6.8594,-7.5195,5.0820,-0.0214,-0.0385,-0.1490
1635676898110,6.5195,-7.7461,5.8594,0.1669,0.0551,-0.0576
1635676898135,6.1484,-7.3906,5.7500,0.1456,0.0977,0.0222
1635676898137,6.4102,-7.5000,5.3125,0.0243,0.1232,0.0435
1635676898139,5.8555,-7.1406,4.6367,-0.1140,0.1051,0.0913
1635676898165,5.8906,-7.3398,3.4395,-0.1565,0.0753,0.1020
1635676898167,6.3477,-8.7266,3.5918,0.0084,0.1019,0.1328
1635676898168,5.4961,-7.6797,4.5000,0.3860,0.1285,0.1274
1635676898195,5.7422,-6.6836,4.8164,0.5000,0.1157,0.1647
1635676898197,5.3438,-6.5820,5.0352,0.3308,0.0859,0.1445
1635676898199,5.0742,-6.3633,5.0000,0.2593,0.0498,0.1254
1635676898226,5.3867,-5.9297,4.5313,0.1488,0.0125,0.1052
1635676898228,5.2227,-6.0117,4.5000,0.0233,0.0274,0.0658
1635676898230,5.2461,-6.1758,4.5117,-0.0033,0.0646,0.0275
1635676898256,5.2734,-6.0352,4.5469,-0.0671,0.0987,-0.0044
1635676898258,5.1992,-6.1445,4.4570,-0.1342,0.1232,-0.0523
1635676898259,5.4102,-6.3086,4.4258,-0.1746,0.1615,-0.0693
1635676898286,5.3438,-6.6992,4.7656,-0.1725,0.2094,-0.0821
1635676898288,5.3125,-6.5781,5.0625,-0.1650,0.2222,-0.0864
1635676898290,5.4023,-6.6094,4.9883,-0.1959,0.2349,-0.0842
1635676898317,5.3984,-7.0664,4.9414,-0.2076,0.2625,-0.0800
1635676898318,5.3164,-7.0039,4.9219,-0.1863,0.2805,-0.0874
1635676898320,5.2305,-6.6289,4.8750,-0.1917,0.2871,-0.1044
1635676898348,5.4219,-6.9844,4.8281,-0.2544,0.2976,-0.1066
1635676898350,5.6172,-7.3008,4.8633,-0.2617,0.3052,-0.1108
1635676898352,5.6523,-7.0938,4.9961,-0.2045,0.3157,-0.0991
1635676898376,5.5938,-6.8398,5.1680,-0.1746,0.3391,-0.0512
1635676898377,5.5820,-7.3477,5.4258,-0.2194,0.3838,0.0126
1635676898378,5.6406,-7.6602,5.4453,-0.3149,0.4104,0.0488
1635676898406,5.7500,-7.9414,5.5352,-0.4407,0.4285,0.0850
1635676898407,5.8516,-8.6406,5.7773,-0.5522,0.4680,0.1403
1635676898408,5.9375,-8.8047,5.9805,-0.5903,0.5127,0.2095
1635676898438,6.0391,-9.1172,6.0469,-0.5894,0.5742,0.3115
1635676898439,6.0586,-9.3438,6.0547,-0.5874,0.6528,0.4329
1635676898441,5.9063,-9.2266,6.0273,-0.6064,0.7349,0.5596
1635676898468,5.7070,-9.0625,6.0586,-0.6660,0.8159,0.6733
1635676898470,5.4570,-8.8516,6.1641,-0.7725,0.8892,0.7725
1635676898471,5.1875,-8.6875,6.2891,-0.8833,0.9639,0.8564
1635676898498,4.9023,-8.5469,6.2266,-0.9717,1.0430,0.9224
1635676898500,4.6016,-8.3828,6.0391,-1.0068,1.1250,0.9692
1635676898502,4.2344,-8.2969,5.8125,-1.0000,1.2051,0.9980
1635676898526,3.9629,-8.0703,5.6992,-0.9673,1.2852,1.0166
1635676898527,3.7188,-7.6992,5.6406,-0.9185,1.3633,1.0225
1635676898528,3.4824,-7.5703,5.4961,-0.8511,1.4395,1.0225
1635676898556,3.3691,-7.5078,5.2656,-0.7842,1.5039,1.0107
1635676898560,3.0059,-7.1602,4.9492,-0.7383,1.5615,0.9927
1635676898561,2.6660,-6.9453,4.6680,-0.7012,1.6113,0.9668
1635676898586,2.3613,-6.6797,4.3945,-0.6694,1.6465,0.9287
1635676898590,2.0039,-6.2813,4.1602,-0.6201,1.6670,0.8765
1635676898591,1.6875,-6.0352,3.9941,-0.4673,1.6709,0.7319
1635676898622,1.1465,-5.6211,3.5332,-0.3960,1.6465,0.6382
1635676898626,0.9526,-5.3711,3.3223,-0.3374,1.6035,0.5273
1635676898628,0.7993,-5.2109,3.1563,-0.2703,1.5498,0.4063
1635676898654,0.6680,-5.1445,2.9902,-0.1714,1.4893,0.2808
1635676898664,0.5815,-5.0859,2.7109,-0.0470,1.4199,0.1552
1635676898670,0.3328,-4.8047,2.4492,0.1116,1.3408,0.0147
1635676898678,0.1699,-4.6992,2.1953,0.3296,1.2500,-0.1598
1635676898684,0.1771,-5.1211,1.8789,0.6030,1.1357,-0.3865
1635676898692,0.2250,-5.9688,1.6367,0.9458,0.9956,-0.6372
1635676898698,0.3782,-7.1875,1.8242,1.4316,0.8315,-0.9087
1635676898710,0.8784,-8.6797,2.3359,2.0313,0.6436,-1.1777
1635676898717,1.7236,-10.6406,3.1250,2.6211,0.4243,-1.4219
1635676898731,2.7930,-12.2734,3.7129,3.0527,0.1775,-1.5674
1635676898737,3.4727,-11.2188,3.3672,3.0781,-0.0141,-1.5527
1635676898751,3.7109,-7.4414,1.5869,2.4902,-0.0949,-1.3076
1635676898757,4.7617,-5.1016,0.8232,1.5928,-0.0396,-0.8525
1635676898771,5.5273,-7.4336,2.1348,0.8936,0.1104,-0.3384
1635676898777,5.3047,-10.5859,3.9199,0.3074,0.1593,0.2104
1635676898791,4.5117,-12.4688,4.7070,-0.2097,0.0775,0.6797
1635676898797,3.7051,-12.9297,4.5000,-0.4448,-0.0311,0.9106
1635676898811,2.8438,-12.0781,4.0547,-0.2417,-0.1278,1.0225
1635676898817,2.1758,-10.4063,3.7324,0.1425,-0.2130,1.0986
1635676898834,1.6826,-8.8984,3.4883,0.4116,-0.3076,1.1689
1635676898841,1.2998,-7.9453,3.3320,0.4722,-0.4299,1.2080
1635676898852,1.1270,-7.3281,3.2363,0.3445,-0.5659,1.2119
1635676898858,1.0508,-7.0430,3.2305,0.1296,-0.7046,1.1797
1635676898872,0.9956,-6.7852,3.2246,-0.1236,-0.8320,1.1328
1635676898879,0.7876,-6.3984,3.2949,-0.3098,-0.9512,1.0615
1635676898892,0.6655,-5.8984,3.5977,-0.4375,-1.0723,0.9766
1635676898899,0.5503,-5.3828,3.9277,-0.5269,-1.1914,0.8838
1635676898912,0.3901,-4.9375,4.0859,-0.5513,-1.3076,0.7852
1635676898918,0.2346,-4.4961,4.1367,-0.5225,-1.4023,0.6787
1635676898931,0.1652,-4.2891,4.0313,-0.4375,-1.4717,0.5625
1635676898938,0.2178,-4.3906,3.6973,-0.3342,-1.5215,0.4338
1635676898961,0.2727,-4.5781,3.6934,-0.2385,-1.5703,0.2859
1635676898966,0.5122,-4.6484,4.0938,-0.1215,-1.6035,0.1169
1635676898970,0.7373,-4.6289,4.4805,0.0073,-1.6191,-0.0608
1635676898981,0.8760,-4.7773,4.6875,0.1265,-1.6201,-0.2279
1635676898986,0.9790,-4.8711,4.9219,0.2264,-1.6045,-0.3811
1635676899001,1.2227,-4.7930,5.1719,0.2827,-1.5713,-0.5215
1635676899006,1.4355,-4.4648,5.3320,0.2179,-1.5313,-0.6470
1635676899032,1.7090,-4.2148,5.5586,-0.0044,-1.4727,-0.7437
1635676899036,2.1660,-4.7109,5.7656,-0.3181,-1.3867,-0.8291
1635676899041,2.6992,-6.0547,5.9961,-0.5947,-1.3145,-0.9097
1635676899052,3.4785,-7.6211,6.1953,-0.7202,-1.2490,-0.9951
1635676899056,3.9883,-8.5000,6.2656,-0.7246,-1.1572,-1.0498
1635676899082,4.1914,-8.7734,6.2695,-0.6343,-1.0684,-1.0752
1635676899100,4.4531,-8.5781,6.3672,-0.5415,-0.9941,-1.0752
1635676899111,4.5469,-7.7383,6.6602,-0.5361,-0.9121,-1.0449
1635676899120,4.6758,-7.2422,6.7383,-0.5776,-0.7983,-1.0000
1635676899124,4.9727,-7.7539,6.5430,-0.6299,-0.6724,-0.9355
1635676899129,5.2773,-8.4688,6.2188,-0.5991,-0.5586,-0.8779
1635676899139,5.3672,-8.8672,5.9102,-0.4534,-0.4460,-0.8213
1635676899145,5.3672,-8.9453,5.6094,-0.2214,-0.3406,-0.7778
1635676899152,5.3359,-8.7813,5.3555,0.0105,-0.2566,-0.7354
1635676899157,5.1914,-8.2813,5.2383,0.1477,-0.2076,-0.6851
1635676899183,5.0195,-7.7617,5.1484,0.1722,-0.1918,-0.6387
1635676899200,5.0391,-7.3828,5.2969,0.0903,-0.1949,-0.5928
1635676899205,5.2852,-7.4492,5.6406,-0.0331,-0.1981,-0.5576
1635676899210,5.5938,-7.6445,5.7188,-0.1661,-0.1959,-0.5205
1635676899215,5.7188,-7.7227,5.3125,-0.2449,-0.1970,-0.4844
1635676899223,5.8984,-8.1328,4.9375,-0.1448,-0.2013,-0.4556
1635676899227,6.0977,-8.3672,4.7656,0.0701,-0.1790,-0.3970
1635676899256,6.0391,-8.0234,4.8984,0.5649,-0.1311,-0.2703
1635676899275,5.8633,-7.5156,5.0156,0.6294,-0.1247,-0.2162
1635676899282,5.7188,-7.0586,5.0156,0.5552,-0.1289,-0.1747
1635676899288,5.6133,-6.7891,4.8086,0.4021,-0.1311,-0.1342
1635676899293,5.6211,-6.7969,4.6523,0.2827,-0.1332,-0.1066
1635676899297,5.6055,-6.9023,4.4570,0.2678,-0.1354,-0.0938
1635676899304,5.5391,-6.8164,4.3398,0.3242,-0.1343,-0.0895
1635676899308,5.5313,-6.7344,4.3242,0.4180,-0.1375,-0.0991
1635676899336,5.4336,-6.7070,4.4336,0.5659,-0.1481,-0.1108
1635676899341,5.3438,-6.2188,4.4805,0.6807,-0.1747,-0.1161
1635676899346,5.8008,-5.2227,4.5156,0.6401,-0.1715,-0.1044
1635676899354,6.3516,-6.2656,5.0625,0.3540,-0.0704,-0.0002
1635676899359,5.7578,-7.4375,5.3477,0.0126,-0.0524,0.0296
1635676899389,5.8359,-7.5078,4.7344,0.0807,-0.0364,-0.0055
1635676899394,6.0039,-7.2344,4.8984,0.2063,0.0211,0.0243
1635676899399,5.2383,-6.4727,5.0586,0.1445,0.0317,0.0243
1635676899405,5.2188,-5.9961,4.5117,-0.0704,0.0242,0.0541
1635676899409,5.1602,-6.6055,3.9395,-0.2747,0.0211,0.0743
1635676899434,5.3477,-7.2539,3.7188,-0.2480,0.0264,0.0775
1635676899439,5.3164,-7.0938,4.1836,-0.1086,0.0636,0.0903
1635676899444,5.2422,-6.6680,4.4258,-0.0895,0.0668,0.1126
1635676899454,5.0625,-6.9180,4.5703,-0.1256,0.0211,0.1009
1635676899464,5.1172,-6.5430,4.1367,-0.0725,-0.0268,0.0786
1635676899475,5.1445,-6.6445,4.1055,-0.0555,-0.0172,0.0892
1635676899480,5.1953,-7.0234,4.4961,-0.0310,0.0147,0.0775
1635676899506,4.9375,-6.9297,4.7656,-0.0438,0.0200,0.0721
1635676899510,4.8477,-6.0820,4.5742,-0.0789,-0.0077,0.0456
1635676899515,4.9727,-6.5469,4.6680,-0.1395,0.0285,0.0530
1635676899525,4.9219,-6.8711,4.8398,-0.1587,0.0487,0.0360
1635676899530,4.9414,-6.6055,4.9023,-0.1885,0.0551,0.0211
1635676899555,5.0508,-6.4297,4.8711,-0.3022,0.0732,0.0020
1635676899560,5.3320,-6.2969,4.9414,-0.4727,0.1115,0.0190
1635676899564,5.2969,-7.9844,5.0742,-0.7139,0.1477,0.0488
1635676899575,5.2539,-8.4297,4.4961,-0.4534,0.1349,-0.0427
1635676899580,5.1055,-5.2422,4.3516,-0.2671,0.0732,-0.0449
1635676899606,5.0586,-7.2773,4.4023,-0.3162,0.1392,-0.0023
1635676899613,5.0625,-6.7773,4.4180,-0.1630,0.1263,-0.0193
1635676899617,4.9766,-6.2461,4.3164,-0.1182,0.1061,-0.0278
1635676899627,4.9453,-6.5898,4.3281,-0.1576,0.1019,-0.0395
1635676899632,4.8906,-6.3398,4.4258,-0.1565,0.0892,-0.0555
1635676899656,4.8516,-6.4219,4.4648,-0.1863,0.0838,-0.0661
1635676899661,4.9141,-6.5664,4.4414,-0.2119,0.0753,-0.0714
1635676899665,5.0234,-6.9922,4.4453,-0.2108,0.0753,-0.0789
1635676899676,5.1016,-7.2188,4.5625,-0.2140,0.0828,-0.0778
1635676899680,5.1563,-7.6172,5.0625,-0.2108,0.1157,-0.0757
1635676899706,5.3398,-7.4023,5.0938,-0.2246,0.1349,-0.0821
1635676899736,5.5391,-7.7617,4.7422,-0.2937,0.1552,-0.0651
1635676899741,5.4648,-7.6250,4.8398,-0.2395,0.1987,-0.0289
1635676899746,5.5078,-7.5742,4.8672,-0.2651,0.2529,0.0360
1635676899751,5.6328,-8.5625,4.9102,-0.4246,0.3071,0.1105
1635676899756,5.7109,-8.9141,5.1641,-0.5171,0.3530,0.1689
1635676899760,5.7266,-8.8203,5.2578,-0.5928,0.3923,0.2435
1635676899766,5.6406,-8.9063,5.2813,-0.6616,0.4360,0.3435
1635676899771,5.6836,-9.4844,5.4023,-0.6919,0.4880,0.4531
1635676899797,5.7461,-9.8984,5.4727,-0.6597,0.5391,0.5605
1635676899802,5.5938,-9.6406,5.6328,-0.5757,0.5859,0.6670
1635676899806,5.3438,-9.3672,5.7578,-0.5054,0.6401,0.7754
1635676899817,5.0273,-8.9141,5.6914,-0.5054,0.6987,0.8735
1635676899822,4.7266,-8.6484,5.5703,-0.5459,0.7754,0.9629
1635676899848,4.5273,-8.8359,5.6758,-0.6011,0.8638,1.0273
1635676899853,4.3633,-8.6797,5.7070,-0.6694,0.9458,1.0547
1635676899858,4.1094,-8.1875,5.7070,-0.7173,1.0273,1.0605
1635676899867,3.9902,-7.9883,5.7227,-0.7822,1.1191,1.0703
1635676899872,3.8516,-8.0313,5.6953,-0.8525,1.2148,1.0762
1635676899906,3.6836,-8.0703,5.6836,-0.8779,1.3135,1.0762
1635676899918,3.3887,-7.8711,5.5703,-0.8672,1.4063,1.0762
1635676899924,2.7793,-7.5664,5.1289,-0.7822,1.5605,1.0615
1635676899933,2.4961,-7.1445,4.8438,-0.7280,1.6123,1.0371
1635676899939,2.1914,-6.7461,4.7031,-0.6479,1.6533,1.0049
1635676899952,2.0254,-6.4492,4.5156,-0.5684,1.6836,0.9614
1635676899958,1.8242,-6.3438,4.2461,-0.4778,1.7041,0.8926
1635676899963,1.5918,-6.1484,3.9551,-0.3748,1.7148,0.8032
1635676899968,1.4268,-5.9180,3.6543,-0.2981,1.7080,0.6958
1635676899984,1.3135,-5.6953,3.3867,-0.2576,1.6846,0.5806
1635676900002,1.1201,-5.4609,3.1445,-0.2278,1.6426,0.4585
1635676900025,0.9814,-5.3516,2.9688,-0.2034,1.5859,0.3372
1635676900030,0.8999,-5.4023,2.8574,-0.1416,1.5088,0.2115
1635676900041,0.7349,-5.2617,2.6406,0.0307,1.4092,0.0775
1635676900048,0.6460,-5.4922,2.4336,0.3723,1.3008,-0.0682
1635676900054,0.8306,-6.3164,2.2344,0.8564,1.1787,-0.2332
1635676900059,0.9790,-6.9844,2.0898,1.3896,1.0234,-0.4033
1635676900066,1.2275,-7.3281,2.0996,1.8594,0.8550,-0.5674
1635676900074,1.4404,-7.8477,2.4180,2.2363,0.6787,-0.7407
1635676900080,1.8359,-8.7188,2.9063,2.4766,0.4807,-0.8833
1635676900085,2.2383,-9.1719,3.2910,2.5059,0.2668,-0.9824
1635676900110,2.6953,-8.9219,3.2559,2.2656,0.0742,-1.0234
1635676900117,3.0449,-7.9570,2.5840,1.7578,-0.0385,-0.9639
1635676900122,3.3574,-6.8125,1.7783,1.0068,-0.0651,-0.7695
1635676900130,3.7754,-7.4258,1.5674,0.3274,-0.0300,-0.5190
1635676900136,3.9727,-9.5234,2.0547,0.0116,0.0157,-0.2725
1635676900160,3.9102,-10.9688,2.8105,-0.1097,0.0253,-0.0002
1635676900166,3.5703,-11.5781,3.3477,-0.1373,-0.0034,0.2084
1635676900174,2.9531,-11.3906,3.4355,-0.0916,-0.0577,0.3625
1635676900187,2.3594,-10.8047,3.3223,0.0839,-0.1268,0.4946
1635676900192,1.9121,-9.9375,3.2656,0.2913,-0.2056,0.6030
1635676900201,1.5674,-9.1328,3.2129,0.4189,-0.3044,0.6841
1635676900207,1.4316,-8.5391,3.2285,0.4072,-0.4119,0.7446
1635676900221,1.2734,-8.2734,3.1777,0.3179,-0.5225,0.7852
1635676900226,1.1270,-8.0859,3.1563,0.2264,-0.6206,0.8096
1635676900250,0.9072,-7.7109,3.1211,0.1615,-0.7153,0.8213
1635676900255,0.7036,-7.4219,3.2285,0.1116,-0.8037,0.8169
1635676900260,0.5625,-7.1953,3.3848,0.0520,-0.8960,0.7954
1635676900270,0.3972,-6.7891,3.6055,-0.0214,-0.9995,0.7593
1635676900275,0.2322,-6.3906,3.8145,-0.0789,-1.1035,0.7061
1635676900303,0.1508,-6.0898,3.9063,-0.1108,-1.2031,0.6401
1635676900308,0.0359,-5.6953,4.0234,-0.1076,-1.2930,0.5645
1635676900314,-0.0646,-5.4961,4.1367,-0.0533,-1.3730,0.4829
1635676900328,0.0024,-5.4922,4.2227,0.0264,-1.4385,0.3860
1635676900333,0.0215,-5.3711,4.4063,0.1116,-1.5078,0.2764
1635676900341,0.0311,-5.1367,4.7852,0.2030,-1.5811,0.1509
1635676900345,0.1604,-4.9766,5.1523,0.2935,-1.6377,0.0062
1635676900371,0.3374,-5.0000,5.0625,0.4084,-1.6621,-0.1544
1635676900374,0.3447,-5.0430,4.8047,0.5464,-1.6563,-0.3118
1635676900378,0.3542,-5.1445,4.6211,0.7031,-1.6523,-0.4609
1635676900401,0.6030,-5.1836,4.5742,0.7671,-1.6592,-0.5928
1635676900405,1.0957,-5.1250,4.5820,0.6826,-1.6631,-0.7148
1635676900408,1.6064,-4.9063,4.6133,0.4785,-1.6338,-0.8076
1635676900431,2.1426,-5.2617,5.1523,0.2849,-1.5625,-0.8384
1635676900438,2.9297,-6.8164,6.0117,0.2073,-1.4678,-0.8311
1635676900441,3.8223,-8.3438,6.8281,0.2435,-1.3418,-0.8022
1635676900451,4.1914,-8.9922,7.4141,0.3806,-1.1914,-0.7524
1635676900455,4.1484,-8.8359,7.5859,0.5200,-1.0586,-0.6968
1635676900482,4.0820,-8.5156,7.3828,0.6255,-0.9536,-0.6567
1635676900485,4.1445,-8.3359,7.1797,0.6572,-0.8672,-0.6162
1635676900489,4.2891,-8.2500,7.0508,0.6372,-0.7969,-0.5903
1635676900512,4.3828,-8.0391,7.0469,0.5806,-0.7280,-0.5713
1635676900516,4.3555,-7.6758,6.8281,0.5083,-0.6606,-0.5566
1635676900519,4.4258,-7.1953,6.4688,0.3435,-0.5161,-0.5142
1635676900542,4.7188,-7.2578,6.3320,0.3689,-0.4492,-0.4832
1635676900545,5.0586,-7.6367,6.5352,0.3967,-0.3875,-0.4502
1635676900548,5.3164,-7.8594,6.5586,0.3945,-0.3450,-0.4321
1635676900573,5.2852,-7.4844,6.5000,0.3647,-0.3108,-0.4163
1635676900574,5.2148,-6.9609,6.4805,0.3689,-0.2886,-0.3992
1635676900576,5.2930,-6.8320,6.4688,0.4275,-0.2629,-0.3831
1635676900605,5.4063,-6.8750,6.4688,0.4734,-0.2333,-0.3469
1635676900606,5.4180,-6.6641,6.3125,0.4734,-0.2130,-0.3035
1635676900607,5.3477,-6.2656,6.0234,0.4734,-0.1896,-0.2725
1635676900634,5.3672,-6.2266,5.9570,0.5264,-0.1555,-0.2343
1635676900635,5.4180,-6.3867,6.0078,0.5903,-0.1247,-0.1948
1635676900636,5.4414,-6.5586,6.1797,0.6372,-0.1098,-0.1725
1635676900664,5.5938,-6.7148,6.2617,0.6699,-0.0959,-0.1619
1635676900667,5.5664,-6.5313,6.2461,0.6914,-0.0832,-0.1533
1635676900668,5.4258,-6.2656,6.1836,0.7231,-0.0800,-0.1427
1635676900694,5.3906,-5.9023,6.0977,0.7202,-0.0800,-0.1299
1635676900695,5.3125,-5.6523,6.0195,0.6787,-0.0843,-0.1193
1635676900696,5.2500,-5.6328,5.9414,0.6255,-0.0992,-0.1055
1635676900724,5.2422,-5.6133,5.8711,0.5698,-0.1141,-0.1066
1635676900725,5.1641,-5.5430,5.8242,0.5391,-0.1311,-0.1183
1635676900726,5.1133,-5.5039,5.6914,0.5220,-0.1523,-0.1384
1635676900756,5.0977,-5.4805,5.5469,0.5146,-0.1810,-0.1714
1635676900757,5.0703,-5.3867,5.4023,0.5166,-0.2151,-0.2140
1635676900759,5.0391,-5.3047,5.2852,0.5391,-0.2534,-0.2469
1635676900786,5.0508,-5.2070,5.1484,0.5957,-0.2800,-0.2810
1635676900788,4.9609,-4.8789,4.8594,0.6255,-0.3088,-0.3140
1635676900789,5.3164,-3.4531,4.4141,0.5518,-0.3354,-0.3267
1635676900816,6.0977,-4.0234,5.3125,0.3711,-0.1949,-0.1246
1635676900818,5.9609,-6.4805,6.1836,0.1360,-0.0917,0.0658
1635676900820,5.7266,-6.8438,6.8164,0.2520,-0.0353,-0.0002
1635676900847,5.2617,-6.1953,6.5859,0.4702,0.0094,0.0530
1635676900849,5.4766,-5.4219,6.3086,0.5562,-0.0151,0.0467
1635676900851,5.1992,-5.3867,5.9219,0.4424,-0.0236,0.0786
1635676900876,5.0781,-5.8164,5.6836,0.2627,-0.0162,0.1243
1635676900877,5.1250,-5.9883,5.6289,0.1956,-0.0141,0.0924
1635676900878,4.8789,-5.6211,5.7227,0.1392,-0.0279,0.1052
1635676900906,4.7695,-5.6641,5.6992,0.0658,-0.0619,0.1062
1635676900907,4.8789,-5.5859,5.5586,0.0307,-0.0779,0.0913
1635676900908,4.8164,-5.3203,5.6367,0.0137,-0.0481,0.1222
1635676900937,4.7305,-5.8164,5.8008,0.0084,-0.0226,0.1552
1635676900939,4.7031,-5.8555,5.8789,-0.0044,-0.0109,0.1414
1635676900941,4.4961,-5.9648,5.7266,-0.0587,-0.0577,0.1498
1635676900968,4.5430,-5.7930,5.7070,0.0679,-0.0460,0.0817
1635676900969,4.9336,-5.4766,5.7813,0.1147,-0.0066,0.1306
1635676900971,4.7734,-6.0156,5.9922,0.0275,0.0157,0.1371
1635676900998,4.6719,-6.0078,6.0313,0.0797,0.0189,0.1083
1635676901000,4.7578,-5.3555,6.1133,0.1137,0.0157,0.1105
1635676901001,4.8086,-5.3555,6.2422,0.0839,0.0392,0.1212
1635676901028,4.8477,-5.7500,6.3242,0.0541,0.0646,0.1296
1635676901030,4.7344,-5.6641,6.3203,0.0477,0.0594,0.1147
1635676901032,4.8672,-5.2734,6.3789,0.0392,0.0487,0.0934
1635676901058,5.0156,-5.4883,6.4805,-0.0278,0.0604,0.0860
1635676901060,5.0742,-5.8906,6.6211,-0.0938,0.0668,0.0754
1635676901062,5.1133,-5.7617,6.6523,-0.1289,0.0626,0.0647
1635676901089,5.0195,-5.5508,6.5313,-0.1746,0.0594,0.0551
1635676901090,5.1719,-5.4180,6.4609,-0.2129,0.0721,0.0647
1635676901092,5.2656,-5.7813,6.3750,-0.2406,0.1401,0.1136
1635676901126,4.8164,-5.3438,7.0117,-0.0406,0.1721,0.0360
1635676901127,4.8672,-4.2656,6.3125,-0.2629,0.1125,0.0360
1635676901129,4.6250,-5.7266,6.1406,-0.4556,0.1030,0.0254
1635676901141,4.7266,-5.4375,6.1758,-0.3906,0.0838,-0.0289
1635676901143,4.5703,-5.0898,5.5117,-0.3333,0.0147,-0.0970
1635676901169,5.0195,-3.9883,5.2383,-0.2756,-0.0492,-0.1204
1635676901171,4.5391,-6.0352,5.9141,-0.3555,-0.0066,-0.0300
1635676901173,4.9648,-6.3008,6.1563,-0.2311,0.0232,-0.0512
1635676901200,4.7031,-5.4063,6.2578,-0.2119,0.0030,-0.0640
1635676901201,4.8633,-6.1641,6.3945,-0.2820,0.0115,-0.0438
1635676901203,4.8828,-6.2344,6.6328,-0.2864,0.0094,-0.0438
1635676901230,4.9766,-6.4570,6.8516,-0.2788,0.0094,-0.0331
1635676901232,4.9219,-6.4922,6.9453,-0.2778,0.0221,-0.0289
1635676901233,4.9453,-6.3867,6.7188,-0.3118,0.0327,-0.0204
1635676901260,4.8672,-6.2344,6.3281,-0.3640,0.0338,-0.0214
1635676901262,4.8086,-6.0977,6.3086,-0.4141,0.0487,-0.0034
1635676901264,4.5859,-6.0586,6.2031,-0.4641,0.0604,-0.0012
1635676901290,4.5508,-5.5625,6.0547,-0.5405,0.0349,-0.0055
1635676901292,4.3906,-5.5938,5.9063,-0.6851,0.0104,0.0126
1635676901294,4.3711,-6.3594,5.8359,-0.7544,0.0189,0.0349
1635676901321,4.3672,-6.8320,5.7305,-0.6396,0.0423,0.0435
1635676901323,4.1289,-6.7773,5.4883,-0.4150,0.0583,0.0477
1635676901324,3.9082,-6.6211,5.4844,-0.1948,0.0732,0.0573
1635676901351,3.7754,-6.5820,5.6406,-0.0555,0.0912,0.0786
1635676901353,3.5918,-6.5234,5.8906,-0.0023,0.0945,0.0892
1635676901355,3.3984,-6.5977,6.1484,0.0084,0.0945,0.0945
1635676901382,3.3145,-6.8438,6.2930,0.0105,0.0955,0.1009
1635676901384,3.2930,-7.1641,6.3633,0.0520,0.0955,0.1147
1635676901386,3.2188,-7.4766,6.3516,0.1477,0.1125,0.1403
1635676901410,3.0996,-7.5547,6.3398,0.2499,0.1327,0.1775
1635676901412,2.9395,-7.5195,6.3984,0.3318,0.1498,0.2062
1635676901413,2.8066,-7.4336,6.5273,0.3657,0.1636,0.2350
1635676901441,2.7227,-7.3711,6.6523,0.3499,0.1732,0.2605
1635676901442,2.6465,-7.2891,6.6953,0.3030,0.1775,0.2795
1635676901443,2.6113,-7.2344,6.6719,0.2583,0.1807,0.2966
1635676901472,2.5664,-7.2070,6.6875,0.2244,0.1796,0.3125
1635676901474,2.5879,-7.1367,6.6133,0.2030,0.1764,0.3286
1635676901476,2.6133,-7.2539,6.5391,0.2244,0.1775,0.3435
1635676901502,2.6895,-7.2227,6.3867,0.2817,0.1816,0.3616
1635676901504,2.7070,-7.1484,6.2852,0.3372,0.1924,0.3945
1635676901506,2.7715,-7.3203,6.2305,0.3904,0.1945,0.4265
1635676901533,2.8047,-7.1914,6.2695,0.4287,0.1785,0.4468
1635676901534,2.7109,-7.0586,6.2578,0.4573,0.1561,0.4604
1635676901536,2.6328,-7.0117,6.3203,0.5273,0.1455,0.4775
1635676901563,2.6133,-6.6641,6.4492,0.5830,0.1263,0.4829
1635676901565,2.5625,-6.5156,6.5430,0.6284,0.0998,0.4797
1635676901566,2.6348,-6.6172,6.5156,0.7095,0.0700,0.4744
1635676901593,2.7051,-6.5156,6.5156,0.8369,0.0370,0.4573
1635676901595,2.7637,-6.2266,6.5508,0.9531,0.0125,0.4351
1635676901596,2.7969,-5.9961,6.6797,1.0215,-0.0098,0.4063
1635676901625,2.7500,-5.9609,6.6016,1.0791,-0.0321,0.3755
1635676901627,2.7402,-6.1211,6.4922,1.1953,-0.0481,0.3286
1635676901629,2.7891,-6.0898,6.5039,1.3262,-0.0662,0.2754
1635676901653,2.8418,-5.7813,6.6055,1.3975,-0.0959,0.2169
1635676901655,2.8711,-5.3867,6.7930,1.3838,-0.1354,0.1498
1635676901657,2.8789,-5.0703,6.9727,1.2988,-0.1810,0.0903
1635676901684,2.8496,-4.9102,7.0508,1.1924,-0.2322,0.0360
1635676901686,2.9688,-5.0078,7.1406,1.1270,-0.2917,-0.0161
1635676901688,3.2031,-5.3359,7.2578,1.1670,-0.3555,-0.0725
1635676901714,3.5059,-5.4258,7.3750,1.3379,-0.4280,-0.1619
1635676901716,3.9336,-5.2148,6.6875,1.5098,-0.4099,-0.1853
1635676901718,4.0625,-5.1875,6.4844,1.7354,-0.3865,-0.1768
1635676901744,4.0234,-4.7656,6.3359,1.9258,-0.3748,-0.1672
1635676901746,3.9297,-4.4063,6.4336,2.0273,-0.3833,-0.1565
1635676901748,4.0859,-4.2305,6.6758,2.0234,-0.4087,-0.1501
1635676901775,4.4141,-4.2305,6.9922,1.9443,-0.4460,-0.1544
1635676901777,4.6367,-4.0664,7.3203,1.8193,-0.4822,-0.1704
1635676901778,4.7461,-3.8066,7.5352,1.7129,-0.5278,-0.2054
1635676901805,4.8906,-3.6387,7.4883,1.6719,-0.5610,-0.2428
1635676901807,4.8789,-3.5840,7.1641,1.7100,-0.5918,-0.2820
1635676901808,4.8516,-3.5000,6.7578,1.7715,-0.6299,-0.3162
1635676901839,4.9023,-3.1660,6.4727,1.8018,-0.6631,-0.3352
1635676901840,5.0820,-2.8359,6.3203,1.8496,-0.6768,-0.3577
1635676901842,5.2500,-2.2773,6.2734,1.8496,-0.6855,-0.3618
1635676901865,5.3867,-1.8047,6.3516,1.7646,-0.6821,-0.3501
1635676901867,5.4219,-1.6992,6.5352,1.5723,-0.6831,-0.3235
1635676901868,5.4219,-1.8506,6.8750,1.3555,-0.7012,-0.3054
1635676901895,5.6328,-2.0547,7.1914,1.2246,-0.7173,-0.3130
1635676901897,5.9609,-2.3262,7.3516,1.2236,-0.7012,-0.3384
1635676901899,6.1445,-2.4629,7.4102,1.2842,-0.6738,-0.3545
1635676901926,6.1250,-2.2207,7.3750,1.3467,-0.6543,-0.3640
1635676901928,5.9297,-1.3232,6.9570,1.3301,-0.6514,-0.3630
1635676901930,5.9102,-0.6079,6.7148,1.2773,-0.6279,-0.3438
1635676901954,6.0703,-0.7876,6.8633,1.1914,-0.5776,-0.2852
1635676901956,6.2031,-1.0723,7.1055,1.0254,-0.5332,-0.2321
1635676901957,6.1992,-1.0869,7.2656,0.8296,-0.4971,-0.2172
1635676901985,6.1641,-1.0957,7.5195,0.6509,-0.4619,-0.1959
1635676901986,6.1797,-1.1846,7.7422,0.5283,-0.4343,-0.1779
1635676901987,6.1680,-1.5293,7.8398,0.5254,-0.4119,-0.1799
1635676902016,6.2891,-1.7500,7.7383,0.6255,-0.3896,-0.1959
1635676902018,6.3164,-1.6807,7.6563,0.7520,-0.3630,-0.1980
1635676902019,6.2188,-1.4746,7.5938,0.8403,-0.3481,-0.1948
1635676902046,6.1680,-1.2227,7.5508,0.8638,-0.3513,-0.2023
1635676902048,6.1641,-0.9600,7.6055,0.8032,-0.3684,-0.1991
1635676902050,6.0820,-0.7227,7.6289,0.6797,-0.3779,-0.1874
1635676902076,5.9648,-0.4045,7.5117,0.5210,-0.3789,-0.1725
1635676902078,5.9492,-0.1963,7.4141,0.3765,-0.3833,-0.1490
1635676902080,6.0078,-0.3350,7.4961,0.2849,-0.3821,-0.1172
1635676902107,6.1445,-0.6152,7.5508,0.2371,-0.3801,-0.0800
1635676902109,6.2383,-0.9048,7.5117,0.2371,-0.3672,-0.0555
1635676902110,6.2383,-1.1729,7.4844,0.3062,-0.3428,-0.0406
1635676902137,6.2109,-1.3711,7.5313,0.4009,-0.3120,-0.0278
1635676902139,6.1953,-1.4053,7.5234,0.4722,-0.2981,-0.0225
1635676902140,6.2578,-1.2129,7.5547,0.4988,-0.3013,-0.0342
1635676902168,6.3633,-0.7900,7.5977,0.4871,-0.2917,-0.0438
1635676902169,6.3281,-0.4309,7.4727,0.4243,-0.2683,-0.0502
1635676902171,6.2031,-0.0862,7.2891,0.2966,-0.2544,-0.0534
1635676902197,6.0859,0.3135,7.0391,0.1158,-0.2471,-0.0502
1635676902199,6.0234,0.3374,6.9766,-0.0970,-0.2460,-0.0268
1635676902200,6.0625,-0.1986,7.0273,-0.2734,-0.2598,-0.0044
1635676902227,6.2813,-0.8257,7.0078,-0.3682,-0.2661,-0.0012
1635676902229,6.4609,-1.6416,6.9727,-0.3076,-0.2512,-0.0076
1635676902231,6.6367,-2.1777,7.1797,-0.0470,-0.2098,-0.0353
1635676902257,6.4922,-1.3740,7.3281,0.2646,-0.1438,-0.0608
1635676902259,6.2305,-0.5693,7.3789,0.3350,-0.1311,-0.0534
1635676902261,6.1797,-0.3398,7.2930,0.2478,-0.1492,-0.0682
1635676902288,6.2578,-0.2656,7.1094,0.1689,-0.1672,-0.0512
1635676902289,6.2852,0.2227,6.9766,0.0807,-0.1609,-0.0225
1635676902291,6.3555,0.3135,7.1211,-0.0182,-0.1438,0.0147
1635676902318,6.4297,-0.1245,7.3594,-0.1406,-0.1375,0.0637
1635676902320,6.6172,-0.5146,7.4648,-0.2512,-0.1321,0.0647
1635676902321,6.6953,-0.7637,7.5195,-0.2852,-0.1077,0.0456
1635676902348,6.5859,-0.9287,7.5977,-0.2617,-0.0726,0.0371
1635676902350,6.4297,-1.0000,7.6523,-0.2236,-0.0524,0.0083
1635676902352,6.3633,-0.9526,7.5195,-0.1470,-0.0439,-0.0225
1635676902378,6.2656,-0.5840,7.4766,-0.0619,-0.0204,-0.0044
1635676902380,6.3672,-0.2896,7.0781,-0.0714,-0.0013,0.0083
1635676902382,6.3320,-0.1029,6.8633,-0.0523,0.0296,0.0360
1635676902408,6.1836,-0.0144,7.0000,-0.0714,0.0540,0.0732
1635676902410,6.2461,-0.1484,7.2266,-0.2108,0.0434,0.0817
1635676902412,6.3672,-0.5693,7.4063,-0.3608,0.0285,0.0616
1635676902439,6.5781,-0.8232,7.3633,-0.4141,0.0445,0.0637
1635676902441,6.7773,-1.1748,7.5664,-0.3066,0.1019,0.0764
1635676902444,6.6797,-1.2568,7.6367,-0.1874,0.1455,0.0754
1635676902469,6.5469,-0.7803,7.5977,-0.1639,0.1477,0.0903
1635676902472,6.6523,-0.7300,7.6289,-0.2140,0.1593,0.0967
1635676902473,6.7070,-1.0508,7.6875,-0.2395,0.1816,0.1105
1635676902498,6.6797,-1.0771,7.8867,-0.3022,0.1859,0.1306
1635676902499,6.6055,-0.5864,7.8945,-0.4141,0.1924,0.1179
1635676902500,6.6094,-0.6680,7.8867,-0.5386,0.1934,0.1445
1635676902528,6.8242,-1.6895,7.9570,-0.6045,0.2062,0.1605
1635676902529,6.7813,-1.9678,7.7461,-0.5513,0.2328,0.1222
1635676902530,6.6797,-1.4619,7.5938,-0.4023,0.2520,0.0934
1635676902560,6.7383,-1.2998,7.6992,-0.3022,0.2722,0.1041
1635676902561,6.8555,-1.5098,7.7617,-0.2949,0.2871,0.1317
1635676902563,6.8711,-1.4746,7.9648,-0.3098,0.3062,0.1572
1635676902590,6.9688,-1.3281,8.1719,-0.3640,0.3318,0.2030
1635676902592,7.1250,-1.3877,8.3438,-0.4417,0.3689,0.2445
1635676902593,7.3906,-1.5410,8.3750,-0.5117,0.4158,0.2859
1635676902620,7.5977,-1.6367,8.2813,-0.5649,0.4861,0.3232
1635676902622,7.6289,-1.6514,8.2344,-0.6201,0.5679,0.3711
1635676902624,7.5859,-1.6182,8.3594,-0.7056,0.6489,0.4189
1635676902650,7.7813,-1.6514,8.4141,-0.8364,0.7266,0.4573
1635676902655,7.9258,-1.7324,8.3984,-0.9854,0.8213,0.5000
1635676902657,7.8867,-1.9033,8.2891,-1.1172,0.9180,0.5571
1635676902680,7.8242,-1.9482,8.0938,-1.2686,1.0049,0.6094
1635676902682,7.7930,-2.1953,8.0703,-1.3975,1.0908,0.6626
1635676902685,7.8867,-2.6465,8.1797,-1.4658,1.1777,0.7178
1635676902711,7.9102,-2.9023,8.1797,-1.4844,1.2725,0.7627
1635676902713,7.5703,-2.8496,8.1719,-1.4766,1.3516,0.8032
1635676902714,7.3750,-2.8652,8.4375,-1.4775,1.4170,0.8447
1635676902741,7.4766,-2.9492,8.5781,-1.5137,1.4893,0.8721
1635676902743,7.4023,-3.0762,8.5781,-1.5469,1.5693,0.8989
1635676902744,7.2852,-3.2246,8.5156,-1.5957,1.6387,0.9199
1635676902771,7.0938,-3.1211,8.4922,-1.6953,1.7021,0.9072
1635676902773,6.8711,-2.9609,8.6328,-1.8047,1.7705,0.8882
1635676902775,6.5742,-2.6465,8.5469,-1.9443,1.8438,0.8638
1635676902801,6.1953,-2.5176,8.3750,-2.0742,1.9365,0.8384
1635676902803,5.6602,-2.8066,8.2266,-2.1973,2.0254,0.8140
1635676902805,5.2773,-3.4063,8.2734,-2.3242,2.0898,0.7456
1635676902831,5.1992,-4.1133,8.2188,-2.3926,2.1406,0.6348
1635676902833,4.8828,-4.3281,7.7773,-2.3340,2.2031,0.5146
1635676902835,4.1094,-3.9082,7.3945,-2.1543,2.2598,0.4148
1635676902862,3.5137,-3.6602,7.1602,-1.9521,2.2949,0.3340
1635676902864,2.9961,-3.4102,6.9023,-1.8174,2.3125,0.2402
1635676902865,2.3789,-3.2090,6.5156,-1.6914,2.3262,0.1317
1635676902892,1.9385,-3.3242,6.2422,-1.5557,2.3164,0.0105
1635676902894,1.5986,-3.4492,5.8281,-1.4453,2.2852,-0.1373
1635676902895,1.1221,-3.3457,5.3359,-1.3340,2.2383,-0.3022
1635676902922,0.7588,-3.5273,5.2383,-1.1826,2.1719,-0.4597
1635676902924,0.5815,-3.8066,5.0469,-1.0459,2.0898,-0.6152
1635676902926,0.0335,-3.3945,4.7227,-0.9512,2.0000,-0.7607
1635676902952,-0.5742,-2.9844,4.4609,-0.8438,1.8779,-0.8940
1635676902954,-1.0078,-2.9063,4.1875,-0.7969,1.7227,-1.0234
1635676902956,-1.3613,-3.0801,4.0078,-0.7930,1.5371,-1.1504
1635676902983,-1.5703,-3.4902,3.9199,-0.7969,1.3350,-1.2656
1635676902985,-1.5967,-3.8320,3.8086,-0.8291,1.1309,-1.3779
1635676902987,-1.7021,-3.8750,3.8340,-0.8682,0.9146,-1.4902
1635676903014,-1.7305,-3.9297,4.2344,-0.8887,0.6836,-1.5908
1635676903016,-1.3740,-4.5586,4.9023,-0.8330,0.4487,-1.7031
1635676903017,-0.9429,-5.4766,5.3711,-0.6514,0.2264,-1.8203
1635676903043,0.3853,-9.0313,6.8867,0.3435,-0.2119,-1.9902
1635676903045,1.4023,-9.8906,6.6406,0.8257,-0.3672,-1.9883
1635676903046,2.0156,-9.1797,5.7656,1.1729,-0.4268,-1.9014
1635676903073,2.6133,-8.5781,5.1641,1.4512,-0.3748,-1.7002
1635676903075,3.2656,-8.7813,5.4180,1.6270,-0.2534,-1.4229
1635676903077,3.8516,-9.0391,6.6133,1.5205,-0.1172,-1.1182
1635676903103,3.7773,-9.2031,7.7969,1.0156,-0.0077,-0.7979
1635676903105,3.2148,-9.6484,8.2109,0.3147,0.0604,-0.5342
1635676903107,2.6055,-10.0703,8.0469,-0.2406,0.0955,-0.3289
1635676903138,2.1953,-10.0703,7.6367,-0.5254,0.1157,-0.1788
1635676903140,1.9072,-9.7578,6.9023,-0.6201,0.1401,-0.0672
1635676903142,1.4883,-9.0469,6.1719,-0.6270,0.1519,0.0232
1635676903164,1.1680,-8.3438,5.8047,-0.5903,0.1317,0.1126
1635676903166,1.1318,-7.9414,5.5664,-0.5840,0.0849,0.1946
1635676903168,1.1611,-7.5469,5.4297,-0.6489,0.0232,0.2742
1635676903193,1.1895,-7.5000,5.5859,-0.7100,-0.0428,0.3540
1635676903195,1.2178,-7.7422,5.7305,-0.7471,-0.1172,0.4287
1635676903197,1.2305,-7.7031,5.6992,-0.7949,-0.2056,0.5000
1635676903223,1.0605,-7.1094,5.4922,-0.8472,-0.2939,0.5698
1635676903224,0.8306,-6.5742,5.1953,-0.8682,-0.3853,0.6338
1635676903225,0.7227,-6.2891,4.9961,-0.8843,-0.4844,0.6914
1635676903252,0.7466,-6.1836,4.9180,-0.9023,-0.6011,0.7358
1635676903253,0.7729,-5.9609,5.2461,-0.9106,-0.7310,0.7573
1635676903254,0.8950,-5.6133,5.6758,-0.8745,-0.8545,0.7456
1635676903282,0.9863,-5.3047,5.7695,-0.7778,-0.9609,0.6997
1635676903284,0.9717,-5.2383,5.6406,-0.6138,-1.0566,0.6475
1635676903285,1.1104,-5.1250,5.3906,-0.4714,-1.1426,0.5967
1635676903312,1.1582,-4.8828,5.0313,-0.3662,-1.2246,0.5264
1635676903316,1.1484,-4.4844,4.8047,-0.2639,-1.3018,0.4338
1635676903325,1.2109,-3.9141,4.8789,-0.2034,-1.3457,0.3318
1635676903335,1.4023,-3.7051,5.0586,-0.1501,-1.3613,0.2169
1635676903341,1.7715,-4.1367,5.3438,-0.0735,-1.3564,0.0807
1635676903359,2.0859,-4.6680,5.7070,0.0105,-1.3408,-0.0565
1635676903365,2.2266,-4.9336,5.9609,0.1243,-1.3125,-0.2236
1635676903377,2.2383,-4.8633,6.0547,0.2710,-1.2734,-0.3992
1635676903383,2.1758,-4.4258,6.0195,0.4297,-1.2227,-0.5557
1635676903396,2.2949,-4.2344,6.1016,0.5815,-1.1680,-0.6992
1635676903402,2.5391,-4.3203,6.4414,0.6924,-1.1025,-0.8311
1635676903416,2.6621,-4.4141,6.8438,0.7671,-1.0332,-0.9482
1635676903422,3.0898,-5.4219,7.3555,0.8564,-0.9746,-1.0313
1635676903436,3.7793,-6.0547,7.3906,0.8604,-0.9204,-1.0908
1635676903444,3.8926,-6.0039,7.5938,0.8745,-0.8525,-1.1191
1635676903456,4.1563,-6.3555,7.8086,0.8267,-0.7788,-1.0986
1635676903463,4.5781,-6.4805,7.8594,0.6084,-0.6777,-1.0420
1635676903476,4.4648,-6.4922,7.9531,0.3606,-0.5737,-0.9473
1635676903488,4.3164,-6.4570,7.8516,0.0839,-0.4812,-0.8472
1635676903497,4.0859,-6.5000,7.7930,-0.2257,-0.4077,-0.7671
1635676903503,3.9590,-6.7813,7.6523,-0.4971,-0.3630,-0.7065
1635676903517,4.0234,-7.2070,7.5000,-0.6372,-0.3354,-0.6768
1635676903524,4.3047,-8.1563,7.5938,-0.5459,-0.3140,-0.6641
1635676903537,4.9727,-9.1875,7.7109,-0.2703,-0.2991,-0.6587
1635676903541,5.2969,-9.2344,7.5000,0.0392,-0.2639,-0.6226
1635676903566,5.2813,-8.6016,7.1367,0.3340,-0.2034,-0.5376
1635676903570,5.1367,-7.6797,6.8633,0.5210,-0.1247,-0.4353
1635676903575,4.9375,-6.9648,6.7148,0.5361,-0.0683,-0.3022
1635676903586,4.8398,-6.5859,6.7734,0.3616,-0.0343,-0.1768
1635676903590,4.7109,-6.6484,6.7578,0.1285,-0.0002,-0.0991
1635676903618,4.4336,-6.5781,6.7148,-0.0140,0.0253,-0.0629
1635676903629,4.2188,-5.9688,6.6172,-0.0640,0.0455,-0.0555
1635676903636,4.0703,-5.2695,6.5039,-0.1331,0.0551,-0.0651
1635676903642,3.8945,-4.6250,6.3672,-0.3596,0.0540,-0.0874
1635676903647,3.7344,-4.3281,6.1641,-0.7046,0.0392,-0.1332
1635676903657,3.8984,-4.8594,6.0234,-0.9780,0.0030,-0.1938
1635676903661,4.1250,-5.4961,5.8945,-1.1445,-0.0289,-0.2279
1635676903686,4.2109,-6.0352,5.8047,-1.1445,-0.0545,-0.2554
1635676903691,4.5078,-6.7383,5.9453,-0.8994,-0.0747,-0.2852
1635676903695,4.6523,-6.4727,5.9297,-0.2119,-0.0811,-0.2480
1635676903706,4.5703,-6.0000,5.8320,-0.0055,-0.0864,-0.2034
1635676903711,4.5703,-5.6133,5.7266,-0.0182,-0.1013,-0.1490
1635676903737,4.4766,-5.4102,5.6211,-0.2406,-0.1215,-0.1076
1635676903741,4.5352,-5.3789,5.8555,-0.5840,-0.1438,-0.0789
1635676903746,4.8242,-5.7891,6.2266,-0.9482,-0.1652,-0.0735
1635676903757,5.1211,-6.1641,6.2070,-1.3047,-0.1779,-0.0800
1635676903761,5.1367,-6.2930,5.9492,-1.5576,-0.1790,-0.0917
1635676903787,5.2930,-6.8320,5.6328,-1.5615,-0.1641,-0.1225
1635676903792,5.3320,-7.1719,5.4844,-1.3145,-0.1289,-0.1395
1635676903796,5.3164,-7.0625,5.5078,-0.9375,-0.0693,-0.1299
1635676903807,5.2344,-6.7148,5.6641,-0.6011,-0.0109,-0.0938
1635676903812,5.1641,-6.6641,5.7969,-0.4033,0.0211,-0.0374
1635676903837,5.2578,-6.8750,5.8320,-0.3054,0.0508,0.0179
1635676903848,5.1367,-7.3477,5.7852,-0.3000,0.0423,0.0775
1635676903853,5.0820,-6.8164,5.7031,-0.3044,0.0232,0.0690
1635676903859,5.0352,-6.1758,5.5938,-0.2874,0.0072,0.0690
1635676903863,5.0547,-6.1445,5.4805,-0.3513,0.0019,0.0711
1635676903888,5.0234,-6.3242,5.3047,-0.4290,0.0008,0.0626
1635676903892,5.1133,-6.4414,5.2813,-0.4683,-0.0045,0.0413
1635676903897,5.2891,-6.5039,5.2539,-0.4885,0.0051,0.0126
1635676903908,5.2305,-6.5898,5.3125,-0.4629,0.0157,-0.0012
1635676903913,5.1680,-6.6328,5.3984,-0.3928,0.0211,0.0020
1635676903938,5.1133,-6.7148,5.2461,-0.2778,0.0232,0.0062
1635676903943,5.0195,-6.7148,5.1328,-0.1395,0.0242,0.0201
1635676903947,4.8906,-6.4805,5.0313,-0.0108,0.0211,0.0275
1635676903958,4.8242,-6.2773,4.8594,0.0179,0.0040,0.0339
1635676903963,4.7930,-6.3125,4.7539,-0.0501,-0.0087,0.0275
1635676903989,4.7070,-6.4297,4.7656,-0.1246,-0.0183,0.0137
1635676903993,4.6758,-6.3555,4.7266,-0.2002,-0.0428,-0.0012
1635676903998,4.6367,-6.3203,4.6602,-0.3162,-0.0747,-0.0065
1635676904009,4.6680,-6.3828,4.5742,-0.4331,-0.1055,-0.0076
1635676904027,4.7852,-6.6641,4.6953,-0.5098,-0.1088,-0.0055
1635676904033,4.8867,-7.0234,4.6250,-0.5215,-0.1002,-0.0012
1635676904037,4.8320,-7.2031,4.4648,-0.4277,-0.0992,0.0169
1635676904049,4.9141,-7.4375,4.3867,-0.2374,-0.1088,0.0445
1635676904053,5.0625,-8.0703,4.7813,0.0275,-0.0949,0.0797
1635676904079,4.8242,-7.6523,4.7734,0.1764,-0.1172,0.1360
1635676904095,4.6992,-7.2109,4.5508,0.2073,-0.1619,0.1913
1635676904099,4.6445,-7.1133,4.2852,0.1414,-0.1981,0.2275
1635676904106,4.5898,-7.4766,4.2852,0.1243,-0.2151,0.2659
1635676904110,4.4336,-7.4922,3.9629,0.1786,-0.2629,0.2913
1635676904120,4.6094,-7.5586,3.6641,0.2925,-0.3171,0.3030
1635676904125,4.8516,-7.9414,3.5996,0.5117,-0.3354,0.2817
1635676904150,5.0352,-7.4766,3.8652,0.7012,-0.3130,0.2871
1635676904155,4.7500,-6.8750,4.5000,0.6753,-0.2917,0.3008
1635676904160,4.4336,-6.6406,4.0742,0.4924,-0.3193,0.2944
1635676904170,4.7773,-6.5352,3.7539,0.3328,-0.3950,0.2944
1635676904176,4.6016,-7.4883,4.0391,0.3359,-0.4417,0.2976
1635676904200,4.8906,-7.1523,4.3008,0.4744,-0.4492,0.2988
1635676904205,5.2617,-6.8828,4.7617,0.5596,-0.4470,0.3169
1635676904209,5.0000,-6.9141,4.9570,0.5381,-0.4365,0.3435
1635676904220,4.8711,-6.9922,4.8828,0.6318,-0.4131,0.3552
1635676904225,4.8789,-7.0078,4.8164,0.7861,-0.3865,0.3679
1635676904251,4.8164,-6.8828,4.8281,0.9268,-0.3567,0.3638
1635676904255,4.7227,-6.6602,4.7969,1.0225,-0.3428,0.3435
1635676904260,4.6016,-6.5391,4.8789,1.0586,-0.3342,0.3210
1635676904271,4.5703,-6.3672,4.8203,1.0576,-0.3481,0.2935
1635676904275,4.7539,-6.8945,5.3750,1.1836,-0.3184,0.2583
1635676904301,4.4766,-6.3633,5.8125,1.2568,-0.2737,0.2328
1635676904306,4.3672,-5.7695,5.9141,1.2549,-0.2778,0.1978
1635676904310,4.4648,-5.9609,5.9492,1.1719,-0.2778,0.1935
1635676904321,4.4766,-5.7422,5.5313,1.0674,-0.2491,0.1754
1635676904326,4.4609,-5.7813,5.3438,1.0625,-0.2013,0.1860
1635676904351,4.5625,-6.0898,5.4922,1.2041,-0.1151,0.1700
1635676904356,4.7031,-6.4688,5.8555,1.3457,-0.1002,0.1509
1635676904360,4.7852,-6.4922,6.2148,1.4346,-0.0917,0.1360
1635676904372,4.7188,-6.1445,6.3320,1.4639,-0.1066,0.1254
1635676904376,4.7031,-6.1758,6.6172,1.5332,-0.1311,0.1445
1635676904402,4.7227,-6.2070,6.8516,1.6553,-0.1278,0.1605
