1624273930354,1.4798,2.0619,9.2701,-0.1653,-0.0285,0.0460
1624273930355,1.4702,2.1146,9.3323,-0.1446,0.0081,0.0582
1624273930356,1.5061,1.9184,9.4926,-0.1348,0.0289,0.0643
1624273930357,1.4918,1.6958,9.4950,-0.1226,0.0338,0.0496
1624273930358,1.5564,1.6408,9.5453,-0.0762,0.0350,0.0252
1624273930359,1.5994,1.8107,9.6243,-0.0224,0.0374,-0.0114
1624273930369,1.6736,2.0524,9.6099,0.0008,0.0325,-0.0554
1624273930373,1.7191,2.2964,9.5070,-0.0139,0.0387,-0.0921
1624273930393,1.7167,2.3754,9.4783,-0.0578,0.0606,-0.0994
1624273930394,1.7071,2.3395,9.4950,-0.1055,0.0802,-0.1006
1624273930433,1.6808,2.3443,9.4855,-0.1458,0.0777,-0.1251
1624273930435,1.7095,2.1959,9.4711,-0.1714,0.0643,-0.1446
1624273930436,1.8076,2.0667,9.3491,-0.1922,0.0496,-0.1556
1624273930437,1.8172,2.0930,9.2007,-0.2069,0.0472,-0.1740
1624273930452,1.7526,2.2892,9.1050,-0.2191,0.0582,-0.1984
1624273930457,1.7167,2.3873,8.9806,-0.2606,0.0606,-0.2155
1624273930458,1.7191,2.2892,8.8825,-0.3229,0.0423,-0.2289
1624273930478,1.7933,2.1457,8.6552,-0.3791,0.0154,-0.2582
1624273930482,1.8866,2.0093,8.5020,-0.4170,-0.0017,-0.2851
1624273930491,1.9249,1.9806,8.4207,-0.4476,-0.0041,-0.3132
1624273930496,1.9632,1.9136,8.3130,-0.4781,-0.0078,-0.3511
1624273930508,1.9919,1.9112,8.1694,-0.5147,-0.0188,-0.3926
1624273930516,2.0373,1.8537,8.0593,-0.5563,-0.0310,-0.4305
1624273930526,2.1163,1.7987,7.9947,-0.6051,-0.0444,-0.4769
1624273930536,2.1809,1.8155,7.9301,-0.6638,-0.0639,-0.5307
1624273930545,2.2359,1.8992,7.9206,-0.7249,-0.0860,-0.5783
1624273930558,2.3197,1.9399,7.9445,-0.7860,-0.1055,-0.6284
1624273930563,2.4130,1.8561,7.8607,-0.8678,-0.1360,-0.6810
1624273930573,2.5015,1.6575,7.7578,-0.9644,-0.1702,-0.7384
1624273930583,2.6068,1.5164,7.4970,-1.0474,-0.2057,-0.8202
1624273930593,2.7480,1.5068,7.3032,-1.0987,-0.2338,-0.9155
1624273930602,3.0256,1.6528,7.1190,-1.1366,-0.2655,-1.0194
1624273930613,3.4036,1.9901,6.9180,-1.2197,-0.3450,-1.1525
1624273930626,3.7984,2.2749,6.6284,-1.3443,-0.4415,-1.2808
1624273930631,4.1382,2.2892,6.4633,-1.5092,-0.5013,-1.3859
1624273930641,4.2938,1.7939,6.2025,-1.6705,-0.5123,-1.4800
1624273930651,4.2291,1.1120,5.9752,-1.7744,-0.4854,-1.5765
1624273930661,3.9875,0.4731,6.0422,-1.7462,-0.4366,-1.6815
1624273930670,3.5998,0.1213,6.3150,-1.6009,-0.4036,-1.7939
1624273930683,3.2074,0.4157,6.5423,-1.4323,-0.4317,-1.9124
1624273930692,2.8557,1.1742,6.7122,-1.3040,-0.5441,-2.0383
1624273930698,2.6882,2.0093,6.5734,-1.2930,-0.7151,-2.1678
1624273930711,2.8150,2.1935,6.4274,-1.4066,-0.9363,-2.2252
1624273930717,3.1356,2.0260,6.1642,-1.5960,-1.1647,-2.2509
1624273930728,3.4778,1.9614,5.8532,-1.8293,-1.3651,-2.3327
1624273930737,3.7554,1.6767,5.9991,-2.0114,-1.4812,-2.4464
1624273930746,3.8224,0.8177,5.7455,-2.0761,-1.5251,-2.5477
1624273930756,3.8056,-0.2208,5.6689,-2.0407,-1.5423,-2.6308
1624273930765,3.7817,-1.0894,5.8675,-1.8709,-1.5508,-2.7017
1624273930775,3.7219,-1.6470,6.4729,-1.5935,-1.5703,-2.7921
1624273930785,3.8032,-1.8695,7.2841,-1.2637,-1.6217,-2.8764
1624273930794,3.9324,-1.8121,8.0306,-0.9582,-1.7084,-2.9228
1624273930804,3.9851,-1.7809,8.4637,-0.6980,-1.8074,-2.9094
1624273930813,4.0210,-1.3143,8.5427,-0.6076,-1.8611,-2.8239
1624273930823,3.9516,-0.6803,8.8657,-0.6797,-1.8648,-2.6919
1624273930832,3.6932,-0.8406,9.2294,-0.8361,-1.8929,-2.5111
1624273930842,3.5376,-1.8121,9.5907,-1.0157,-1.9527,-2.2851
1624273930852,3.6812,-2.9606,9.8922,-1.0999,-1.9967,-2.0933
1624273930861,4.0090,-3.6282,10.0645,-1.0315,-1.9882,-1.9540
1624273930871,4.3703,-3.7861,10.0119,-0.8959,-1.9088,-1.7659
1624273930881,4.3799,-3.7957,9.5716,-0.8043,-1.7243,-1.5056
1624273930890,3.9659,-4.1905,9.5812,-0.7359,-1.4372,-1.2393
1624273930899,3.4395,-4.8055,10.6508,-0.6076,-1.1000,-0.9876
1624273930909,3.1428,-4.9491,12.3401,-0.5087,-0.8556,-0.8031
1624273930919,3.3845,-4.8581,14.1945,-0.4292,-0.7677,-0.6981
1624273930928,4.0856,-4.9395,15.1373,-0.3975,-0.7469,-0.5905
1624273930938,4.5952,-4.9203,14.8239,-0.4646,-0.6736,-0.4513
1624273930948,4.4852,-5.0328,13.9720,-0.5624,-0.4891,-0.2705
1624273930957,3.9348,-5.6693,13.1943,-0.5697,-0.2460,-0.0567
1624273930967,3.3965,-6.2914,12.2540,-0.4671,-0.0517,0.1266
1624273930977,3.1524,-6.2723,11.4906,-0.2851,0.0814,0.2695
1624273930986,3.1572,-6.0139,10.8446,-0.0480,0.1901,0.4235
1624273930996,3.1715,-5.7219,10.5838,0.1694,0.2769,0.5860
1624273931005,3.2050,-5.5114,11.0025,0.3502,0.3245,0.7179
1624273931015,3.5831,-5.2769,11.9740,0.5017,0.3148,0.8144
1624273931024,4.3440,-4.7576,12.7086,0.5921,0.2464,0.8938
1624273931034,4.8967,-4.3556,12.8426,0.5872,0.1669,0.9916
1624273931046,4.9183,-4.4059,12.2563,0.5359,0.1107,1.1052
1624273931055,4.8585,-4.4848,11.2777,0.5005,0.0741,1.2335
1624273931065,4.9972,-4.6739,10.4211,0.5506,0.0655,1.3617
1624273931075,5.3657,-4.6332,9.4783,0.6874,0.0643,1.4460
1624273931085,5.6696,-4.1163,8.6169,0.8523,0.0716,1.5401
1624273931094,5.6505,-3.6402,8.1359,1.0490,0.1010,1.6513
1624273931104,5.5739,-3.3147,8.4422,1.2628,0.0973,1.7588
1624273931113,5.8012,-2.6950,9.0524,1.4400,0.0105,1.8150
1624273931121,6.1721,-1.9293,9.4089,1.6196,-0.1470,1.8175
1624273931133,6.3803,-1.3861,9.4352,1.7760,-0.2753,1.8028
1624273931143,6.2296,-0.9267,9.2414,1.8664,-0.3645,1.6965
1624273931152,6.3372,-0.6468,8.2101,1.8994,-0.4525,1.5438
1624273931160,6.2870,-0.2567,6.3269,1.7943,-0.4842,1.3972
1624273931171,6.4449,-0.0079,4.5132,1.7124,-0.5038,1.3129
1624273931180,7.0646,0.3271,4.7237,1.6184,-0.4537,1.3459
1624273931190,7.5647,0.7698,4.9152,1.2995,-0.4378,1.4424
1624273931200,7.9811,-0.4553,6.1690,1.0747,-0.3498,1.5340
1624273931209,7.9069,-1.9054,7.0185,0.9501,-0.2228,1.5646
1624273931219,7.6485,-2.2834,7.7148,1.0014,-0.0750,1.4961
1624273931229,7.3231,-1.5776,8.2077,1.1248,0.0252,1.3715
1624273931239,6.9761,-0.6348,8.6193,1.1688,0.0838,1.2726
1624273931247,6.5358,-0.0988,8.3393,1.0490,0.0826,1.1980
1624273931258,5.9639,-0.1706,7.5401,0.8377,0.0179,1.1553
1624273931265,5.6577,-0.4984,6.9419,0.6544,-0.0627,1.1186
1624273931275,5.7031,-0.7377,6.7050,0.5469,-0.0688,1.0979
1624273931285,5.8611,-1.0846,6.9921,0.4932,0.0387,1.0673
1624273931294,5.8252,-1.5800,7.6813,0.5103,0.1791,0.9781
1624273931304,5.7199,-1.4148,8.2340,0.5469,0.2573,0.8560
1624273931316,5.6074,-0.6707,8.5594,0.5946,0.2659,0.7314
1624273931325,5.6840,-0.2041,9.1864,0.5885,0.2683,0.6629
1624273931335,5.6218,0.2793,9.2246,0.4259,0.2757,0.5994
1624273931344,5.6385,-0.0174,9.5692,0.2989,0.2671,0.5224
1624273931354,5.8299,-0.0198,9.2414,0.1291,0.2354,0.5334
1624273931364,6.0812,0.0448,9.2079,0.0656,0.2842,0.4687
1624273931373,6.1099,-0.5152,9.6147,0.1034,0.4223,0.4344
1624273931383,6.1649,-1.0488,10.3373,0.1780,0.5310,0.3929
1624273931392,6.1506,-0.3931,10.9953,0.2171,0.5823,0.3025
1624273931402,5.9759,0.2195,11.4715,0.2171,0.6324,0.1974
1624273931412,5.8323,0.2195,11.7826,0.1657,0.6458,0.1767
1624273931421,5.8419,0.0615,11.0910,0.0766,0.6287,0.1535
1624273931431,5.8682,-0.3022,10.7321,0.1266,0.6556,0.0741
1624273931440,5.2246,-1.0679,9.6123,0.1401,0.7155,0.1339
1624273931450,4.9637,-1.0009,8.5475,0.1511,0.7411,0.1425
1624273931460,4.9733,-0.4721,8.1024,0.2134,0.8169,0.0753
1624273931469,4.9781,-0.2639,8.5523,0.2317,0.9085,0.0472
1624273931479,5.2700,0.0448,9.0213,0.2158,0.9586,0.0105
1624273931488,5.7414,0.0472,8.9375,0.0631,1.0783,0.0118
1624273931498,5.6792,-1.2785,9.0189,-0.0798,1.3031,0.0276
1624273931508,5.6816,-2.5155,10.2847,-0.0554,1.5426,-0.0151
1624273931517,5.1671,-2.2715,10.0310,0.0509,1.6929,-0.1434
1624273931527,4.4325,-0.2519,10.3541,0.0924,1.8505,-0.2546
1624273931536,3.4347,2.2366,11.0025,-0.0676,2.0716,-0.3731
1624273931546,3.1261,2.2270,11.8328,-0.3449,2.2402,-0.4904
1624273931555,3.5041,0.4850,11.8041,-0.7127,2.3502,-0.5930
1624273931565,3.3605,-0.5558,11.4069,-0.9912,2.5701,-0.8068
1624273931573,2.1594,-0.5510,11.2609,-1.1219,2.8327,-1.0377
1624273931582,1.0539,-0.6803,11.0982,-1.1134,2.9415,-1.2051
1624273931592,0.5490,-0.5319,10.8254,-1.1268,2.9512,-1.3370
1624273931602,-0.0253,0.1405,10.6029,-1.2624,2.9537,-1.4958
1624273931613,-0.4034,0.8894,9.8683,-1.5544,2.9415,-1.5594
1624273931623,-0.6474,1.5666,9.1888,-2.2068,2.9231,-1.4849
1624273931633,-1.2169,1.3991,7.7842,-2.9826,2.8682,-1.4604
1624273931642,-0.9705,0.0184,6.7624,-3.4163,2.8303,-1.4286
1624273931652,-0.9824,-1.2521,6.9036,-3.6631,2.8889,-1.3004
1624273931661,-1.4873,-2.0609,7.0496,-3.8183,2.9378,-1.2503
1624273931671,-1.2791,-2.7357,7.5233,-3.8415,2.8718,-1.2014
1624273931681,-1.3677,-2.5610,7.7722,-3.9368,2.8034,-1.2320
1624273931690,-1.4658,-2.5466,7.8799,-4.0003,2.7313,-1.2784
1624273931700,-1.2050,-3.0611,7.3678,-3.9576,2.5737,-1.2136
1624273931709,-1.3820,-3.7718,6.4681,-3.8378,2.4161,-1.0939
1624273931719,-1.6955,-3.8651,5.7838,-3.7108,2.3074,-1.0316
1624273931728,-1.6979,-3.1951,5.4727,-3.6436,2.2109,-1.0059
1624273931738,-1.7457,-3.3267,5.3507,-3.7022,2.1376,-0.9216
1624273931748,-1.6213,-4.5758,5.1114,-3.5800,2.0020,-0.8654
1624273931757,-1.5758,-5.9134,5.2550,-3.1537,1.7723,-0.8105
1624273931767,-1.4610,-6.7054,5.5277,-2.4549,1.5182,-0.7225
1624273931777,-1.2504,-7.2964,5.8508,-1.5251,1.2469,-0.6260
1624273931786,-1.0016,-7.7510,6.1116,-0.5282,0.9391,-0.5124
1624273931796,-0.8676,-7.8659,5.8292,0.2439,0.6752,-0.3609
1624273931805,-0.9011,-7.8468,5.4105,0.7742,0.4846,-0.2827
1624273931815,-1.1595,-7.3826,5.2071,1.0943,0.3233,-0.2558
1624273931824,-1.3677,-6.4685,5.5804,1.0661,0.1694,-0.1544
1624273931834,-1.3509,-5.6214,6.1331,0.6593,0.0118,-0.0127
1624273931844,-1.0710,-5.2697,6.6141,0.0411,-0.1397,0.0093
1624273931853,-0.7742,-6.1574,7.1764,-0.4366,-0.2387,-0.0347
1624273931864,-0.6235,-7.1169,7.4779,-0.6614,-0.3266,-0.0921
1624273931873,-0.4464,-7.6553,7.3894,-0.5319,-0.4280,-0.0933
1624273931883,-0.3483,-8.0166,7.0161,-0.1641,-0.5294,-0.0298
1624273931890,-0.1712,-8.5239,6.4849,0.3429,-0.6211,0.0081
1624273931899,0.0872,-8.8374,6.4274,0.8707,-0.6687,0.0374
1624273931909,0.3121,-8.3253,6.8988,1.3447,-0.6712,0.0973
1624273931919,0.4868,-7.7630,7.4851,1.7222,-0.6296,0.2329
1624273931928,0.4868,-7.2174,8.0258,1.8028,-0.5783,0.3514
1624273931940,0.4198,-6.8394,8.4589,1.5952,-0.5307,0.4161
1624273931949,0.4270,-6.7532,8.8203,1.2812,-0.5050,0.4491
1624273931959,0.3384,-7.0523,9.0476,1.0698,-0.4928,0.5017
1624273931968,0.1566,-7.4328,8.8035,1.0099,-0.4964,0.5603
1624273931978,0.1398,-7.4591,8.0857,1.1052,-0.5136,0.6104
1624273931988,0.3073,-7.4543,7.7866,1.2909,-0.5050,0.6434
1624273931997,0.3791,-7.2820,7.9756,1.5622,-0.4305,0.6849
1624273932007,0.2403,-6.7532,8.6193,1.8114,-0.3462,0.7399
1624273932017,-0.0277,-5.6645,9.2031,1.8713,-0.3083,0.7790
1624273932026,-0.3268,-4.6547,9.2701,1.7112,-0.3279,0.7521
1624273932036,-0.3938,-4.2767,9.2246,1.4473,-0.3840,0.6715
1624273932045,-0.3723,-4.2934,9.0500,1.2164,-0.4427,0.5860
1624273932055,-0.3316,-4.6978,8.9255,1.1346,-0.4854,0.4907
1624273932065,-0.2478,-5.1500,9.1577,1.2225,-0.5246,0.3954
1624273932074,-0.1808,-4.3532,8.9782,1.3826,-0.5539,0.2940
1624273932084,-0.1808,-3.3435,8.5571,1.6330,-0.5600,0.2304
1624273932093,-0.0085,-2.4366,8.3250,1.8627,-0.5172,0.2256
1624273932103,-0.1042,-2.8529,8.4996,2.0472,-0.3938,0.2781
1624273932113,-0.3100,-3.1233,9.0380,2.1009,-0.2704,0.2671
1624273932122,-0.5374,-2.1901,9.5668,1.9910,-0.2240,0.2158
1624273932132,-0.6594,-0.9363,9.6482,1.7100,-0.2521,0.2072
1624273932142,-0.5900,-1.5512,10.1507,1.2299,-0.3401,0.2219
1624273932151,-0.5374,-2.9319,10.0023,0.7998,-0.4012,0.1058
1624273932161,-0.1545,-3.4655,10.0167,0.6666,-0.4061,-0.0664
1624273932170,-0.0085,-3.2645,10.3206,0.8035,-0.3902,-0.1104
1624273932179,-0.1689,-2.6711,10.2392,0.9073,-0.4061,-0.1177
1624273932188,-0.0923,-1.7068,9.8851,0.8548,-0.4207,-0.1849
1624273932197,0.3624,-2.1997,9.3682,0.7216,-0.3816,-0.1984
1624273932207,0.5992,-2.6184,9.3922,0.5457,-0.2448,-0.1898
1624273932217,0.2834,-2.8481,9.4520,0.4919,-0.0579,-0.1886
1624273932226,-0.0947,-3.1209,10.0909,0.5396,0.0936,-0.1409
1624273932238,-0.4584,-3.0444,10.5527,0.5750,0.1217,-0.1312
1624273932247,-0.5397,-3.0587,10.7034,0.6593,0.0521,-0.1813
1624273932257,-0.5254,-3.3315,10.4091,0.8377,-0.0701,-0.1972
1624273932266,-0.4464,-3.1233,9.7846,1.1052,-0.1812,-0.2350
1624273932276,-0.3675,-2.1088,9.3634,1.2787,-0.2717,-0.2753
1624273932286,-0.3986,-1.2330,8.8729,1.2445,-0.3303,-0.2998
1624273932295,-0.3890,-0.6874,8.3728,1.0014,-0.3669,-0.3315
1624273932305,-0.3124,-0.3141,8.1742,0.6825,-0.3853,-0.3535
1624273932314,-0.0420,-0.2854,8.1551,0.4528,-0.3694,-0.3169
1624273932324,0.1470,-0.7018,8.4470,0.3295,-0.3279,-0.2424
1624273932371,0.1972,-1.3502,8.6480,0.2916,-0.2766,-0.1788
1624273932372,0.2283,-1.5464,8.8490,0.3404,-0.2179,-0.1532
1624273932373,0.4246,-1.3718,8.9878,0.4150,-0.1605,-0.1324
1624273932374,0.7045,-1.5225,10.0621,0.5408,-0.0835,-0.0823
1624273932375,0.7954,-1.4603,10.5527,0.6043,-0.0322,-0.0224
1624273932381,0.6902,-0.9937,10.3086,0.5127,-0.0273,-0.0396
1624273932391,0.3863,-0.5845,8.9662,0.3942,-0.0432,-0.0713
1624273932399,0.5538,0.6262,8.4135,0.2109,-0.0017,-0.0921
1624273932416,0.5825,0.5664,7.9684,-0.0346,0.1388,0.0142
1624273932419,0.3432,-0.3070,8.4470,-0.3290,0.2793,0.1302
1624273932428,0.0896,-1.3407,9.3108,-0.4646,0.3697,0.1864
1624273932437,-0.0133,-1.6422,9.6362,-0.4524,0.3954,0.2109
1624273932451,-0.1425,-1.0918,9.5142,-0.3486,0.3868,0.1571
1624273932457,-0.0109,-0.7927,9.7104,-0.1531,0.3929,0.1535
1624273932468,0.0824,-0.7233,9.6984,0.0057,0.4113,0.1608
1624273932476,0.0943,-0.8693,9.5357,0.0668,0.4186,0.1522
1624273932486,0.0489,-0.9124,9.3610,0.0411,0.4357,0.1327
1624273932498,0.0752,-0.3548,9.0739,-0.1287,0.4492,0.1009
1624273932505,0.1087,0.2984,9.5309,-0.4500,0.4699,0.0667
1624273932515,0.1183,-0.2137,10.0861,-0.9314,0.4907,0.0838
1624273932524,0.1709,-0.5845,10.5814,-1.5056,0.4956,-0.0017
1624273932534,0.3934,-1.3837,11.0384,-1.9906,0.5066,-0.1300
1624273932543,0.5992,-2.4916,11.1796,-2.2691,0.5127,-0.2375
1624273932554,0.7596,-3.5540,11.2107,-2.2630,0.5334,-0.3511
1624273932565,0.9390,-3.7550,10.8829,-2.0456,0.5945,-0.4317
1624273932572,1.0850,-3.1808,10.6915,-1.7951,0.7118,-0.4781
1624273932583,0.9342,-2.4462,10.5000,-1.7169,0.8462,-0.4818
1624273932591,0.8026,-2.2643,10.4402,-1.9258,0.9513,-0.4977
1624273932601,0.7907,-2.8577,10.2966,-2.3449,1.0368,-0.5197
1624273932611,0.7572,-3.5947,10.1913,-2.8018,1.1162,-0.5771
1624273932621,0.6830,-4.0661,10.0526,-3.1011,1.1969,-0.6406
1624273932632,0.6040,-4.6476,10.0502,-3.1916,1.2811,-0.6480
1624273932639,0.4509,-4.9993,10.0071,-3.2001,1.3300,-0.6248
1624273932650,0.3767,-5.2338,9.7630,-3.2331,1.3373,-0.6052
1624273932660,0.4461,-5.6071,9.4615,-3.3174,1.3227,-0.6003
1624273932668,0.6279,-6.0043,9.1433,-3.5190,1.2934,-0.6113
1624273932680,0.8098,-6.4063,8.6719,-3.8036,1.2640,-0.6162
1624273932689,0.8672,-6.8705,8.0498,-4.0590,1.2359,-0.6089
1624273932697,0.8816,-7.4184,7.3870,-4.1677,1.2103,-0.5796
1624273932708,0.9414,-8.0095,6.8869,-4.1054,1.1895,-0.5136
1624273932717,0.9821,-8.3373,6.5710,-3.9270,1.1761,-0.4366
1624273932727,0.7835,-8.5837,6.3915,-3.6619,1.1663,-0.3621
1624273932737,0.5753,-8.9714,6.1475,-3.4200,1.1382,-0.3010
1624273932747,0.4772,-9.0838,5.5229,-3.3443,1.0698,-0.2680
1624273932756,0.3408,-8.8326,5.0851,-3.3956,1.0014,-0.2692
1624273932766,0.1255,-8.6172,4.9798,-3.3968,0.9745,-0.2668
1624273932776,-0.1521,-8.6053,5.0109,-3.2795,0.9476,-0.2338
1624273932786,-0.3531,-8.4976,4.1710,-3.1146,0.8548,-0.2082
1624273932795,-0.5062,-8.7560,3.6518,-2.8556,0.7363,-0.1959
1624273932805,-0.5756,-9.2035,3.2139,-2.5245,0.6458,-0.1825
1624273932814,-0.6857,-9.2537,2.4841,-2.1702,0.5567,-0.2204
1624273932822,-0.8987,-8.9427,2.0366,-1.7695,0.4919,-0.2729
1624273932832,-1.2121,-8.6364,1.6514,-1.3553,0.4552,-0.3034
1624273932841,-1.5830,-8.1578,1.4169,-0.9949,0.4455,-0.3022
1624273932851,-1.9013,-7.6003,1.5293,-0.7298,0.4369,-0.2973
1624273932863,-2.2602,-7.4280,1.7567,-0.5111,0.4235,-0.2998
1624273932872,-2.5186,-7.4926,1.9744,-0.4048,0.3954,-0.3230
1624273932881,-2.7244,-7.5955,2.1563,-0.4133,0.3453,-0.3792
1624273932890,-2.8345,-7.9018,2.5487,-0.4268,0.2964,-0.4623
1624273932898,-2.9852,-8.2440,2.8119,-0.3901,0.2647,-0.5392
1624273932908,-3.2365,-8.2033,2.5941,-0.3119,0.2341,-0.5893
1624273932918,-3.4973,-8.1722,2.0486,-0.0762,0.1914,-0.5869
1624273932927,-3.7940,-8.4617,1.0220,0.3563,0.1193,-0.5270
1624273932939,-3.9208,-8.9881,0.5387,0.8475,0.0558,-0.4635
1624273932947,-3.9591,-9.3255,0.5722,1.3093,0.0558,-0.4476
1624273932958,-4.0572,-9.0025,1.0555,1.7601,0.1437,-0.5148
1624273932967,-4.2702,-8.1937,1.9122,2.1938,0.2647,-0.6089
1624273932977,-4.5908,-7.1409,2.8358,2.5224,0.3367,-0.6590
1624273932987,-4.9856,-5.7100,3.4723,2.5982,0.2915,-0.6871
1624273932996,-5.3565,-4.5327,3.9054,2.4528,0.1376,-0.6614
1624273933005,-5.4953,-4.3796,3.9150,2.1633,-0.0908,-0.5588
1624273933015,-5.1818,-5.2170,3.9269,1.7271,-0.3706,-0.4561
1624273933025,-4.5741,-6.3201,3.9963,1.2433,-0.6247,-0.3865
1624273933035,-3.6959,-7.5070,4.3744,0.8768,-0.7616,-0.3059
1624273933044,-2.9134,-8.3397,4.4031,0.7852,-0.7445,-0.2155
1624273933054,-2.2961,-8.7130,5.0707,0.9024,-0.5649,-0.1190
1624273933064,-2.0018,-8.3564,5.8867,0.9721,-0.2839,-0.0530
1624273933073,-2.0520,-6.9423,6.6667,0.8499,0.0680,-0.0114
1624273933083,-2.6813,-5.4994,7.4061,0.4089,0.4223,0.0741
1624273933093,-3.2054,-7.8826,7.2506,-0.0126,0.5994,0.3954
1624273933102,-3.5978,-9.1700,6.9132,-0.3168,0.6422,0.7484
1624273933111,-3.5523,-9.2753,6.6954,-0.2826,0.6813,0.8352
1624273933120,-3.1862,-8.5311,6.5088,-0.1617,0.8694,0.8633
1624273933129,-2.9900,-7.6458,6.4370,-0.2570,1.1773,0.9427
1624273933139,-3.2819,-7.2797,6.3724,-0.4781,1.4888,1.0783
1624273933149,-3.8777,-7.3730,5.9991,-0.7237,1.7149,1.2164
1624273933158,-4.4951,-7.6099,5.5469,-0.8605,1.8505,1.3165
1624273933168,-4.8899,-7.5094,5.0946,-0.9387,1.9128,1.3666
1624273933179,-5.1483,-7.2222,4.7883,-0.9692,1.9421,1.4094
1624273933187,-5.3374,-6.9279,4.5204,-1.0022,1.9665,1.4570
1624273933198,-5.5790,-6.7389,4.0896,-1.0584,1.9812,1.4754
1624273933208,-5.7657,-7.1385,3.6661,-1.0450,1.9592,1.4546
1624273933217,-5.8231,-8.0095,3.3885,-0.8996,1.8945,1.4131
1624273933227,-5.8446,-8.6651,3.0177,-0.6540,1.7625,1.3385
1624273933237,-5.9236,-8.6364,2.6970,-0.3107,1.5609,1.2212
1624273933246,-6.0696,-8.0573,2.3549,0.1254,1.3373,1.1211
1624273933254,-6.2131,-7.5692,2.1036,0.6508,1.1248,1.0526
1624273933266,-6.3017,-7.1552,2.3620,1.2042,0.9232,0.9537
1624273933275,-6.2682,-6.6599,2.8286,1.7601,0.7204,0.8083
1624273933285,-6.0815,-6.3919,3.3120,2.3795,0.5029,0.6629
1624273933293,-5.7226,-6.4757,3.7044,3.0172,0.2378,0.5334
1624273933303,-5.2943,-6.3728,3.6565,3.5353,-0.0762,0.4076
1624273933312,-4.8971,-6.1861,3.2378,3.8676,-0.3926,0.2659
1624273933322,-4.4616,-5.9516,2.8047,3.9506,-0.6724,0.0960
1624273933331,-4.0165,-5.3271,2.5152,3.7148,-0.8984,-0.1092
1624273933341,-3.6313,-4.3963,2.5247,3.2494,-1.0572,-0.3144
1624273933350,-3.2388,-3.6952,3.2354,2.7081,-1.1440,-0.4293
1624273933362,-2.9278,-3.8196,4.1686,2.1315,-1.2014,-0.4329
1624273933371,-2.6718,-4.7193,4.9870,1.4498,-1.2894,-0.4476
1624273933381,-2.3535,-5.7578,5.3937,0.6715,-1.3956,-0.5661
1624273933391,-1.9802,-6.4805,5.9130,-0.0529,-1.4641,-0.7811
1624273933400,-1.5950,-6.8513,6.4825,-0.6284,-1.4665,-0.9754
1624273933410,-1.3653,-7.4974,7.0759,-0.9741,-1.4421,-1.0817
1624273933418,-1.1475,-8.1195,7.3798,-1.1305,-1.4237,-1.1428
1624273933428,-1.0063,-7.8276,7.1668,-1.2014,-1.3981,-1.1855
1624273933437,-0.8317,-7.1026,7.4348,-1.1488,-1.3419,-1.1855
1624273933446,-0.6881,-6.3201,8.4398,-0.9729,-1.2490,-1.1086
1624273933460,-0.7742,-5.8152,9.2318,-0.8446,-1.1488,-0.9229
1624273933468,-0.9992,-6.2316,9.1074,-0.7566,-1.0914,-0.7030
1624273933477,-1.1356,-7.2486,8.3656,-0.7261,-1.0841,-0.5417
1624273933485,-1.1738,-7.9975,7.7196,-0.7408,-1.0865,-0.4818
1624273933496,-1.0733,-8.1841,7.9517,-0.6504,-1.0523,-0.5026
1624273933506,-0.9872,-7.4400,8.2771,-0.4256,-0.9778,-0.5490
1624273933514,-1.0207,-6.7341,8.4087,-0.1018,-0.8935,-0.5759
1624273933525,-1.0901,-6.2364,8.0211,0.1376,-0.8275,-0.5673
1624273933535,-1.1308,-5.3821,7.1166,0.1670,-0.7872,-0.5637
1624273933544,-0.9441,-4.1427,6.3245,0.0668,-0.7298,-0.5490
1624273933554,-0.7958,-4.3221,6.5255,-0.1238,-0.5966,-0.4268
1624273933563,-0.7838,-6.1526,7.2123,-0.4512,-0.4244,-0.2338
1624273933573,-0.7025,-7.6171,7.8440,-0.8202,-0.3059,-0.2485
1624273933583,-0.5756,-7.9353,7.5856,-0.8629,-0.2411,-0.4195
1624273933592,-0.3363,-7.7726,7.1357,-0.5612,-0.1898,-0.4293
1624273933601,-0.1449,-7.4687,7.1285,-0.2802,-0.1287,-0.2802
1624273933612,-0.1928,-7.2677,6.9778,-0.2533,-0.0542,-0.1898
1624273933621,-0.3770,-6.9518,6.8103,-0.4476,0.0081,-0.2778
1624273933631,-0.5517,-7.0428,6.1882,-0.6882,0.0606,-0.3584
1624273933640,-0.5613,-7.5644,5.3435,-0.9033,0.0814,-0.3401
1624273933650,-0.3962,-7.9592,5.0348,-1.0645,0.1107,-0.3120
1624273933659,-0.5374,-8.2296,4.9798,-1.1048,0.1816,-0.2986
1624273933669,-0.7192,-8.2320,5.3459,-1.0108,0.2280,-0.3303
1624273933678,-0.8771,-8.4450,5.8555,-0.7261,0.2256,-0.3254
1624273933687,-0.8843,-8.6149,5.9393,-0.3523,0.1706,-0.2485
1624273933696,-0.7695,-8.5694,5.7407,-0.0273,0.0826,-0.1825
1624273933706,-0.6498,-8.3110,5.4966,0.1926,0.0069,-0.1349
1624273933715,-0.4943,-7.9903,5.2215,0.3001,-0.0334,-0.1092
1624273933725,-0.3603,-8.1507,4.8913,0.4064,-0.0566,-0.0750
1624273933734,-0.2430,-8.3588,5.1975,0.4932,-0.0664,-0.0286
1624273933744,-0.2861,-8.5550,5.6976,0.5640,-0.0444,0.0105
1624273933754,-0.3842,-8.3899,5.9082,0.6520,-0.0212,0.0056
1624273933765,-0.5996,-7.7032,6.0972,0.6593,-0.0163,-0.0224
1624273933775,-0.7862,-7.1098,6.2575,0.4700,-0.0188,-0.0139
1624273933784,-0.7934,-7.2270,6.4490,0.1828,-0.0407,-0.0151
1624273933794,-0.7144,-7.3132,6.3269,-0.1275,-0.0639,-0.0481
1624273933804,-0.5541,-8.2009,6.3796,-0.3034,-0.0505,-0.0151
1624273933813,-0.3770,-9.0575,6.5614,-0.3022,-0.0297,0.0191
1624273933823,-0.2741,-9.1245,6.3389,-0.1214,-0.0090,0.0362
1624273933832,-0.1066,-9.0695,6.4107,0.1413,0.0313,0.1034
1624273933842,-0.1569,-8.9953,6.3557,0.3771,0.0887,0.2084
1624273933851,-0.4201,-7.8994,6.6332,0.4345,0.1486,0.2488
1624273933861,-0.5589,-7.4735,6.8605,0.4382,0.2048,0.2695
1624273933871,-0.5421,-7.3921,6.6476,0.3148,0.1987,0.2817
1624273933881,-0.5756,-7.1050,6.1379,0.1022,0.1596,0.2500
1624273933890,-0.6977,-6.9088,5.6737,-0.0627,0.1547,0.2292
1624273933898,-1.0135,-6.6336,5.4559,-0.1531,0.1657,0.2060
1624273933911,-1.2863,-6.3895,5.4177,-0.2301,0.1449,0.2036
1624273933919,-1.3342,-6.3417,5.2573,-0.3095,0.1071,0.1901
1624273933927,-1.3126,-6.5499,5.4488,-0.3119,0.0924,0.1461
1624273933938,-1.3964,-6.5809,5.6904,-0.3254,0.0887,0.1168
1624273933948,-1.4634,-6.3010,5.8388,-0.3853,0.0716,0.0667
1624273933956,-1.5112,-6.3847,5.9273,-0.5416,0.0533,0.0240
1624273933967,-1.4347,-7.0452,6.1451,-0.7738,0.0533,-0.0273
1624273933976,-1.2528,-7.2438,6.0422,-1.1317,0.0545,-0.1300
1624273933986,-1.2384,-7.4328,5.9919,-1.5899,0.0460,-0.2216
1624273933996,-1.3796,-7.5692,5.8962,-2.0737,0.0362,-0.2851
1624273934005,-1.7194,-7.7247,5.9824,-2.4585,0.0606,-0.3694
1624273934013,-2.0735,-8.3780,6.0733,-2.5929,0.1034,-0.3865
1624273934023,-2.2147,-9.2753,6.1546,-2.4475,0.1266,-0.3572
1624273934033,-2.1405,-9.8017,5.9489,-2.1299,0.1303,-0.3291
1624273934042,-2.0688,-9.8519,5.5971,-1.7511,0.1498,-0.2766
1624273934053,-2.0472,-9.4117,5.3531,-1.3626,0.1804,-0.1898
1624273934063,-1.9994,-9.1700,5.0468,-1.0315,0.2011,-0.0799
1624273934073,-1.9180,-8.9474,4.7333,-0.8422,0.2109,0.0069
1624273934082,-1.8582,-8.7943,4.3983,-0.7518,0.2317,0.0484
1624273934092,-1.8223,-8.7321,4.0562,-0.6919,0.2561,0.0741
1624273934102,-1.8008,-8.7034,3.8958,-0.5795,0.2769,0.1119
1624273934112,-1.7912,-8.8470,3.7523,-0.3889,0.2867,0.1669
1624273934120,-1.6596,-9.1006,3.5010,-0.1641,0.2903,0.2243
1624273934128,-1.5519,-9.2155,3.3239,-0.0053,0.2720,0.2500
1624273934143,-1.4729,-8.9594,2.9818,0.0448,0.2476,0.2316
1624273934148,-1.3581,-8.6149,2.8143,0.0668,0.2305,0.1864
1624273934157,-1.1619,-8.4593,2.7999,0.0704,0.2231,0.1583
1624273934167,-0.9298,-8.2583,2.8765,-0.0261,0.2133,0.1522
1624273934176,-0.8676,-7.9090,2.8837,-0.2264,0.2048,0.1351
1624273934186,-0.8867,-7.7654,2.7329,-0.4732,0.2133,0.1156
1624273934197,-0.7216,-8.1961,2.7042,-0.7237,0.2280,0.1180
1624273934207,-0.4273,-8.9116,2.7808,-0.9558,0.2451,0.1205
1624273934217,-0.1952,-9.5839,2.9507,-1.1317,0.2720,0.1034
1624273934227,0.0824,-9.9931,3.1660,-1.2368,0.2793,0.0899
1624273934236,0.3911,-10.1271,3.2641,-1.3309,0.2634,0.1034
1624273934244,0.6112,-10.1989,3.4986,-1.4445,0.2464,0.1339
1624273934254,0.8361,-10.3664,3.6518,-1.5789,0.2085,0.1645
1624273934265,1.1592,-10.6535,3.6518,-1.7609,0.1327,0.1742
1624273934274,1.4104,-11.1895,3.7618,-1.9136,0.0729,0.2036
1624273934284,1.7023,-11.6585,3.9150,-2.0065,0.0338,0.2524
1624273934293,2.0349,-11.7973,3.7905,-1.9820,-0.0078,0.3123
1624273934304,2.3053,-11.9457,3.7283,-1.8342,-0.0371,0.4259
1624273934311,2.4752,-12.1467,3.6302,-1.6241,-0.0542,0.5652
1624273934321,2.5853,-11.8523,3.5058,-1.4738,-0.0713,0.6690
1624273934330,2.4297,-11.3092,3.2306,-1.3076,-0.0627,0.7497
1624273934340,2.1570,-11.1106,2.7257,-1.0987,-0.0407,0.8547
1624273934349,2.0684,-10.8880,2.4960,-0.9900,-0.0334,0.9549
1624273934361,1.8985,-10.3305,2.4649,-0.9973,-0.0090,0.9928
1624273934371,1.4224,-9.7921,2.2304,-0.9631,0.0399,0.9879
1624273934380,0.8768,-9.6342,2.0821,-0.8813,0.0667,1.0087
1624273934390,0.4581,-9.4906,1.8045,-0.8312,0.0606,1.0258
1624273934399,0.0800,-9.0910,1.7734,-0.7616,0.0496,0.9781
1624273934409,-0.5637,-8.6723,1.8882,-0.5685,0.0777,0.8975
1624273934419,-1.3844,-8.5933,1.8978,-0.2460,0.1156,0.8266
1624273934428,-2.1358,-8.4234,1.7136,0.1095,0.1278,0.7558
1624273934437,-2.7627,-7.9760,1.4049,0.4883,0.1290,0.6544
1624273934448,-3.4446,-7.5883,0.9455,0.9782,0.1486,0.5261
1624273934457,-4.1266,-7.3849,0.4334,1.4620,0.1743,0.3929
1624273934467,-4.7344,-7.0452,0.0936,1.8004,0.1889,0.2622
1624273934476,-5.2560,-6.2555,-0.1145,1.9763,0.1730,0.0924
1624273934486,-5.7489,-5.5353,-0.1768,2.0655,0.1352,-0.0921
1624273934496,-6.1820,-5.1812,-0.0810,1.9629,0.0704,-0.2497
1624273934505,-6.5314,-4.9993,0.2683,1.6807,-0.0212,-0.4110
1624273934515,-6.7013,-4.8725,0.7206,1.3032,-0.1324,-0.6003
1624273934524,-6.7611,-5.1812,0.9981,1.0051,-0.2387,-0.7799
1624273934534,-6.7037,-6.3704,0.9766,0.9110,-0.3450,-0.8935
1624273934544,-6.4883,-7.5429,1.1201,0.8914,-0.4451,-0.9497
1624273934553,-6.3256,-8.2583,1.1273,1.0063,-0.5233,-0.9839
1624273934564,-6.1437,-8.7752,1.1441,1.3239,-0.5710,-0.9693
1624273934573,-5.8590,-8.7034,1.3331,1.6233,-0.6247,-0.8996
1624273934582,-5.5312,-7.8109,1.7064,1.7967,-0.6882,-0.8263
1624273934592,-5.1531,-6.9423,2.1108,1.8199,-0.7347,-0.7567
1624273934601,-4.7870,-6.8561,3.0177,1.6013,-0.7298,-0.6394
1624273934611,-4.5142,-7.2007,3.8767,1.1138,-0.6980,-0.5405
1624273934621,-4.2558,-7.8133,4.5850,0.5188,-0.6406,-0.4696
1624273934628,-4.0452,-8.4426,5.1808,-0.0456,-0.5563,-0.3548
1624273934638,-3.9519,-9.0886,5.5134,-0.4488,-0.4525,-0.1727
1624273934648,-3.9280,-9.6629,5.6187,-0.6369,-0.3364,0.0276
1624273934657,-3.9423,-10.0697,5.3889,-0.7273,-0.1947,0.2463
1624273934667,-4.0285,-10.4693,4.8051,-0.7713,-0.0212,0.4735
1624273934678,-4.1649,-10.5770,4.0777,-0.7908,0.1620,0.6409
1624273934688,-4.3276,-10.2013,3.4651,-0.7786,0.3477,0.7717
1624273934697,-4.6626,-9.6246,3.0272,-0.7469,0.5518,0.9097
1624273934707,-5.1124,-9.0743,2.9483,-0.7249,0.7424,1.0209
1624273934716,-5.6245,-8.3923,2.8597,-0.7408,0.8853,1.0771
1624273934726,-6.0456,-8.0932,2.9363,-0.7359,0.9476,1.1162
1624273934736,-6.2753,-8.1147,2.9961,-0.6699,0.9158,1.1431
1624273934745,-6.3112,-8.1889,3.0679,-0.4989,0.8218,1.1272
1624273934755,-6.2562,-8.2129,2.9770,-0.1617,0.7253,1.0881
1624273934765,-6.1940,-7.9951,2.7473,0.3270,0.6361,1.0404
1624273934774,-6.2036,-7.7965,2.5511,0.9085,0.5396,1.0001
1624273934784,-6.2658,-7.5381,2.4482,1.4339,0.4320,0.9610
1624273934793,-6.3304,-7.0021,2.5080,1.8334,0.3013,0.8804
1624273934802,-6.3184,-6.3943,2.6516,2.1425,0.1498,0.7655
1624273934813,-6.3041,-5.9038,2.7879,2.3758,-0.0139,0.6434
1624273934822,-6.1892,-5.5425,3.1493,2.5005,-0.1947,0.5114
1624273934832,-5.8877,-5.4922,3.5680,2.5371,-0.3828,0.3648
1624273934842,-5.4020,-5.7219,3.8719,2.5114,-0.5746,0.1828
1624273934851,-4.8468,-5.8655,3.6398,2.3880,-0.7677,-0.0163
1624273934861,-4.2558,-5.7243,3.3239,2.1327,-0.9558,-0.1874
1624273934871,-3.6600,-5.2529,3.0201,1.8517,-1.1049,-0.3535
1624273934880,-3.0785,-5.0711,3.0512,1.6306,-1.1721,-0.4989
1624273934889,-2.4540,-5.5712,3.4173,1.4437,-1.1708,-0.5441
1624273934899,-1.9061,-6.1120,3.7068,1.2274,-1.1501,-0.5343
1624273934909,-1.4634,-6.7389,4.2547,1.1101,-1.1195,-0.5282
1624273934919,-1.1116,-7.3012,4.9295,1.0087,-1.0890,-0.5075
1624273934926,-0.8125,-7.6984,5.6785,0.7913,-1.0694,-0.5197
1624273934935,-0.4249,-7.8492,6.1618,0.4724,-1.0865,-0.5905
1624273934945,-0.0253,-7.8300,6.4011,0.1046,-1.1195,-0.7030
1624273934955,0.1829,-7.7367,6.1475,-0.1873,-1.1207,-0.7872
1624273934964,0.2953,-7.8013,6.1379,-0.3266,-1.0707,-0.7872
1624273934976,0.2906,-7.9784,5.7000,-0.2997,-1.0242,-0.7506
1624273934985,0.2714,-8.2822,5.1234,-0.1238,-1.0206,-0.7347
1624273934995,0.3743,-8.5861,4.4318,0.1889,-1.0157,-0.7152
1624273935005,0.7237,-8.8254,4.3289,0.4883,-0.9473,-0.6932
1624273935015,1.2262,-8.8924,4.6735,0.7424,-0.8080,-0.6944
1624273935024,1.4918,-8.1339,5.2908,0.8291,-0.6235,-0.7482
1624273935034,1.3075,-6.9423,6.1523,0.7387,-0.4366,-0.7714
1624273935043,0.6902,-6.3512,6.9227,0.5518,-0.3059,-0.7042
1624273935053,0.1159,-6.7532,7.1692,0.3099,-0.3217,-0.6052
1624273935062,-0.0181,-7.3802,6.7720,0.0326,-0.4696,-0.5661
1624273935072,0.2953,-7.7343,6.0278,-0.1104,-0.6052,-0.5966
1624273935082,0.8529,-7.7175,5.0420,-0.1250,-0.6198,-0.6028
1624273935091,1.4104,-7.6194,5.2119,-0.2362,-0.5233,-0.5356
1624273935101,1.5635,-8.2487,5.7646,-0.4622,-0.3694,-0.3938
1624273935111,1.2932,-9.2131,6.0924,-0.6748,-0.2582,-0.2851
1624273935120,0.8840,-9.6581,6.0446,-0.7017,-0.2289,-0.2558
1624273935130,0.6327,-9.8615,6.0613,-0.4427,-0.2057,-0.2057
1624273935139,0.4940,-9.7730,6.2169,-0.0590,-0.1715,-0.1373
1624273935148,0.4150,-9.3614,6.6213,0.3185,-0.1532,-0.1312
1624273935158,0.2977,-8.7584,6.5973,0.6679,-0.1715,-0.1556
1624273935168,0.2331,-8.2799,6.1690,0.9867,-0.2167,-0.1361
1624273935178,0.2619,-7.8587,5.6378,1.2311,-0.2484,-0.0982
1624273935187,0.2307,-7.2797,5.3985,1.3154,-0.2387,-0.0933
1624273935196,0.1613,-6.5068,5.5086,1.2225,-0.1776,-0.1202
1624273935206,0.0034,-5.9516,5.7527,0.9171,-0.1055,-0.1361
1624273935216,-0.1617,-5.7411,6.0231,0.4919,-0.0835,-0.1776
1624273935224,-0.2119,-5.9923,6.1953,0.1120,-0.1067,-0.2265
1624273935233,0.0417,-6.4182,6.3557,-0.1812,-0.1495,-0.2106
1624273935243,0.3193,-7.3108,6.4346,-0.3645,-0.1751,-0.1605
1624273935253,0.5849,-7.8276,6.5088,-0.4011,-0.1287,-0.1287
1624273935265,0.5610,-7.3466,6.5830,-0.4170,0.0008,-0.1324
1624273935274,0.4963,-7.8587,6.9371,-0.4109,0.1388,-0.0774
1624273935283,0.2068,-8.2822,6.5016,-0.5392,0.1743,-0.0176
1624273935293,0.1637,-7.7845,6.1451,-0.7127,0.1596,-0.0396
1624273935303,0.2953,-7.7367,6.1212,-0.7200,0.2048,-0.0322
1624273935312,0.4581,-8.2846,6.0111,-0.6931,0.2720,0.0350
1624273935322,0.5227,-8.4354,5.8460,-0.7127,0.2940,0.0435
1624273935329,0.4341,-8.2655,5.9919,-0.6614,0.3282,0.0105
1624273935340,0.1877,-7.9951,6.2216,-0.5819,0.3819,0.0093
1624273935350,-0.0564,-7.4400,6.4179,-0.5917,0.3954,-0.0163
1624273935360,-0.2024,-6.8370,6.1929,-0.6723,0.3490,-0.0823
1624273935369,-0.1138,-6.9447,6.1690,-0.7261,0.3050,-0.1043
1624273935379,0.2953,-7.3706,6.2552,-0.7530,0.2989,-0.0823
1624273935389,0.7643,-7.5883,6.5160,-0.7298,0.3355,-0.0591
1624273935398,1.1089,-7.7989,6.8821,-0.7786,0.4003,0.0130
1624273935408,1.3769,-8.5263,7.4827,-1.0706,0.4809,0.1608
1624273935418,1.6521,-9.6533,7.9110,-1.5276,0.5603,0.2793
1624273935427,1.9225,-10.4549,7.8344,-1.9906,0.6226,0.3123
1624273935437,2.1139,-10.9957,7.2338,-2.2142,0.6739,0.3550
1624273935446,2.2503,-11.5700,6.5136,-2.1286,0.7277,0.4919
1624273935455,2.2216,-11.8188,5.8986,-1.9258,0.7741,0.6922
1624273935466,2.0373,-11.5963,5.4703,-1.7719,0.8108,0.8718
1624273935475,1.7334,-11.1967,5.2597,-1.6583,0.8425,0.9916
1624273935485,1.5348,-10.7660,5.3531,-1.6742,0.8303,1.0771
1624273935494,1.4678,-10.0601,5.1688,-1.8257,0.7741,1.1492
1624273935504,1.3960,-9.5146,5.0468,-1.9600,0.7081,1.2262
1624273935514,1.0993,-9.4093,4.7644,-1.9710,0.6629,1.2994
1624273935523,0.6327,-9.5839,4.2787,-1.9197,0.6214,1.3422
1624273935534,0.2810,-9.5241,3.7666,-1.8586,0.5579,1.3410
1624273935541,-0.1617,-9.0838,3.3120,-1.7597,0.5041,1.3007
1624273935550,-0.6474,-8.8111,3.0368,-1.5447,0.4797,1.2481
1624273935560,-1.1092,-8.4234,2.5367,-1.3003,0.4430,1.1602
1624273935570,-1.5711,-7.9855,2.3142,-0.9949,0.4015,1.0478
1624273935582,-2.1166,-7.5453,2.3788,-0.5807,0.3868,0.9427
1624273935590,-2.7100,-7.2127,2.5104,-0.1165,0.3868,0.8242
1624273935600,-3.2221,-6.8681,2.1108,0.2965,0.3502,0.6825
1624273935610,-3.6528,-6.3034,1.5724,0.5799,0.2512,0.5200
1624273935619,-4.0333,-5.8583,0.9407,0.7619,0.1425,0.3404
1624273935629,-4.3802,-5.5616,0.6679,0.8536,0.0765,0.1718
1624273935638,-4.7631,-5.1931,0.7828,0.8157,0.0472,0.0069
1624273935648,-5.2847,-4.8462,0.7373,0.7680,0.0374,-0.1752
1624273935658,-5.8375,-5.2027,0.8258,0.7778,0.0105,-0.3401
1624273935667,-6.2131,-5.9660,1.3044,0.7729,-0.0554,-0.4757
1624273935677,-6.3256,-6.3752,1.9552,0.7167,-0.1629,-0.6113
1624273935687,-6.1868,-6.5786,2.4554,0.7583,-0.2729,-0.7335
1624273935696,-6.0815,-7.0260,2.7209,0.9269,-0.3584,-0.7824
1624273935705,-5.9762,-7.6649,2.9818,1.0674,-0.4121,-0.7714
1624273935716,-6.0169,-8.3899,2.9531,1.1480,-0.4378,-0.7421
1624273935725,-6.0337,-8.3564,2.9315,1.1016,-0.4561,-0.7237
1624273935734,-5.9786,-7.6338,2.7640,1.0454,-0.4745,-0.6858
1624273935745,-5.8446,-6.9877,2.2855,0.9904,-0.4794,-0.5661
1624273935754,-5.6413,-7.0141,2.4099,0.8316,-0.4329,-0.3706
1624273935764,-5.5503,-7.4639,3.1445,0.4968,-0.2790,-0.1691
1624273935773,-5.8087,-8.2631,3.9796,0.0289,-0.0395,-0.0628
1624273935781,-6.2107,-9.0312,4.4725,-0.3804,0.1767,-0.0347
1624273935793,-6.5409,-9.1556,4.4725,-0.6418,0.2903,0.0215
1624273935802,-6.6821,-8.8996,4.1255,-0.6968,0.3331,0.1583
1624273935812,-6.6534,-8.4904,3.7977,-0.6662,0.3807,0.3196
1624273935821,-6.6343,-8.0166,3.6542,-0.6809,0.4711,0.4235
1624273935831,-6.7037,-7.7774,3.4029,-0.6919,0.5689,0.4772
1624273935839,-6.7467,-8.0406,3.0607,-0.6626,0.6251,0.5334
1624273935848,-6.7300,-8.3660,2.6587,-0.5929,0.6202,0.5847
1624273935858,-6.6510,-8.4186,2.0677,-0.4195,0.5799,0.5896
1624273935867,-6.6271,-8.3804,1.4528,-0.0871,0.5285,0.5395
1624273935877,-6.5697,-8.0501,1.1871,0.3197,0.4772,0.4638
1624273935888,-6.4404,-7.5142,1.5078,0.7546,0.4223,0.3941
1624273935896,-6.2634,-6.8585,2.1299,1.1309,0.3306,0.3367
1624273935908,-6.0241,-5.9277,2.6228,1.3068,0.1804,0.2561
1624273935917,-5.7465,-5.1309,2.7497,1.2922,0.0044,0.1351
1624273935927,-5.5407,-4.8725,2.7114,1.1004,-0.1287,-0.0310
1624273935937,-5.3804,-5.3367,2.6875,0.8194,-0.2106,-0.2387
1624273935946,-5.1627,-5.9229,2.7808,0.5078,-0.2900,-0.4904
1624273935956,-4.7750,-6.1431,2.9626,0.3209,-0.3938,-0.7518
1624273935965,-4.1481,-6.0306,3.1541,0.3441,-0.4916,-0.9534
1624273935975,-3.2747,-6.0976,3.6685,0.5555,-0.5282,-1.0597
1624273935984,-2.3846,-6.3752,4.2213,0.7778,-0.4916,-1.0756
1624273935994,-1.5830,-6.3154,4.7764,0.7790,-0.4366,-1.0756
1624273936003,-0.9896,-6.1718,4.9295,0.5494,-0.4134,-1.0731
1624273936013,-0.4512,-6.7269,4.8913,0.1730,-0.4109,-1.0560
1624273936023,-0.0923,-7.6601,4.5347,-0.3474,-0.4219,-1.1037
1624273936033,0.4365,-8.7728,4.5802,-0.7457,-0.4170,-1.2625
1624273936042,0.9199,-10.5770,5.0659,-0.7457,-0.3584,-1.3896
1624273936051,1.3267,-11.5197,5.5325,-0.3865,-0.3010,-1.4555
1624273936062,1.5827,-11.1010,5.4966,0.2207,-0.3315,-1.4164
1624273936071,2.2455,-9.7562,4.7979,0.9037,-0.4403,-1.2601
1624273936081,2.3197,-8.1052,3.8432,1.2115,-0.4671,-1.0902
1624273936090,1.8555,-7.0787,3.6350,1.0246,-0.4586,-0.9729
1624273936099,1.8746,-6.9447,3.6111,0.4834,-0.4488,-0.8520
1624273936109,2.1689,-7.8324,4.3241,-0.0945,-0.3743,-0.7640
1624273936119,2.3316,-9.8950,5.0970,-0.4414,-0.2643,-0.7005
1624273936129,2.5326,-11.6131,5.8340,-0.5575,-0.2057,-0.6504
1624273936137,2.4250,-11.5365,6.3485,-0.3901,-0.1935,-0.6370
1624273936146,2.0732,-10.9909,6.3413,0.0790,-0.2032,-0.5221
1624273936156,1.9392,-9.9572,5.6234,0.5701,-0.2411,-0.3816
1624273936165,1.7095,-8.8709,4.8003,0.8597,-0.2814,-0.2741
1624273936175,1.4152,-8.7273,4.2547,0.9195,-0.3095,-0.1727
1624273936186,1.3817,-8.3062,4.2811,0.7167,-0.3168,-0.1190
1624273936196,0.9606,-8.7249,4.5156,0.5127,-0.2912,-0.1055
1624273936205,1.0204,-8.2703,5.1257,0.4516,-0.2888,-0.0994
1624273936216,0.6375,-8.8015,5.6713,0.4296,-0.2888,0.0350
1624273936225,0.5610,-8.2631,5.5564,0.2867,-0.3107,0.0252
1624273936235,0.2619,-8.2272,5.6785,0.0998,-0.3560,0.0569
1624273936244,0.0178,-8.2727,5.5564,-0.0823,-0.3853,0.0887
1624273936253,-0.0014,-8.5479,4.8482,-0.1592,-0.3938,0.0960
1624273936264,-0.0157,-9.3997,4.4701,-0.0786,-0.3621,0.1205
1624273936273,0.0226,-9.3112,4.6687,0.0741,-0.2985,0.0899
1624273936283,-0.1210,-8.7512,4.9559,0.2586,-0.2399,0.0679
1624273936292,-0.3340,-7.8492,5.1975,0.2647,-0.2118,0.0985
1624273936301,-0.6068,-7.5692,5.6593,0.1034,-0.1922,0.1388
1624273936312,-0.8436,-7.4974,5.5301,-0.2069,-0.1593,0.1192
1624273936321,-0.5230,-7.3108,4.9630,-0.5636,-0.1177,0.0374
1624273936331,0.0178,-8.1674,4.7716,-0.7310,-0.0432,0.0337
1624273936341,0.0513,-9.0001,4.6280,-0.8556,0.0606,0.0166
1624273936349,-0.0205,-9.8472,4.5539,-0.8214,0.1572,-0.0554
1624273936360,-0.2143,-9.5648,4.8123,-0.7127,0.2354,-0.0921
1624273936370,-0.5134,-8.3875,4.9559,-0.5710,0.2769,-0.1092
1624273936379,-0.6450,-8.6460,4.8027,-0.4072,0.2977,-0.0518
1624273936388,-0.6522,-8.7752,4.7309,-0.3865,0.3123,-0.0762
1624273936398,-0.8604,-8.9020,4.8865,-0.3242,0.3087,-0.1019
1624273936407,-0.8436,-8.3062,4.8266,-0.1971,0.2964,-0.0835
1624273936417,-0.7025,-7.4591,4.3433,-0.1226,0.2586,0.0130
1624273936427,-1.5041,-8.3732,4.5108,-0.1470,0.2256,0.1278
1624273936436,-1.0997,-8.4282,4.3289,-0.2680,0.2402,-0.0884
1624273936446,-1.0781,-8.4043,4.4605,-0.3718,0.2195,-0.0896
1624273936454,-1.3581,-8.1530,4.4916,-0.4121,0.1694,-0.1129
1624273936463,-1.1068,-8.4761,4.3840,-0.4646,0.1254,-0.1446
1624273936473,-0.9657,-8.8805,4.2284,-0.5282,0.1034,-0.1935
1624273936483,-0.9513,-9.1389,3.9485,-0.5465,0.0887,-0.2570
1624273936495,-0.7384,-8.2559,3.7235,-0.5428,0.0704,-0.3267
1624273936504,-0.8053,-7.6673,3.8097,-0.5404,0.1034,-0.3315
1624273936513,-1.0710,-8.3445,4.1758,-0.5392,0.1254,-0.2839
1624273936523,-0.8006,-8.3923,4.1686,-0.5428,0.1144,-0.3108
1624273936533,-0.6929,-9.2202,4.1255,-0.3889,0.0875,-0.2558
1624273936542,-0.3196,-9.3782,3.8504,-0.2692,0.0411,-0.2228
1624273936552,-0.1808,-9.2202,3.9700,-0.2631,-0.0017,-0.2045
1624273936563,-0.2239,-9.3112,4.0203,-0.2618,-0.0469,-0.1923
1624273936571,-0.1832,-9.6079,3.9556,-0.2142,-0.0847,-0.1800
1624273936581,-0.0349,-9.3471,3.3957,-0.0749,-0.1165,-0.1703
1624273936590,0.2355,-9.1772,3.2761,0.0802,-0.1263,-0.1239
1624273936600,-0.0564,-9.4619,3.6518,0.1865,-0.1116,-0.0664
1624273936609,-0.1641,-9.3375,3.5489,0.2952,-0.1336,-0.0493
1624273936619,-0.1306,-9.1963,3.4986,0.4357,-0.1556,0.0264
1624273936628,-0.2861,-8.7680,3.6924,0.4907,-0.1788,0.0557
1624273936638,-0.4010,-8.4617,3.7834,0.4602,-0.2203,0.0630
1624273936648,-0.3842,-8.5096,3.5728,0.3417,-0.2582,0.0802
1624273936657,-0.3627,-8.3732,3.6207,0.1938,-0.2655,0.0325
1624273936667,-0.4656,-8.6316,3.9700,0.1059,-0.2558,-0.0114
1624273936677,-0.5039,-8.6627,3.9341,0.1132,-0.2558,-0.0359
1624273936686,-0.3627,-8.4043,4.0107,0.1645,-0.2582,-0.0371
1624273936696,-0.3005,-8.4737,4.1327,0.2122,-0.2399,-0.0090
1624273936705,-0.1617,-8.4282,4.2978,0.2085,-0.2191,-0.0176
1624273936714,-0.1497,-8.4689,4.3433,0.2341,-0.2093,0.0130
1624273936725,0.0202,-8.2200,4.1136,0.2867,-0.2289,0.0423
1624273936734,0.1685,-8.0406,3.7810,0.3466,-0.2460,0.0899
1624273936744,0.0178,-8.1435,3.9628,0.3270,-0.2643,0.1217
1624273936752,-0.1282,-8.1841,4.3217,0.2659,-0.2900,0.0912
1624273936761,-0.0660,-8.3828,4.6687,0.2403,-0.3364,0.0679
1624273936771,0.2714,-8.1865,4.6424,0.1425,-0.4012,0.0753
1624273936780,0.2116,-8.3253,4.5347,-0.0334,-0.4305,0.0692
1624273936790,0.2140,-9.1030,4.6137,-0.0945,-0.4073,0.0508
1624273936802,0.5155,-9.2011,4.7955,-0.1165,-0.3902,0.0521
1624273936811,0.3695,-8.8541,4.7907,-0.1458,-0.3743,0.0594
1624273936821,0.0513,-8.5239,4.7046,-0.1433,-0.3181,-0.0237
1624273936831,0.2499,-8.0813,4.5586,-0.1409,-0.2484,-0.0799
1624273936840,0.4437,-8.3612,4.5778,-0.0920,-0.2032,-0.0200
1624273936849,0.5897,-8.6149,4.6376,-0.0566,-0.1727,0.0105
1624273936859,0.8577,-8.8278,4.8936,-0.0871,-0.1446,0.0203
1624273936869,0.8624,-8.9618,4.9702,-0.0957,-0.1336,0.0069
1624273936878,0.7907,-8.8374,4.9176,-0.0273,-0.1422,-0.0029
1624273936887,0.7954,-8.7895,4.6974,0.0863,-0.1458,0.0496
1624273936895,0.9749,-8.6890,4.3170,0.2061,-0.1250,0.0875
1624273936907,0.9558,-8.7106,4.3481,0.3490,-0.0676,0.0655
1624273936917,0.7045,-8.4641,4.1351,0.4431,-0.0371,0.0912
1624273936927,0.7835,-8.0573,4.0896,0.4089,-0.0334,0.1119
1624273936934,0.7213,-7.7630,4.6472,0.3624,-0.0065,0.1058
1624273936946,0.3049,-7.8922,5.1760,0.3600,0.0252,0.1205
1624273936955,0.1877,-7.8180,5.6785,0.4272,0.0069,0.1266
1624273936965,0.1111,-7.6290,5.4081,0.5506,-0.0371,0.1938
1624273936975,0.1613,-8.3397,4.7931,0.6666,-0.0639,0.2695
1624273936984,0.4509,-8.8470,4.6711,0.6923,-0.0701,0.2830
1624273936994,0.1183,-10.1965,4.8195,0.6886,0.0313,0.2707
1624273937003,0.1470,-10.0912,4.6448,0.8047,0.1046,0.1278
1624273937012,0.1996,-9.0743,4.5730,0.8609,0.0912,0.1437
1624273937023,-0.0636,-7.9520,4.6639,0.9427,0.1144,0.1730
1624273937032,-0.4704,-7.3227,5.1927,0.9489,0.1730,0.1535
1624273937042,-0.5637,-7.2270,5.6426,0.8304,0.1706,0.1498
1624273937051,-0.4847,-7.5620,5.8484,0.6483,0.1388,0.1730
1624273937061,-0.4991,-8.0095,6.0111,0.4272,0.1266,0.2036
1624273937069,-0.5876,-8.7943,6.0015,0.2855,0.1364,0.2194
1624273937078,-0.6785,-9.4595,5.4272,0.2451,0.1339,0.2011
1624273937088,-0.6020,-9.1580,4.5874,0.3185,0.1290,0.1718
1624273937097,-0.5996,-8.3062,4.1782,0.6153,0.1816,0.2072
1624273937108,-0.7695,-8.0095,4.5060,1.1578,0.3123,0.3587
1624273937119,-1.0973,-8.5790,5.3435,1.7088,0.4504,0.5469
1624273937128,-1.4610,-9.0097,6.0159,2.1327,0.5237,0.6287
1624273937138,-1.7050,-9.1221,6.2887,2.5188,0.5359,0.6287
1624273937148,-1.8606,-8.8470,6.2432,2.8401,0.5188,0.6703
1624273937157,-2.0042,-8.1722,6.2599,3.0502,0.4724,0.7533
1624273937167,-2.1788,-7.2031,6.2863,3.0490,0.3722,0.8156
1624273937176,-2.3296,-6.1455,6.0422,2.7656,0.2464,0.8230
1624273937186,-2.3966,-5.7076,5.6426,2.3135,0.1376,0.7717
1624273937195,-2.3224,-6.3871,5.3818,1.8151,0.0790,0.6788
1624273937205,-2.1693,-7.2940,5.6474,1.3288,0.0350,0.5163
1624273937214,-2.1070,-7.2629,5.7670,1.0246,-0.0053,0.3367
1624273937224,-2.1573,-6.5475,6.1020,1.0454,-0.0420,0.2805
1624273937233,-2.2171,-5.8631,6.3198,1.2567,-0.0860,0.3502
1624273937244,-2.1310,-5.7841,6.8629,1.4730,-0.1605,0.4797
1624273937253,-2.0065,-5.8224,7.3511,1.5280,-0.2509,0.5591
1624273937263,-1.8295,-6.4900,7.5425,1.5548,-0.3254,0.5737
1624273937272,-1.6189,-7.7558,7.3080,1.6831,-0.3999,0.5566
1624273937282,-1.4107,-8.4402,6.6978,1.9165,-0.5294,0.4809
1624273937292,-1.1762,-8.1004,6.1882,2.3147,-0.6675,0.4027
1624273937301,-0.9776,-6.6456,6.0398,2.8621,-0.7249,0.3905
1624273937311,-0.9393,-4.8246,6.4897,3.3043,-0.6675,0.4675
1624273937320,-1.0662,-3.2669,6.8893,3.3129,-0.6101,0.5652
1624273937330,-1.0973,-2.7955,7.1261,2.8242,-0.6162,0.6141
1624273937339,-0.9250,-3.2860,7.0759,2.0631,-0.6614,0.5566
1624273937349,-0.7096,-3.9512,7.0783,1.4205,-0.6626,0.4235
1624273937359,-0.5541,-4.5183,7.6932,1.1370,-0.6186,0.3721
1624273937366,-0.5254,-4.9227,8.4996,1.2140,-0.5856,0.4247
1624273937376,-0.4464,-4.9778,9.2175,1.4901,-0.5979,0.4662
1624273937386,-0.4440,-4.6667,9.4711,1.8566,-0.6272,0.4797
1624273937395,-0.4727,-4.2408,9.3204,2.1852,-0.6431,0.5004
1624273937406,-0.4775,-3.7766,8.8370,2.3807,-0.6577,0.5236
1624273937417,-0.4321,-2.8553,8.4135,2.3820,-0.6797,0.4833
1624273937426,-0.3723,-1.8168,7.9445,2.1938,-0.6882,0.4308
1624273937436,-0.1880,-1.5130,7.9565,1.9250,-0.6724,0.4112
1624273937445,-0.0516,-1.8097,8.4446,1.7002,-0.6137,0.4125
1624273937455,0.0465,-2.0130,8.7700,1.5047,-0.5417,0.3990
1624273937465,0.0082,-2.0490,8.9064,1.4229,-0.4854,0.3563
1624273937474,-0.1976,-2.1518,9.1624,1.4913,-0.4549,0.3380
1624273937484,-0.2239,-1.9748,9.3371,1.6636,-0.4464,0.3526
1624273937493,-0.2071,-1.7092,9.4400,1.8798,-0.4659,0.3624
1624273937503,-0.0612,-1.4196,9.7247,2.1437,-0.4830,0.3599
1624273937513,0.1015,-1.2976,9.8540,2.3600,-0.4891,0.4003
1624273937522,0.1805,-1.0990,9.7702,2.4345,-0.4842,0.4418
1624273937531,0.3049,-0.3955,9.6027,2.3526,-0.4659,0.3905
1624273937541,0.5538,0.1166,9.3898,2.1486,-0.4183,0.3025
1624273937551,0.8289,0.5425,9.7295,1.7576,-0.3413,0.2500
1624273937561,0.9127,0.6095,9.8396,1.2250,-0.2411,0.2036
1624273937570,0.8744,0.7841,9.9425,0.6984,-0.1434,0.1535
1624273937580,0.8936,1.0617,10.3421,0.4577,-0.0456,0.1266
1624273937589,1.1663,0.7818,10.8350,0.3820,0.0435,0.1706
1624273937599,1.4942,0.2841,11.0480,0.2696,0.1584,0.2170
1624273937609,1.3434,0.4898,11.0504,0.1242,0.3196,0.1632
1624273937618,1.4463,-0.0773,11.3590,0.1438,0.4699,0.1009
1624273937628,1.4008,1.4374,12.1511,-0.0004,0.6165,0.1119
1624273937637,0.7500,1.1239,12.7565,-0.4573,0.7314,0.1144
1624273937647,0.7691,0.3606,11.7251,-0.9362,0.5664,-0.0750
1624273937656,1.0993,0.0854,10.5168,-0.9668,0.4223,-0.2057
1624273937666,1.4248,-0.3788,10.6388,-0.6516,0.4834,-0.0591
1624273937676,1.5109,0.2434,11.1245,-0.5270,0.5701,-0.0310
1624273937684,1.4966,0.3176,11.6486,-0.6723,0.6617,-0.0738
1624273937693,1.6449,0.1405,11.2825,-0.9778,0.6837,-0.1629
1624273937703,1.8220,-0.0246,10.4043,-1.2759,0.6752,-0.2106
1624273937712,1.5683,-0.0844,9.7224,-1.5117,0.7460,-0.1788
1624273937724,1.3721,-0.1682,9.5405,-1.7035,0.8584,-0.1556
1624273937733,1.5492,-0.7568,9.8133,-1.8244,0.9782,-0.1544
1624273937743,1.8172,-1.8695,10.4139,-1.8415,1.1089,-0.1532
1624273937752,2.1426,-2.9032,11.0121,-1.7572,1.2372,-0.1519
1624273937762,2.5063,-2.8218,11.4930,-1.7413,1.3520,-0.1727
1624273937772,2.5015,-2.4414,11.7467,-1.8733,1.4522,-0.1959
1624273937781,2.3388,-2.3528,11.5098,-2.1299,1.5255,-0.1849
1624273937791,2.2694,-2.6615,10.9882,-2.5330,1.5634,-0.1678
1624273937801,2.1833,-3.0683,10.2823,-3.0364,1.6037,-0.1727
1624273937810,1.9655,-3.7790,9.6889,-3.4945,1.6538,-0.1874
1624273937820,1.7813,-4.5207,9.2653,-3.8892,1.6953,-0.1666
1624273937829,1.5181,-4.7959,8.8394,-4.2642,1.7210,-0.1385
1624273937839,1.0276,-4.7935,8.4733,-4.5232,1.7381,-0.0945
1624273937848,0.4987,-5.1381,8.3345,-4.6112,1.7417,-0.0029
1624273937858,0.0680,-5.6956,8.1933,-4.5770,1.7136,0.1144
1624273937868,-0.2024,-6.0617,7.9253,-4.4646,1.6489,0.1950
1624273937877,-0.3172,-6.4422,7.6884,-4.2789,1.5829,0.2378
1624273937887,-0.4775,-6.5618,7.2912,-4.0858,1.5145,0.2463
1624273937897,-0.8365,-6.4541,6.7552,-3.9283,1.4534,0.2463
1624273937905,-1.3102,-6.1263,6.0422,-3.7523,1.4094,0.2231
1624273937916,-2.1070,-5.8152,5.3555,-3.5287,1.3789,0.1791
1624273937925,-3.0331,-5.5999,4.7931,-3.2380,1.3740,0.1449
1624273937935,-3.9471,-5.4635,3.8312,-2.8971,1.3447,0.0924
1624273937944,-4.7846,-5.5688,3.3574,-2.5733,1.2653,0.0240
1624273937954,-5.3565,-5.9803,2.9985,-2.2569,1.1638,-0.0481
1624273937964,-5.6269,-6.2292,3.1517,-1.9833,1.0368,-0.1629
1624273937974,-5.6436,-6.1455,3.5752,-1.7169,0.8865,-0.3010
1624273937981,-5.6293,-5.9038,3.7020,-1.4371,0.7472,-0.4000
1624273937991,-5.8662,-5.4731,3.3120,-1.1818,0.6336,-0.4659
1624273938001,-6.4022,-4.9778,2.5774,-0.9961,0.5432,-0.5515
1624273938010,-7.1487,-4.6954,1.4934,-0.8788,0.4675,-0.6419
1624273938019,-7.7828,-4.6308,0.6655,-0.8617,0.3868,-0.7115
1624273938031,-8.0939,-4.6428,0.9479,-0.9081,0.2842,-0.7726
1624273938041,-8.0173,-4.8270,1.6992,-0.9203,0.1376,-0.8117
1624273938050,-7.8067,-5.4204,2.0079,-0.8018,-0.0090,-0.8044
1624273938060,-7.6369,-6.4972,2.3884,-0.5392,-0.1177,-0.7640
1624273938070,-7.4933,-7.5022,3.1182,-0.2594,-0.1739,-0.7298
1624273938079,-7.4837,-7.8922,3.2330,-0.0371,-0.2020,-0.7347
1624273938089,-7.5244,-7.9688,3.1397,0.1828,-0.2387,-0.7421
1624273938098,-7.5124,-7.5261,2.9961,0.3771,-0.2753,-0.7262
1624273938108,-7.3976,-6.8059,2.9435,0.5261,-0.2961,-0.6907
1624273938117,-7.1774,-6.4637,3.1541,0.6385,-0.2766,-0.6125
1624273938127,-6.8616,-6.4422,3.5226,0.5775,-0.2301,-0.5062
1624273938135,-6.5816,-6.6288,4.2978,0.3551,-0.1507,-0.3975
1624273938146,-6.4644,-6.9160,4.8171,0.0778,-0.0407,-0.2888
1624273938156,-6.4979,-7.3466,4.9726,-0.1666,0.0631,-0.1972
1624273938164,-6.4979,-7.6673,4.8553,-0.3706,0.1290,-0.1190
1624273938175,-6.4022,-7.8133,4.4821,-0.4891,0.1694,-0.0286
1624273938185,-6.2131,-7.9114,4.3577,-0.5135,0.2195,0.0741
1624273938194,-6.0624,-7.7630,4.2141,-0.5416,0.2915,0.1559
1624273938204,-6.1294,-7.4974,3.8623,-0.5172,0.3734,0.2097
1624273938213,-6.2706,-7.3682,3.5417,-0.4219,0.4259,0.2536
1624273938223,-6.3543,-7.5692,3.3909,-0.2948,0.4455,0.3111
1624273938233,-6.3567,-7.7750,3.3048,-0.1580,0.4369,0.3550
1624273938243,-6.2490,-7.8515,3.2474,0.0411,0.4015,0.3587
1624273938252,-6.0767,-7.9401,3.3144,0.3478,0.3612,0.3502
1624273938262,-5.9332,-7.9951,3.4292,0.7106,0.3294,0.3538
1624273938271,-5.8111,-7.9377,3.4532,1.0735,0.2781,0.3538
1624273938280,-5.7106,-7.8252,3.5848,1.3532,0.1938,0.3355
1624273938289,-5.5766,-7.4759,3.5106,1.4730,0.0680,0.2879
1624273938299,-5.3685,-6.9542,3.3838,1.3911,-0.0811,0.2133
1624273938308,-5.1459,-6.2484,3.1852,1.1456,-0.2106,0.1205
1624273938317,-4.9976,-5.7746,3.1708,0.9085,-0.2607,0.0203
1624273938329,-4.9569,-5.8368,3.5489,0.8584,-0.2216,-0.0591
1624273938339,-4.9306,-6.5546,4.2332,1.0087,-0.1348,-0.0835
1624273938348,-4.7894,-7.3826,4.9247,1.3410,-0.0786,-0.0762
1624273938358,-4.6411,-7.8348,5.4033,1.8493,-0.0896,-0.0652
1624273938367,-4.4640,-7.8348,5.7383,2.4895,-0.1727,-0.0200
1624273938377,-4.3348,-7.7247,6.3198,3.1077,-0.3376,0.0508
1624273938387,-4.0452,-7.3682,6.7098,3.5304,-0.5673,0.0838
1624273938396,-3.5619,-6.8274,6.7744,3.7026,-0.7970,0.0203
1624273938406,-3.0187,-6.0976,6.6811,3.7026,-0.9302,-0.1324
1624273938415,-2.6933,-5.2194,6.1929,3.6880,-0.9192,-0.3034
1624273938425,-2.6191,-4.6882,6.2193,3.5927,-0.8532,-0.3841
1624273938435,-2.4971,-4.6715,5.9848,3.1883,-0.8630,-0.3926
1624273938444,-2.0831,-4.1833,5.3842,2.4113,-0.9778,-0.4818
1624273938453,-1.4275,-3.5684,5.1880,1.5011,-1.0291,-0.6639
1624273938463,-0.8317,-3.3817,5.7862,0.6361,-0.9277,-0.7860
1624273938471,-0.4345,-3.7048,6.4920,-0.1800,-0.7603,-0.8434
1624273938481,-0.1545,-4.4370,7.2578,-0.8910,-0.6516,-0.8948
1624273938490,0.0920,-5.5209,7.4252,-1.4652,-0.5930,-0.9253
1624273938500,0.3647,-6.7628,7.6717,-1.9075,-0.5527,-0.9387
1624273938509,0.5897,-7.4926,7.6597,-2.2765,-0.5172,-0.9632
1624273938519,0.8026,-7.9592,7.6382,-2.5282,-0.4989,-1.0279
1624273938531,0.9797,-8.0501,7.6382,-2.5941,-0.4952,-1.1391
1624273938540,0.8337,-8.0860,7.5688,-2.3363,-0.4891,-1.2234
1624273938550,0.6949,-8.1291,7.3343,-1.7475,-0.4842,-1.2344
1624273938559,0.7213,-7.7223,6.9826,-0.9717,-0.5062,-1.1428
1624273938569,0.8409,-7.0212,6.4633,-0.1568,-0.5404,-0.9522
1624273938577,0.9390,-6.9853,6.0063,0.5261,-0.5527,-0.6810
1624273938587,1.0395,-7.6003,5.9800,0.9037,-0.5392,-0.4439
1624273938596,1.0802,-7.9712,5.9776,0.9990,-0.5197,-0.3621
1624273938605,1.0634,-7.7104,6.0446,0.9489,-0.4830,-0.3694
1624273938615,1.0299,-7.2797,6.6930,0.8658,-0.4353,-0.3572
1624273938627,0.9940,-6.9279,7.6382,0.7534,-0.3840,-0.2937
1624273938636,0.9845,-6.7484,8.1455,0.6043,-0.3608,-0.2533
1624273938646,1.0491,-6.6743,8.3250,0.4785,-0.3633,-0.2900
1624273938655,0.9390,-6.7508,8.0378,0.3795,-0.3450,-0.2961
1624273938664,0.8912,-7.2462,7.8296,0.3685,-0.3193,-0.2350
1624273938675,0.8313,-7.6458,7.4085,0.3649,-0.3266,-0.1825
1624273938684,0.7954,-7.2318,6.4155,0.3918,-0.3437,-0.1666
1624273938694,0.8337,-6.7269,6.7792,0.4773,-0.2802,-0.1116
1624273938703,0.7165,-7.2174,7.6789,0.5298,-0.1373,0.0679
1624273938714,0.5155,-7.1074,7.4492,0.5200,-0.0322,0.1205
1624273938723,0.4365,-6.5881,7.7674,0.6556,0.0338,0.0618
1624273938733,0.3982,-7.1935,8.2508,0.8035,0.0973,0.1938
1624273938742,0.3767,-7.1026,8.2412,0.7204,0.0875,0.2256
1624273938752,0.3384,-6.4350,8.1024,0.6862,0.0838,0.0948
1624273938762,0.3193,-6.2101,7.9541,0.6886,0.1205,0.0960
1624273938771,0.2714,-6.0904,7.6597,0.6410,0.1181,0.1693
1624273938781,0.0154,-5.9756,7.5449,0.5066,0.1364,0.2206
1624273938790,-0.2598,-5.9588,7.9206,0.2830,0.2268,0.2598
1624273938800,-0.5397,-5.4491,8.1694,0.0582,0.2964,0.1742
1624273938809,-0.7623,-5.3247,8.1168,-0.0090,0.3087,0.1144
1624273938819,-0.8341,-5.5903,7.7674,-0.0212,0.2439,0.1449
1624273938828,-1.0087,-5.7770,7.5521,-0.0615,0.1559,0.1364
1624273938838,-1.2361,-5.8344,7.4707,-0.0639,0.1339,0.0851
1624273938847,-1.2576,-5.7124,7.4444,-0.0236,0.1120,0.0056
1624273938857,-1.1595,-5.2840,7.2338,-0.0908,0.0264,-0.0603
1624273938867,-1.0087,-5.3008,7.2386,-0.2680,-0.0224,-0.0530
1624273938875,-0.8867,-5.2793,7.1572,-0.5123,0.0154,-0.1043
1624273938884,-0.8173,-5.4300,7.3080,-0.7469,0.0863,-0.2179
1624273938894,-0.7910,-5.5807,7.5664,-0.9460,0.1413,-0.2167
1624273938903,-0.8580,-5.9564,7.9062,-1.0340,0.1681,-0.1617
1624273938915,-0.9441,-6.2818,8.0593,-0.9900,0.1743,-0.1287
1624273938923,-1.0087,-6.6049,7.7220,-0.8935,0.1669,-0.1080
1624273938934,-0.8508,-7.0619,7.1692,-0.8129,0.1193,-0.1006
1624273938944,-0.7312,-7.3562,6.5878,-0.7652,0.0643,-0.1129
1624273938953,-0.8221,-7.2270,6.3126,-0.7139,0.0558,-0.1458
1624273938963,-1.0805,-6.8202,6.4274,-0.5734,0.0777,-0.1617
1624273938973,-1.4538,-6.4302,6.3628,-0.3364,0.0851,-0.1104
1624273938982,-1.5184,-6.1598,6.3963,-0.1519,0.0496,-0.0176
1624273938992,-1.3605,-6.2460,6.3748,-0.1067,0.0142,-0.0005
1624273939002,-1.2456,-6.8513,6.5208,-0.1788,0.0423,-0.0200
1624273939011,-1.2576,-7.1624,6.5758,-0.3083,0.0753,-0.0701
1624273939022,-1.3102,-7.0739,6.5279,-0.4158,0.0826,-0.1092
1624273939030,-1.3270,-6.9758,6.5088,-0.4756,0.0741,-0.1104
1624273939040,-1.3653,-6.8896,6.4753,-0.5233,0.0692,-0.1177
1624273939049,-1.4371,-6.8466,6.5447,-0.5551,0.0765,-0.1397
1624273939059,-1.3868,-6.8059,6.5519,-0.5526,0.0924,-0.1532
1624273939069,-1.2648,-6.9566,6.6117,-0.5795,0.0936,-0.1458
1624273939078,-1.0159,-7.3060,6.8558,-0.6296,0.0961,-0.1202
1624273939088,-0.7862,-7.3778,6.7935,-0.7725,0.1071,-0.1153
1624273939098,-0.4919,-7.2964,6.7481,-0.9375,0.1217,-0.1165
1624273939107,-0.2837,-7.4496,6.8629,-1.0218,0.1755,-0.0945
1624273939117,-0.1330,-8.1770,6.9945,-0.9924,0.2305,-0.0224
1624273939126,0.1015,-8.7560,6.9395,-1.0254,0.2500,0.0496
1624273939136,0.3360,-9.2944,7.1309,-1.0755,0.2842,0.0936
1624273939146,0.6040,-9.5361,7.3917,-1.1427,0.3270,0.1278
1624273939155,0.9007,-9.5170,7.5975,-1.2417,0.3563,0.1840
1624273939165,1.1951,-9.4954,7.7100,-1.3174,0.3697,0.2646
1624273939173,1.3721,-9.6007,7.5449,-1.3810,0.3807,0.3550
1624273939182,1.4678,-9.7514,7.2171,-1.4665,0.3819,0.4577
1624273939192,1.7263,-10.0170,6.7194,-1.5996,0.3844,0.5750
1624273939201,2.1235,-10.1726,6.1906,-1.7536,0.3868,0.6568
1624273939212,2.3508,-10.2970,5.8603,-1.9246,0.3893,0.7387
1624273939223,2.3508,-10.4789,5.8532,-2.1140,0.3917,0.8608
1624273939232,2.0971,-10.3616,5.6713,-2.2997,0.3771,0.9842
1624273939242,1.8890,-10.3066,5.6498,-2.4316,0.3416,1.0918
1624273939251,1.7263,-10.4286,5.6354,-2.4915,0.3001,1.1919
1624273939261,1.6210,-10.5148,5.6785,-2.4830,0.2464,1.2567
1624273939271,1.4224,-10.5626,5.6378,-2.3510,0.1963,1.3117
1624273939281,1.1233,-10.4789,5.4847,-2.1189,0.1681,1.3532
1624273939290,1.0515,-10.0410,5.1305,-1.8159,0.1400,1.3789
1624273939299,0.8960,-9.4834,4.7812,-1.4775,0.1400,1.4106
1624273939309,0.5729,-8.9642,4.3433,-1.1439,0.1584,1.4118
1624273939319,0.1805,-8.5120,3.8528,-0.8764,0.1755,1.3776
1624273939328,-0.3196,-8.1841,3.5010,-0.6956,0.1950,1.3349
1624273939338,-0.9561,-7.5333,3.0847,-0.6272,0.2121,1.2750
1624273939347,-1.6883,-6.3752,2.8071,-0.6565,0.2243,1.1809
1624273939356,-2.5497,-5.5137,2.5152,-0.6381,0.2402,1.0746
1624273939366,-3.3154,-5.8344,2.4434,-0.5050,0.2610,0.9867
1624273939376,-3.8394,-6.4709,2.3812,-0.3926,0.2524,0.8608
1624273939386,-4.1051,-6.6815,2.3884,-0.2558,0.2305,0.6751
1624273939396,-4.3348,-6.8394,2.3357,0.0778,0.2146,0.4907
1624273939405,-4.6171,-6.7269,2.1347,0.5078,0.1963,0.3392
1624273939414,-4.9593,-6.1718,1.7112,0.9195,0.1694,0.2048
1624273939424,-5.5144,-5.5185,1.3307,1.2726,0.1572,0.0802
1624273939434,-6.2251,-4.7146,1.0364,1.4253,0.1437,-0.0420
1624273939444,-6.8664,-3.7885,1.0364,1.3667,0.1010,-0.1788
1624273939453,-7.2851,-3.4105,1.1680,1.2567,0.0228,-0.3205
1624273939463,-7.4024,-3.6928,1.3020,1.0674,-0.0982,-0.4464
1624273939471,-7.2995,-4.3126,1.7112,0.8132,-0.2277,-0.5625
1624273939480,-7.0985,-4.8916,2.3357,0.5946,-0.3279,-0.6797
1624273939490,-6.9214,-5.1788,2.8119,0.4883,-0.3730,-0.7421
1624273939499,-6.9597,-5.0161,3.0344,0.4760,-0.3926,-0.7457
1624273939509,-7.1080,-5.1931,3.2713,0.5518,-0.4109,-0.6626
1624273939521,-7.2636,-5.9636,3.0272,0.5775,-0.4329,-0.5026
1624273939530,-7.3354,-6.8729,2.5104,0.4345,-0.5050,-0.3951
1624273939540,-7.1368,-8.0980,2.4697,0.2134,-0.5893,-0.3157
1624273939549,-6.6941,-9.1508,3.0272,0.0252,-0.5869,-0.2350
1624273939559,-6.2945,-9.3734,3.6853,-0.0090,-0.4329,-0.1813
1624273939568,-6.3112,-8.9881,4.3289,0.1059,-0.1385,-0.1080
1624273939578,-6.7946,-8.5287,4.7190,0.1987,0.1743,0.0203
1624273939588,-7.4885,-7.8826,4.6424,0.0570,0.3942,0.1535
1624273939597,-7.9886,-7.4113,4.4534,-0.1788,0.4956,0.2695
1624273939605,-8.1657,-7.2844,4.2213,-0.3962,0.5102,0.3844
1624273939616,-8.0580,-7.5357,3.9892,-0.6198,0.4907,0.5090
1624273939626,-7.8618,-7.8922,3.5584,-0.7823,0.4870,0.6177
1624273939634,-7.7852,-7.8802,3.1277,-0.8739,0.5151,0.6703
1624273939646,-7.8187,-7.4352,2.7042,-0.8752,0.5530,0.6825
1624273939655,-7.9336,-7.0356,2.4338,-0.7212,0.5725,0.6910
1624273939664,-7.9671,-6.9925,2.4458,-0.4451,0.5347,0.6898
1624273939674,-7.8331,-7.1983,2.4960,-0.1348,0.4418,0.6617
1624273939683,-7.5890,-7.4711,2.7736,0.2207,0.3331,0.6067
1624273939693,-7.1990,-7.7247,2.9746,0.6434,0.2195,0.5224
1624273939703,-6.8353,-7.6625,2.9531,1.0674,0.0814,0.4161
1624273939712,-6.5122,-7.3921,2.7233,1.4876,-0.0823,0.3001
1624273939722,-6.1940,-7.1624,2.6300,1.8762,-0.2497,0.1803
1624273939732,-5.8398,-6.8585,2.7712,2.1926,-0.4012,0.0460
1624273939742,-5.4785,-6.2029,2.7856,2.4137,-0.5417,-0.1068
1624273939751,-5.1124,-5.3869,2.9578,2.5383,-0.6773,-0.2338
1624273939761,-4.6913,-4.8892,3.1708,2.5823,-0.8104,-0.2937
1624273939768,-4.1529,-4.7768,3.5896,2.4100,-0.9460,-0.3218
1624273939778,-3.5236,-4.9586,3.9365,1.9824,-1.0694,-0.3596
1624273939787,-2.7770,-5.2649,4.1303,1.3704,-1.1488,-0.4525
1624273939797,-2.0903,-5.6597,4.4725,0.7338,-1.1672,-0.6150
1624273939808,-1.5017,-6.4900,5.3578,0.3111,-1.1207,-0.7824
1624273939818,-1.0686,-7.5429,6.1236,0.1792,-1.0694,-0.9009
1624273939828,-0.7431,-8.1602,6.4059,0.3013,-1.0816,-1.0084
1624273939838,-0.4321,-8.1267,6.4250,0.6679,-1.1244,-1.1000
1624273939847,-0.0588,-7.5285,6.2240,1.1431,-1.1415,-1.1196
1624273939856,0.3600,-7.0811,6.2121,1.5670,-1.1305,-1.0597
1624273939866,0.7978,-6.7915,6.2456,1.7491,-1.1366,-0.9949
1624273939876,1.2979,-6.5857,5.7024,1.7014,-1.1403,-0.9717
1624273939885,1.8244,-7.0332,5.5134,1.5084,-1.1012,-0.9302
1624273939895,2.3508,-7.6553,5.8627,1.2030,-1.0230,-0.8789
1624273939904,2.6858,-7.5309,6.3078,0.8609,-0.9192,-0.9009
1624273939915,2.8198,-7.3419,7.0520,0.6190,-0.7762,-0.9180
1624273939924,2.5972,-7.2629,7.6095,0.4113,-0.6443,-0.8654
1624273939933,2.1761,-7.1074,8.0450,0.1999,-0.5722,-0.8141
1624273939943,1.7478,-7.1050,8.3441,0.0643,-0.5490,-0.7824
1624273939954,1.6042,-7.3634,8.5164,0.0643,-0.5368,-0.7469
1624273939963,1.7478,-7.6817,8.0235,0.1572,-0.5417,-0.6993
1624273939972,2.0158,-7.8085,7.2218,0.1877,-0.5588,-0.6504
1624273939982,2.1306,-7.6338,6.3939,0.1425,-0.5465,-0.5942
1624273939991,1.9919,-7.3251,5.7957,0.0594,-0.4818,-0.5319
1624273940001,1.7813,-7.4567,5.8340,0.0448,-0.3743,-0.4525
1624273940010,1.5324,-7.9162,6.2001,0.1462,-0.2717,-0.3694
1624273940020,1.3554,-7.9760,6.5208,0.2769,-0.2167,-0.3279
1624273940030,1.2166,-7.6194,6.8964,0.4516,-0.1874,-0.3242
1624273940039,1.1209,-6.9351,7.1979,0.5665,-0.1593,-0.3144
1624273940049,1.0778,-6.2603,7.2003,0.4736,-0.1446,-0.2778
1624273940059,1.1304,-6.3177,7.2314,0.1902,-0.1739,-0.2387
1624273940066,1.0778,-6.7987,6.6859,-0.1898,-0.1751,-0.1837
1624273940076,0.9438,-7.2246,6.5399,-0.4989,-0.1116,-0.1458
1624273940085,0.6351,-7.8779,6.4322,-0.5404,0.0008,-0.0933
1624273940095,0.3336,-8.4737,6.7170,-0.5062,0.0875,0.0081
1624273940107,0.0561,-8.5981,6.5016,-0.3962,0.1254,0.0814
1624273940116,-0.1019,-8.2990,6.3676,-0.1287,0.1352,0.0704
1624273940126,-0.3148,-7.4472,6.6213,0.1608,0.1120,0.0435
1624273940135,-0.6163,-6.5833,6.7720,0.2806,0.0533,0.0960
1624273940145,-0.7766,-6.3560,6.6165,0.1792,-0.0297,0.1779
1624273940154,-0.7671,-6.8537,6.5255,0.0631,-0.0811,0.1828
1624273940164,-0.8221,-7.3897,6.6739,0.0509,-0.0688,0.1461
1624273940174,-0.8149,-7.5285,6.9610,0.0888,-0.0542,0.1376
1624273940183,-0.6355,-7.6458,7.1740,0.1853,-0.0835,0.1608
1624273940193,-0.4105,-7.5309,7.3535,0.1987,-0.1324,0.1693
1624273940203,-0.1832,-7.1505,7.2745,0.0717,-0.1336,0.1413
1624273940212,-0.1186,-6.8322,6.9874,-0.0945,-0.0713,0.0912
1624273940222,-0.3268,-7.5955,7.6526,-0.1458,0.0460,0.0447
1624273940231,-0.9346,-6.2029,7.7028,-0.2887,0.1584,0.0252
1624273940241,-1.1044,-6.2651,7.6334,-0.4414,0.1425,0.0398
1624273940250,-0.6642,-6.6145,7.2362,-0.5233,0.0435,0.0435
1624273940261,-0.3794,-6.6862,7.1237,-0.6149,0.0558,-0.0054
1624273940270,-0.1976,-7.0069,7.2769,-0.6149,0.1425,0.0105
1624273940280,-0.1330,-6.8609,7.2865,-0.6381,0.1584,-0.0188
1624273940289,-0.2191,-6.6025,7.0615,-0.6516,0.1572,-0.0432
1624273940299,-0.4321,-6.4565,6.7265,-0.7151,0.1828,-0.0396
1624273940308,-0.7216,-6.2531,6.4203,-0.7970,0.1914,-0.0713
1624273940318,-0.8963,-6.2507,6.3054,-0.9106,0.1840,-0.1019
1624273940328,-0.8891,-6.3943,6.3174,-1.0047,0.1767,-0.1177
1624273940335,-0.7862,-6.4422,6.2312,-1.1293,0.1669,-0.1605
1624273940345,-0.7216,-6.3536,5.8914,-1.2918,0.1596,-0.1923
1624273940356,-0.7384,-6.6743,6.0733,-1.4982,0.1694,-0.1996
1624273940364,-0.6618,-7.4160,6.0207,-1.6717,0.1950,-0.2301
1624273940374,-0.6618,-7.3156,5.0420,-1.7536,0.2023,-0.3535
1624273940383,-0.6546,-7.1624,5.1066,-1.8012,0.2366,-0.3108
1624273940393,-0.7264,-9.8711,6.6141,-1.9319,0.3380,-0.0823
1624273940403,-0.8197,-9.6509,5.8053,-2.0835,0.3612,-0.2888
1624273940414,-0.9561,-8.2320,5.2238,-1.8171,0.3001,-0.6138
1624273940423,-0.7551,-8.5096,5.1234,-1.3358,0.2500,-0.3425
1624273940432,-0.6450,-8.4904,5.0468,-1.1537,0.2036,-0.1422
1624273940442,-0.7455,-8.1435,5.0659,-1.1525,0.2207,-0.2082
1624273940452,-0.8891,-8.2822,5.1329,-1.1989,0.2524,-0.2631
1624273940462,-1.0040,-8.6220,4.7907,-1.1562,0.2073,-0.2546
1624273940471,-1.0662,-9.0097,4.3289,-0.9753,0.1523,-0.2228
1624273940481,-1.2097,-8.7417,3.7140,-0.7065,0.1058,-0.2253
1624273940491,-1.3078,-8.2870,3.5226,-0.3999,0.0802,-0.2057
1624273940500,-1.2384,-7.9760,3.3790,-0.1006,0.0680,-0.1581
1624273940510,-1.1284,-8.3038,3.6422,-0.0041,0.0594,-0.1043
1624273940519,-0.8723,-8.7823,3.7810,-0.1409,0.0741,-0.0896
1624273940529,-0.8077,-8.8326,4.0011,-0.3388,0.0985,-0.1898
1624273940538,-0.7599,-9.1891,4.2069,-0.4317,0.1095,-0.1813
1624273940546,-0.7623,-9.3447,4.1638,-0.4842,0.0875,-0.1397
1624273940558,-0.8676,-9.3064,3.9676,-0.4879,0.0765,-0.1312
1624273940568,-0.9130,-9.2442,3.8575,-0.4818,0.0753,-0.1104
1624273940577,-0.8867,-9.3303,3.7953,-0.4537,0.0606,-0.0933
1624273940587,-0.9011,-9.5385,3.8408,-0.3694,0.0545,-0.0750
1624273940596,-0.9322,-9.4571,3.9293,-0.2240,0.0484,-0.0628
1624273940606,-0.9130,-9.3614,4.4366,0.0106,0.0448,-0.0200
1624273940616,-0.9417,-9.2920,4.9606,0.2769,0.0350,0.0753
1624273940625,-1.0805,-9.2681,5.3052,0.5542,0.0277,0.1437
1624273940635,-1.2959,-9.5074,5.0396,0.9073,0.0044,0.2170
1624273940644,-1.2504,-9.9309,4.4438,1.2604,-0.0297,0.3270
1624273940652,-1.0757,-10.2013,4.0155,1.5512,-0.0554,0.3941
1624273940662,-1.1188,-10.2204,4.0035,1.7894,-0.0407,0.3917
1624273940672,-1.3796,-9.8878,4.5658,2.0301,0.0032,0.3831
1624273940681,-1.6261,-9.7108,5.2861,2.4149,0.0374,0.4247
1624273940691,-1.7146,-9.8711,5.6043,2.9549,0.0313,0.5029
1624273940702,-1.6213,-9.7012,5.8436,3.3703,-0.0041,0.6055
1624273940711,-1.5830,-8.8254,5.9489,3.4314,-0.0444,0.7118
1624273940722,-1.6261,-8.0238,6.0542,3.2543,-0.0860,0.7411
1624273940731,-1.7146,-7.3538,6.0278,2.9158,-0.1189,0.6898
1624273940741,-1.7314,-6.8083,6.1044,2.5078,-0.1470,0.6312
1624273940751,-1.6979,-6.5833,6.1259,2.1058,-0.1764,0.5835
1624273940760,-1.6548,-7.0619,6.5208,1.7650,-0.1971,0.5444
1624273940770,-1.5471,-7.4711,6.7552,1.4754,-0.2362,0.4809
1624273940779,-1.5088,-7.5094,6.6906,1.3362,-0.2851,0.3685
1624273940788,-1.6213,-7.3084,6.7433,1.4290,-0.2961,0.3062
1624273940798,-1.6357,-7.3419,6.9730,1.7173,-0.3168,0.3147
1624273940808,-1.5998,-7.1815,7.1261,2.1022,-0.3999,0.2976
1624273940818,-1.4610,-6.5570,6.7840,2.4846,-0.4854,0.2830
1624273940827,-1.2145,-6.0952,7.2123,2.8010,-0.5184,0.3392
1624273940836,-0.9633,-6.3991,7.5066,2.9439,-0.5539,0.4540
1624273940846,-0.7719,-6.1598,7.2769,2.8755,-0.6174,0.4565
1624273940854,-0.7192,-4.9443,7.6119,2.6471,-0.6040,0.3697
1624273940866,-0.7192,-4.4370,8.3058,2.3257,-0.5319,0.3929
1624273940875,-0.9011,-4.5566,8.5259,1.9629,-0.5441,0.4027
1624273940884,-0.9705,-4.8318,8.2914,1.6734,-0.6137,0.3929
1624273940894,-0.7671,-5.3008,8.0426,1.6404,-0.6773,0.4039
1624273940905,-0.6044,-5.7028,7.3200,1.9128,-0.7249,0.4442
1624273940912,-0.4273,-5.2984,7.2554,2.2121,-0.7347,0.5261
1624273940922,-0.1593,-4.6834,7.5521,2.4235,-0.6577,0.5908
1624273940933,0.0872,-4.3269,8.1407,2.5408,-0.5123,0.5945
1624273940942,-0.1090,-3.6378,8.3393,2.5432,-0.3560,0.6214
1624273940952,-0.5134,-2.5778,8.4374,2.3282,-0.2472,0.6495
1624273940962,-0.8915,-1.9102,8.6312,1.9739,-0.2375,0.6238
1624273940969,-1.0398,-2.0896,8.9830,1.5658,-0.3144,0.5896
1624273940979,-0.9633,-2.7596,8.7915,1.1883,-0.4268,0.5285
1624273940988,-0.7360,-3.2166,8.2244,1.0686,-0.4842,0.4271
1624273940998,-0.4895,-3.1975,8.1933,1.2519,-0.4451,0.3770
1624273941009,-0.4321,-2.7859,8.4589,1.5719,-0.3352,0.4051
1624273941018,-0.5062,-2.3935,8.8418,1.8358,-0.2203,0.4344
1624273941029,-0.6331,-2.2404,8.8514,1.9800,-0.1629,0.4454
1624273941038,-0.6163,-1.6589,8.5307,1.9617,-0.1788,0.4626
1624273941048,-0.4225,-1.0535,8.5379,1.7381,-0.1788,0.4894
1624273941057,-0.3363,-1.1469,8.9519,1.3349,-0.1275,0.5090
1624273941067,-0.7551,-0.4410,8.3130,0.8584,-0.1153,0.4418
1624273941076,-0.7862,-0.6563,7.9780,0.6178,-0.1470,0.4161
1624273941086,-0.6020,-0.8669,8.0474,0.5396,-0.1324,0.4723
1624273941096,-0.4584,-0.5678,7.8823,0.5310,-0.0444,0.4284
1624273941106,-0.3555,0.0400,8.6575,0.5628,0.0826,0.3392
1624273941114,-0.2335,0.0567,9.5477,0.5213,0.1730,0.3526
1624273941125,-0.0755,0.0137,10.1913,0.3905,0.1645,0.3306
1624273941134,-0.0109,-0.3213,10.2225,0.2818,0.1205,0.3049
1624273941144,-0.0564,-0.4434,9.9186,0.1743,0.0948,0.2646
1624273941154,-0.0947,-0.3979,9.7678,0.0863,0.0826,0.1889
1624273941164,-0.0325,-0.4601,9.7176,0.0130,0.0948,0.1205
1624273941173,0.0034,-0.3716,9.5716,-0.1201,0.1120,0.0582
1624273941183,0.1135,-0.2328,9.4352,-0.3058,0.1400,-0.0151
1624273941192,0.1159,-0.5008,9.6362,-0.5087,0.1938,-0.0725
1624273941201,0.0202,-0.6803,9.6099,-0.7591,0.2256,-0.1263
1624273941211,-0.0803,-0.8430,9.7032,-0.9203,0.2329,-0.2008
1624273941221,-0.1282,-1.0488,9.7104,-0.9558,0.2402,-0.2460
1624273941231,-0.1090,-1.0440,9.6147,-0.9973,0.2292,-0.2802
1624273941240,-0.0875,-1.0727,9.5285,-1.0914,0.2256,-0.3047
1624273941249,-0.1904,-1.0320,9.3275,-1.2954,0.2329,-0.3389
1624273941257,-0.3579,-1.2713,9.3084,-1.5459,0.2610,-0.3816
1624273941268,-0.4727,-1.7187,9.4256,-1.7609,0.3074,-0.4134
1624273941277,-0.4967,-2.0920,9.6195,-1.9539,0.3428,-0.4329
1624273941287,-0.4704,-2.3959,9.6936,-2.1580,0.3783,-0.4464
1624273941299,-0.5661,-2.3672,9.6003,-2.3803,0.4247,-0.4769
1624273941307,-0.5732,-2.6806,9.3706,-2.6283,0.4809,-0.4794
1624273941317,-0.5948,-3.5540,9.3299,-2.8311,0.5493,-0.4745
1624273941327,-0.8412,-4.3676,9.2869,-2.8629,0.6263,-0.5026
1624273941336,-1.0040,-4.7504,9.4328,-2.7236,0.6911,-0.5160
1624273941346,-1.1499,-4.7792,9.5692,-2.5428,0.7179,-0.4916
1624273941355,-1.2696,-4.6571,9.3562,-2.4463,0.7094,-0.4647
1624273941364,-1.3701,-4.6691,9.0571,-2.4610,0.6874,-0.4684
1624273941375,-1.5184,-4.8462,8.6360,-2.4927,0.6788,-0.4904
1624273941384,-1.6548,-5.1094,8.3656,-2.4842,0.6678,-0.4940
1624273941394,-1.7170,-5.5401,8.2556,-2.4011,0.6471,-0.4733
1624273941403,-1.8175,-5.9899,8.1503,-2.2105,0.6324,-0.4501
1624273941413,-1.9707,-6.1718,7.9469,-1.9552,0.6202,-0.4415
1624273941423,-2.1932,-6.0521,7.6550,-1.7291,0.6031,-0.4158
1624273941432,-2.4373,-5.8966,7.4659,-1.6180,0.5835,-0.3633
1624273941442,-2.7100,-5.8081,7.2936,-1.6693,0.5579,-0.3108
1624273941451,-2.8680,-5.8224,7.4348,-1.8293,0.5530,-0.2668
1624273941461,-3.0403,-6.3154,7.4635,-2.0004,0.5701,-0.2411
1624273941471,-3.0833,-7.4543,7.2865,-2.0431,0.5567,-0.2301
1624273941480,-3.1264,-8.4282,6.8869,-1.9307,0.5090,-0.2191
1624273941490,-3.2676,-8.9092,6.7337,-1.5471,0.4711,-0.2130
1624273941499,-3.4135,-9.1915,6.7505,-0.9301,0.4052,-0.1923
1624273941509,-3.3992,-8.9451,6.3748,-0.3095,0.2634,-0.1483
1624273941519,-3.2915,-8.3947,5.7862,0.1498,0.1156,-0.0896
1624273941528,-3.2628,-7.7917,5.4225,0.4553,0.0069,-0.0799
1624273941538,-3.2341,-7.0475,5.4823,0.5885,-0.0652,-0.1104
1624273941548,-3.2125,-6.6360,5.8029,0.6752,-0.1360,-0.1519
1624273941556,-3.1982,-6.0785,5.9872,0.7558,-0.2313,-0.1972
1624273941565,-3.0283,-5.4324,6.0350,0.8267,-0.3181,-0.1849
1624273941575,-2.7148,-4.8605,6.0542,0.8096,-0.3902,-0.1397
1624273941585,-2.3009,-5.2314,6.2575,0.6398,-0.4329,-0.0591
1624273941596,-1.8749,-6.1981,6.1786,0.3282,-0.4378,-0.0237
1624273941604,-1.6165,-6.5809,6.0733,-0.0078,-0.4097,-0.0933
1624273941613,-1.6979,-6.7628,6.2169,-0.1091,-0.3621,-0.1715
1624273941624,-1.9611,-6.5020,7.0807,0.0387,-0.3279,-0.1617
1624273941634,-1.9922,-6.4015,7.9780,0.2916,-0.3168,-0.0689
1624273941643,-1.7601,-6.4374,8.4589,0.5836,-0.3450,-0.0176
1624273941653,-1.5112,-6.1670,8.2890,0.7045,-0.3486,0.0166
1624273941663,-1.3366,-6.2029,7.7626,0.6495,-0.3120,0.0496
1624273941673,-1.2265,-5.8464,6.9826,0.2586,-0.2888,-0.0066
1624273941682,-1.1930,-5.5353,6.2934,-0.4708,-0.2655,-0.1068
1624273941692,-1.0757,-4.9897,6.1379,-1.3993,-0.2350,-0.2753
1624273941701,-1.1044,-3.9584,6.2839,-2.3131,-0.1812,-0.5453
1624273941711,-1.2217,-4.3652,6.6308,-2.9118,-0.1043,-0.7616
1624273941720,-1.0901,-5.6765,6.4944,-3.2380,-0.0688,-0.8520
1624273941730,-0.9681,-6.6432,6.3198,-3.2746,-0.0627,-0.9058
1624273941740,-0.7862,-7.5500,6.2671,-2.9655,-0.0420,-0.9033
1624273941748,-0.4727,-7.7558,6.1236,-2.4988,-0.0603,-0.8826
1624273941757,-0.0540,-8.0358,6.2934,-2.0468,-0.0970,-0.8483
1624273941766,0.0824,-7.6529,6.0805,-1.7487,-0.1153,-0.8386
1624273941776,0.0991,-6.3919,5.3889,-1.5141,-0.1202,-0.9009
1624273941785,0.2858,-5.4444,4.9032,-1.2026,-0.1250,-0.9082
1624273941795,0.6638,-5.8751,4.7142,-0.8959,-0.1226,-0.7579
1624273941805,1.2022,-6.9901,4.7979,-0.7823,-0.1043,-0.5942
1624273941814,1.5420,-7.9999,4.7381,-0.8703,-0.0847,-0.5417
1624273941824,1.6497,-8.6651,4.8027,-1.0108,-0.0530,-0.5686
1624273941833,1.6569,-8.8781,4.7501,-1.0584,-0.0615,-0.5796
1624273941843,1.6210,-8.7106,4.6998,-1.0218,-0.0933,-0.5796
1624273941853,1.6880,-8.4593,4.6256,-0.8837,-0.1336,-0.5649
1624273941863,1.7669,-8.3062,5.1018,-0.7542,-0.1385,-0.5075
1624273941872,1.9177,-8.7728,5.0037,-0.6870,-0.1751,-0.4207
1624273941882,1.7693,-9.2155,4.5562,-0.6846,-0.1861,-0.3609
1624273941891,1.6593,-9.2537,3.3670,-0.5319,-0.2582,-0.3499
1624273941901,1.9966,-8.6579,3.6853,-0.0896,-0.2375,-0.3352
1624273941910,2.0349,-9.6342,3.6924,0.4712,-0.1202,-0.0591
1624273941920,2.1689,-10.4693,4.6113,0.8890,-0.0139,0.1327
1624273941929,2.0230,-9.4715,4.8195,1.1040,-0.0285,0.0704
1624273941939,1.5707,-8.6388,4.9152,1.4388,-0.0053,0.1266
1624273941949,1.1903,-8.3205,5.3124,1.6159,-0.0017,0.2744
1624273941958,0.9199,-7.7558,6.0350,1.5121,-0.0359,0.3025
1624273941968,0.6447,-6.9423,5.9249,1.2237,-0.0945,0.2292
1624273941978,0.8313,-6.2077,5.9441,0.9599,-0.1629,0.1583
1624273941990,1.0323,-6.5259,5.1401,0.6679,-0.2313,0.1864
1624273941999,1.0682,-7.4280,4.6735,0.2598,-0.2362,0.2561
1624273942009,0.5705,-7.6505,5.0252,-0.0737,-0.1629,0.2561
1624273942019,-0.0875,-7.2701,5.3387,-0.0517,-0.0896,0.1852
1624273942028,-0.1784,-7.4639,5.5229,0.2012,-0.1177,0.2475
1624273942038,0.4389,-8.2607,5.8460,0.2989,-0.2093,0.3697
1624273942047,0.8361,-8.9522,6.2408,0.2684,-0.2130,0.3196
1624273942057,0.7332,-8.8709,6.3293,0.3417,-0.1605,0.1632
1624273942065,0.4628,-8.5646,6.2910,0.4333,-0.1483,0.1449
1624273942076,0.4485,-8.4617,6.2456,0.4113,-0.1605,0.2512
1624273942086,0.4820,-7.8707,6.2121,0.2684,-0.1250,0.2121
1624273942094,0.4341,-7.2294,6.2480,0.0179,-0.0469,0.1315
1624273942105,0.4030,-6.8298,5.7287,-0.2716,0.0044,0.1107
1624273942114,0.4676,-6.9949,5.5947,-0.5050,0.0606,0.1461
1624273942124,0.5418,-7.9281,5.9034,-0.6015,0.1437,0.1987
1624273942134,0.6591,-8.4521,5.9776,-0.6943,0.1889,0.1889
1624273942142,0.9223,-8.6340,6.0829,-0.7163,0.1999,0.1596
1624273942151,1.1281,-8.4665,6.3150,-0.6442,0.2146,0.1461
1624273942161,1.3290,-8.0358,6.2312,-0.6076,0.2195,0.1718
1624273942170,1.6138,-8.0190,6.0446,-0.6943,0.2207,0.2280
1624273942180,1.9751,-8.5191,6.1906,-0.8813,0.2610,0.2683
1624273942191,2.1522,-8.9977,6.2145,-1.0596,0.3245,0.2524
1624273942201,2.1091,-8.7441,6.0877,-1.1647,0.3600,0.2695
1624273942211,2.1043,-9.0408,6.0015,-1.2197,0.3685,0.4369
1624273942220,2.2886,-9.5002,6.0231,-1.2905,0.3844,0.5860
1624273942230,2.3843,-9.5911,5.9752,-1.3883,0.4052,0.6202
1624273942239,2.5039,-9.6725,5.8891,-1.4310,0.4357,0.6898
1624273942249,2.7265,-9.7155,5.6306,-1.4005,0.4601,0.8144
1624273942259,2.7695,-9.8902,5.4847,-1.3480,0.4907,0.9500
1624273942268,2.6355,-10.1415,5.3172,-1.3333,0.5273,1.0526
1624273942278,2.7049,-10.0242,4.9535,-1.4506,0.5469,1.1076
1624273942287,2.6092,-9.6342,4.6568,-1.6644,0.5615,1.1516
1624273942297,2.2192,-9.3399,4.5036,-1.8892,0.5713,1.1907
1624273942307,1.9177,-9.1843,4.2284,-2.0920,0.5664,1.2225
1624273942316,1.7526,-9.1580,3.8623,-2.2423,0.5518,1.2347
1624273942325,1.5779,-9.3829,3.6853,-2.2899,0.5530,1.2371
1624273942335,1.4702,-9.7658,3.3000,-2.2398,0.5481,1.2359
1624273942345,1.4343,-9.8759,2.9794,-2.1592,0.5151,1.2151
1624273942355,1.1927,-9.5792,2.7856,-2.0969,0.4748,1.1687
1624273942364,0.7045,-9.1389,2.5894,-2.0114,0.4430,1.1247
1624273942374,0.2260,-8.9140,2.5152,-1.9002,0.3978,1.0930
1624273942383,-0.0660,-8.9690,2.3716,-1.7658,0.3612,1.0673
1624273942393,-0.2981,-8.8996,2.1706,-1.6277,0.3392,1.0123
1624273942403,-0.5086,-8.5790,2.0821,-1.4286,0.3319,0.9439
1624273942412,-0.8867,-8.2416,1.5102,-1.1757,0.3416,0.9024
1624273942422,-1.3102,-8.2392,1.0508,-0.8764,0.3551,0.8792
1624273942432,-1.8271,-8.2607,0.9598,-0.6333,0.3746,0.8169
1624273942439,-2.6024,-8.1626,0.7086,-0.4769,0.4088,0.7069
1624273942449,-3.2939,-8.0071,0.7229,-0.3425,0.4479,0.6043
1624273942459,-3.7748,-7.7726,0.9981,-0.2142,0.4638,0.5041
1624273942468,-4.1194,-7.5764,1.1154,-0.0798,0.4687,0.3978
1624273942481,-4.3084,-7.4663,1.1513,0.0790,0.4748,0.2879
1624273942489,-4.5190,-7.2749,0.8426,0.2231,0.4809,0.1645
1624273942498,-4.7439,-7.2820,0.1391,0.3649,0.4858,0.0521
1624273942509,-5.0957,-7.2773,-0.4471,0.4602,0.4834,-0.0481
1624273942518,-5.5766,-6.8633,-0.5931,0.4443,0.4772,-0.1617
1624273942528,-6.1366,-6.2866,-0.2940,0.4467,0.4858,-0.2705
1624273942537,-6.6678,-6.1431,-0.0715,0.4602,0.4748,-0.3364
1624273942547,-7.0052,-6.2148,0.0027,0.4076,0.4003,-0.3963
1624273942556,-6.9860,-6.4757,0.1439,0.3331,0.2842,-0.4843
1624273942566,-6.7467,-7.0787,0.1654,0.2488,0.1779,-0.5588
1624273942574,-6.5386,-7.6553,0.1774,0.1889,0.1156,-0.6357
1624273942585,-6.4117,-8.1291,0.4191,0.2256,0.0814,-0.7225
1624273942595,-6.3208,-8.4378,0.6225,0.3123,0.0460,-0.7860
1624273942604,-6.2442,-8.5885,0.8306,0.4553,-0.0041,-0.8068
1624273942614,-6.1581,-8.3971,0.7732,0.6227,-0.0713,-0.7995
1624273942624,-5.9930,-8.0023,0.5674,0.8523,-0.1422,-0.7640
1624273942633,-5.6843,-7.9616,0.6129,1.0833,-0.2008,-0.6797
1624273942643,-5.3637,-8.4162,0.8234,1.1676,-0.2533,-0.5796
1624273942653,-5.0717,-8.9403,1.2972,1.0478,-0.2912,-0.5124
1624273942662,-4.8109,-9.1030,2.0079,0.8316,-0.3083,-0.4989
1624273942672,-4.7463,-9.2059,2.6683,0.6642,-0.2924,-0.4708
1624273942681,-4.6554,-9.6653,3.3718,0.6141,-0.2680,-0.3902
1624273942691,-4.4688,-10.0506,4.0562,0.5347,-0.2680,-0.3169
1624273942701,-4.3635,-10.4501,4.1925,0.4565,-0.2558,-0.2448
1624273942710,-4.3036,-10.8689,4.1901,0.5078,-0.2203,-0.1629
1624273942719,-4.2343,-10.8474,4.1758,0.5995,-0.1971,-0.0725
1624273942729,-4.2223,-10.4884,3.9987,0.7570,-0.1666,0.0484
1624273942738,-4.2510,-10.0194,3.6254,0.9220,-0.1128,0.1950
1624273942747,-4.2845,-9.0647,2.8597,0.9464,-0.0469,0.3380
1624273942756,-4.2462,-7.8587,2.3931,0.8084,0.0240,0.4699
1624273942766,-4.2917,-7.1433,2.3740,0.5164,0.1413,0.6275
1624273942775,-4.5477,-7.3897,2.8167,0.1438,0.2989,0.7631
1624273942787,-4.9425,-7.9903,2.8286,-0.3095,0.4174,0.8046
1624273942797,-5.3134,-8.5431,2.7449,-0.7273,0.4760,0.7912
1624273942806,-5.5240,-8.9690,2.7018,-0.9460,0.5053,0.8010
1624273942816,-5.5910,-9.2298,2.7903,-0.9534,0.5310,0.8303
1624273942825,-5.6053,-9.0480,2.7138,-0.8776,0.5383,0.8450
1624273942835,-5.6341,-8.4809,2.6252,-0.7860,0.5359,0.8621
1624273942845,-5.6460,-8.0765,2.5654,-0.6516,0.5334,0.8816
1624273942854,-5.6819,-7.8420,2.4793,-0.5551,0.5237,0.8767
1624273942864,-5.6676,-7.6218,2.5319,-0.5257,0.4980,0.8425
1624273942873,-5.6077,-7.6099,2.5463,-0.4622,0.4699,0.7961
1624273942883,-5.3948,-7.6171,2.5774,-0.3681,0.4308,0.7204
1624273942893,-5.0981,-7.6673,2.4410,-0.2350,0.3771,0.6287
1624273942903,-4.8301,-7.6960,2.5870,-0.0419,0.3355,0.5322
1624273942911,-4.5956,-7.7223,2.7497,0.2073,0.3221,0.4284
1624273942921,-4.2510,-7.9377,2.6037,0.5225,0.3172,0.3135
1624273942931,-3.7102,-8.1889,2.2807,0.8523,0.3001,0.1987
1624273942941,-3.1001,-8.2057,1.9265,1.1590,0.2720,0.0973
1624273942951,-2.4851,-8.1794,1.6657,1.4327,0.2549,0.0252
1624273942960,-1.9850,-8.2559,1.5580,1.5634,0.2500,-0.0029
1624273942970,-1.5256,-8.1171,1.5150,1.4461,0.2256,-0.0359
1624273942979,-1.0733,-7.6673,1.5341,1.0527,0.1633,-0.1153
1624273942989,-0.6953,-7.2390,1.5700,0.5103,0.1083,-0.2045
1624273942998,-0.4129,-7.1552,1.3618,-0.1116,0.0826,-0.2766
1624273943007,-0.1354,-7.4639,1.2231,-0.7676,0.0667,-0.3279
1624273943018,0.1590,-8.0358,1.0914,-1.3748,0.0484,-0.3596
1624273943025,0.3767,-8.8470,1.0173,-1.8073,0.0289,-0.3596
1624273943036,0.5610,-9.8807,0.9263,-2.0028,0.0118,-0.3157
1624273943045,0.6902,-10.8474,0.7995,-2.0114,-0.0139,-0.2509
1624273943054,0.8026,-11.5389,0.7014,-1.8538,-0.0237,-0.1800
1624273943064,0.7859,-11.9552,0.8928,-1.5520,0.0069,-0.0982
1624273943075,0.4485,-11.6777,1.1680,-1.1745,0.0729,-0.0224
1624273943085,-0.0779,-10.8282,1.5269,-0.7579,0.1303,0.0460
1624273943095,-0.7025,-9.9979,1.8356,-0.3413,0.1449,0.1278
1624273943104,-1.1762,-9.6103,2.0294,-0.0090,0.1242,0.2097
1624273943114,-1.4849,-9.3207,2.0988,0.1486,0.0838,0.2488
1624273943123,-1.7218,-9.1078,1.9911,0.1987,0.0484,0.2475
1624273943133,-1.9946,-8.9570,1.9481,0.2354,0.0435,0.2268
1624273943143,-2.2841,-8.8326,1.8643,0.2708,0.0484,0.2109
1624273943152,-2.5258,-8.9259,1.6873,0.3282,0.0496,0.2072
1624273943162,-2.7220,-8.9929,1.6585,0.3368,0.0411,0.1926
1624273943171,-2.8895,-8.8470,1.5891,0.3295,0.0338,0.1596
1624273943181,-3.0714,-8.8805,1.7782,0.3527,0.0264,0.1278
1624273943191,-3.2508,-8.8805,2.0581,0.3783,0.0191,0.1021
1624273943200,-3.4040,-8.7201,2.2639,0.3453,0.0057,0.0716
1624273943210,-3.5021,-8.4976,2.4506,0.2989,-0.0102,0.0313
1624273943221,-3.5571,-8.3995,2.6611,0.2415,-0.0212,-0.0151
1624273943228,-3.5762,-8.4378,2.6540,0.1315,-0.0297,-0.0579
1624273943238,-3.5475,-8.4880,2.4649,0.0081,-0.0347,-0.1019
1624273943248,-3.5834,-8.6244,2.4338,-0.0480,-0.0273,-0.1422
1624273943257,-3.6361,-8.8613,2.3118,-0.0322,-0.0114,-0.1654
1624273943267,-3.7246,-8.9427,2.0103,0.0143,0.0093,-0.1740
1624273943277,-3.7461,-9.0360,1.9194,0.1389,0.0277,-0.1740
1624273943287,-3.7701,-9.2011,1.9888,0.3001,0.0460,-0.1593
1624273943296,-3.7390,-9.2992,2.0414,0.4370,0.0655,-0.1397
1624273943306,-3.7390,-9.2513,2.0773,0.5481,0.0838,-0.1324
1624273943316,-3.8299,-9.0958,2.0414,0.6385,0.1046,-0.1202
1624273943323,-4.0045,-8.9187,1.9768,0.6996,0.1230,-0.0994
1624273943333,-4.1697,-8.8302,1.9600,0.7338,0.1278,-0.0823
1624273943343,-4.2965,-8.7704,1.9218,0.7473,0.1205,-0.0786
1624273943352,-4.4448,-8.6986,1.8165,0.7436,0.1010,-0.0750
1624273943362,-4.5812,-8.6627,1.7471,0.7522,0.0851,-0.0615
1624273943373,-4.7200,-8.6579,1.7327,0.7998,0.0655,-0.0554
1624273943383,-4.8779,-8.7153,1.9481,0.9012,0.0423,-0.0542
1624273943393,-5.0311,-8.6938,2.2615,1.0405,0.0167,-0.0567
1624273943402,-5.1483,-8.5909,2.4027,1.2286,-0.0188,-0.0628
1624273943412,-5.1938,-8.5072,2.7281,1.4876,-0.0505,-0.0725
1624273943421,-5.1675,-8.4067,2.9937,1.8322,-0.0713,-0.0909
1624273943431,-5.0765,-8.2583,3.1301,2.2207,-0.0847,-0.1019
1624273943440,-5.0048,-8.0430,2.9890,2.6129,-0.1043,-0.1019
1624273943450,-4.9378,-7.8252,2.9004,2.9598,-0.1409,-0.1080
1624273943460,-4.7822,-7.4519,2.8980,3.1858,-0.2020,-0.1226
1624273943469,-4.5334,-7.0571,2.8885,3.2359,-0.3083,-0.1483
1624273943479,-4.1792,-6.8035,3.0966,3.1223,-0.4231,-0.1776
1624273943489,-3.7964,-6.5857,3.5441,2.8938,-0.5062,-0.2301
1624273943498,-3.5188,-6.4039,4.0131,2.6605,-0.5258,-0.3108
1624273943508,-3.3657,-6.2866,4.5491,2.4516,-0.5099,-0.3719
1624273943517,-3.3274,-6.4613,4.9080,2.2952,-0.5001,-0.3828
1624273943527,-3.1982,-6.9901,5.2430,2.2109,-0.5355,-0.3816
1624273943537,-2.9972,-7.5572,5.4512,2.2085,-0.6003,-0.3804
1624273943546,-2.6957,-7.8468,5.4559,2.2292,-0.6822,-0.3780
1624273943554,-2.4277,-7.8013,5.3459,2.3086,-0.7579,-0.3755
1624273943565,-2.2147,-7.6625,5.4799,2.4259,-0.8080,-0.3499
1624273943575,-1.9898,-7.1672,5.5660,2.4992,-0.8422,-0.3242
1624273943585,-1.7601,-6.6815,5.8364,2.5285,-0.8617,-0.2986
1624273943594,-1.5041,-6.4470,6.1212,2.4870,-0.8691,-0.2521
1624273943604,-1.2217,-6.4302,6.6619,2.3477,-0.8703,-0.1972
1624273943612,-0.9561,-6.4398,7.0807,2.1437,-0.8593,-0.1556
1624273943621,-0.7479,-6.5092,7.5736,1.9666,-0.8349,-0.1287
1624273943631,-0.6068,-6.5618,7.8153,1.8346,-0.8056,-0.0848
1624273943640,-0.4560,-6.7341,8.0617,1.7088,-0.7872,-0.0261
1624273943651,-0.2478,-7.2844,8.2316,1.4938,-0.7811,0.0288
1624273943662,0.0130,-7.3514,8.0091,1.1211,-0.7860,0.0044
1624273943671,0.3049,-6.6264,7.7148,0.7216,-0.7750,-0.1226
1624273943681,0.6112,-5.8320,7.2936,0.4822,-0.7078,-0.1996
1624273943691,0.8792,-5.7243,7.1884,0.3954,-0.5795,-0.1055
1624273943700,1.0874,-6.0665,7.5281,0.3478,-0.4293,0.0557
1624273943709,1.1352,-6.4015,7.8918,0.2989,-0.2607,0.1791
1624273943719,1.0204,-6.5738,8.1168,0.2439,-0.0957,0.2414
1624273943728,0.6662,-6.4422,8.3489,0.2256,0.0423,0.2683
1624273943738,0.1925,-6.0210,8.3632,0.2696,0.1486,0.2940
1624273943748,-0.2981,-5.5807,8.4159,0.3527,0.2219,0.3270
1624273943757,-0.7336,-5.1764,8.3130,0.3991,0.2512,0.3563
1624273943767,-1.0973,-5.1644,8.1909,0.3783,0.2366,0.3563
1624273943777,-1.3413,-5.1429,7.7794,0.3307,0.1816,0.3111
1624273943786,-1.6117,-4.8103,7.4229,0.3514,0.1290,0.2304
1624273943796,-1.7912,-4.3030,7.4492,0.4418,0.1132,0.1767
1624273943806,-1.9443,-3.7431,7.7435,0.4883,0.1193,0.1596
1624273943815,-2.0735,-3.5110,7.9110,0.4614,0.0924,0.1413
1624273943824,-2.1884,-3.6258,8.1886,0.3380,0.0264,0.1144
1624273943834,-2.2099,-4.1522,8.1981,0.1938,-0.0359,0.1021
1624273943844,-2.2745,-4.4250,8.0976,0.0839,-0.0701,0.0704
1624273943853,-2.4373,-4.5566,7.9014,0.0607,-0.0811,0.0093
1624273943863,-2.6670,-4.6164,7.7602,0.0827,-0.0750,-0.0237
1624273943873,-2.8704,-4.6188,7.8296,0.0924,-0.0896,-0.0603
1624273943882,-2.9063,-4.4920,7.7770,0.0643,-0.1519,-0.1336
1624273943892,-2.7603,-4.4418,7.8129,0.0094,-0.2435,-0.2118
1624273943902,-2.4923,-4.4657,7.7076,-0.0407,-0.3291,-0.2631
1624273943911,-2.1812,-4.5925,7.5903,-0.0554,-0.3792,-0.2949
1624273943919,-1.8869,-4.8414,7.6071,-0.0627,-0.3840,-0.3157
1624273943929,-1.6931,-5.2673,7.7842,-0.0676,-0.3523,-0.3132
1624273943938,-1.6811,-5.4061,7.9110,-0.0395,-0.2912,-0.3205
1624273943948,-1.6859,-5.3726,8.0211,0.0631,-0.2167,-0.3315
1624273943957,-1.7338,-4.9610,7.8464,0.1694,-0.1727,-0.3315
1624273943967,-1.7625,-4.4753,7.8105,0.2610,-0.1715,-0.3193
1624273943979,-1.6572,-4.5925,8.2484,0.3050,-0.1739,-0.2350
1624273943988,-1.5184,-4.9467,8.9184,0.2439,-0.1617,-0.1373
1624273943998,-1.3868,-5.1524,9.3180,0.1584,-0.1519,-0.1361
1624273944007,-1.3461,-5.2314,9.2581,0.1340,-0.1593,-0.1825
1624273944017,-1.2935,-5.3606,8.8179,0.2134,-0.1776,-0.1788
1624273944026,-1.2121,-5.7578,8.6360,0.3575,-0.2130,-0.1581
1624273944034,-1.1021,-5.8583,8.0713,0.5286,-0.2484,-0.1617
1624273944046,-0.9633,-5.1907,7.5760,0.6520,-0.2704,-0.1947
1624273944056,-0.8006,-4.8868,7.9349,0.6911,-0.2118,-0.1617
1624273944065,-0.8484,-5.4827,8.5810,0.5872,-0.0566,-0.0664
1624273944074,-1.2384,-4.4801,7.2458,0.3942,0.0741,-0.1275
1624273944084,-1.1762,-3.8268,7.8607,0.3282,0.1242,-0.2986
1624273944094,-1.4490,-3.6976,8.8155,0.2231,0.1584,-0.1129
1624273944103,-1.6046,-4.2503,8.7269,-0.1042,0.1303,0.0362
1624273944113,-1.6524,-4.7241,8.6934,-0.2618,0.0704,-0.0823
1624273944122,-1.5806,-4.7792,8.2699,-0.2496,0.0008,-0.1691
1624273944130,-1.4012,-5.0998,8.0761,-0.1226,-0.0542,-0.0921
1624273944140,-1.3940,-5.1716,7.8416,0.0265,-0.1031,-0.0029
1624273944149,-1.4610,-4.5159,7.6478,0.0289,-0.1275,-0.0029
1624273944159,-1.4227,-4.2862,7.8536,-0.0529,-0.0847,-0.0188
1624273944168,-1.3557,-4.9179,8.2962,-0.1055,-0.0041,0.0252
1624273944178,-1.3318,-5.3199,8.5714,-0.1055,0.0399,0.0667
1624273944188,-1.3078,-5.1070,8.8657,0.0020,0.0167,0.0692
1624273944197,-1.2145,-4.6930,9.0284,0.1645,-0.0261,0.0777
1624273944209,-1.0207,-4.5447,9.3419,0.2451,-0.0603,0.1217
1624273944218,-0.8628,-4.6188,9.4137,0.2085,-0.0737,0.1449
1624273944228,-0.7623,-4.8533,9.2223,0.1486,-0.0639,0.1156
1624273944238,-0.8101,-4.6284,8.8562,0.1095,-0.0493,0.0704
1624273944246,-0.8819,-4.5901,8.4996,0.1083,-0.0420,0.0618
1624273944255,-0.8963,-4.6571,8.1981,0.0839,-0.0334,0.1034
1624273944265,-0.8436,-5.0400,8.0522,-0.0016,-0.0224,0.1351
1624273944274,-0.9346,-5.1835,7.8464,-0.0798,0.0167,0.1376
1624273944285,-1.1595,-5.2434,8.0713,-0.0908,0.1034,0.1474
1624273944296,-1.4418,-5.2075,8.1909,0.0008,0.1975,0.1742
1624273944305,-1.7840,-5.1476,8.4924,0.1291,0.2476,0.1938
1624273944315,-2.0209,-5.1620,8.6432,0.3050,0.2378,0.2182
1624273944324,-2.0640,-5.1094,8.7030,0.4700,0.1840,0.2133
1624273944334,-2.0042,-4.7696,8.6169,0.5726,0.1254,0.1840
1624273944343,-2.0137,-4.3078,8.5116,0.5384,0.1058,0.1791
1624273944353,-2.1166,-3.9249,8.3273,0.3734,0.1107,0.1791
1624273944363,-2.2243,-4.0805,8.2795,0.1889,0.1144,0.1840
1624273944372,-2.1980,-4.6858,8.2603,0.0521,0.0948,0.1974
1624273944382,-2.1214,-5.2458,8.2699,0.0411,0.0643,0.2036
1624273944392,-1.9898,-5.3630,8.3130,0.1462,0.0362,0.1926
1624273944401,-1.8917,-5.2482,8.4757,0.3136,0.0179,0.1779
1624273944411,-1.8319,-4.9275,8.6958,0.4748,0.0008,0.1730
1624273944420,-1.9324,-4.8222,9.0332,0.5860,-0.0200,0.1864
1624273944429,-2.0616,-4.7744,8.9255,0.6764,-0.0444,0.2146
1624273944440,-2.1142,-4.8318,8.8322,0.7986,-0.0811,0.2256
1624273944448,-2.1405,-4.8270,8.5618,0.9195,-0.1311,0.2439
1624273944459,-2.0879,-4.6978,8.4183,0.9990,-0.1898,0.2488
1624273944468,-2.0496,-4.2647,8.3273,1.0600,-0.2399,0.2402
1624273944478,-1.9371,-3.8364,8.3106,1.0478,-0.2717,0.2268
1624273944488,-1.8510,-3.3937,8.2436,0.9476,-0.3046,0.1950
1624273944497,-1.7386,-3.1042,8.1311,0.7876,-0.3303,0.1559
1624273944507,-1.5950,-2.8553,8.1024,0.6068,-0.3266,0.1413
1624273944516,-1.4131,-3.0922,8.4542,0.4370,-0.2839,0.1474
1624273944526,-1.3270,-3.2501,8.6958,0.2855,-0.2167,0.1437
1624273944536,-1.3772,-3.2286,8.8011,0.2341,-0.1470,0.1229
1624273944545,-1.4155,-3.4176,8.9686,0.3087,-0.0982,0.1278
1624273944554,-1.4442,-3.5875,9.1911,0.4003,-0.1018,0.1559
1624273944563,-1.4299,-3.5971,9.2653,0.4651,-0.1373,0.1571
1624273944572,-1.3533,-3.5827,9.3443,0.5237,-0.1715,0.1302
1624273944582,-1.3126,-3.4009,9.2390,0.5995,-0.2130,0.0985
1624273944591,-1.2743,-3.1472,8.8873,0.6911,-0.2607,0.0887
1624273944602,-1.1714,-3.0850,8.6097,0.7925,-0.2985,0.0948
1624273944612,-1.0853,-3.0013,8.5427,0.8694,-0.3010,0.0960
1624273944623,-1.0063,-2.6998,8.6480,0.8682,-0.2655,0.1095
1624273944631,-0.9178,-2.4127,8.9064,0.7314,-0.2118,0.1046
1624273944640,-0.8436,-2.3481,9.2031,0.4993,-0.1495,0.0997
1624273944651,-0.7527,-2.6615,9.4041,0.2195,-0.1202,0.0814
1624273944660,-0.7264,-2.8864,9.2988,0.0228,-0.1214,0.0447
1624273944670,-0.6738,-3.2262,9.2438,-0.0273,-0.1214,0.0276
1624273944680,-0.5876,-3.1209,9.1481,0.0472,-0.1287,-0.0102
1624273944689,-0.4751,-2.7237,9.3467,0.0814,-0.1238,-0.0542
1624273944699,-0.3579,-2.9008,9.4544,0.0033,-0.0884,-0.0640
1624273944708,-0.3794,-2.7979,8.9471,-0.1556,-0.0530,-0.1031
1624273944718,-0.2526,-2.2069,9.1553,-0.2643,0.0325,-0.1373
1624273944726,-0.2622,-1.9628,9.2246,-0.5111,0.1645,-0.1031
1624273944737,-0.3244,-2.3337,9.3778,-0.9057,0.2268,-0.1055
1624273944747,-0.3005,-2.9008,9.3347,-1.2258,0.2500,-0.1593
1624273944757,-0.1521,-3.4846,9.4472,-1.2844,0.2818,-0.1874
1624273944766,0.0274,-3.4511,9.6936,-1.1989,0.2952,-0.2130
1624273944776,0.1829,-3.4033,9.7176,-1.0877,0.2915,-0.2228
1624273944785,0.3863,-3.2836,9.4735,-1.0169,0.2891,-0.2424
1624273944795,0.4940,-3.4009,9.2199,-0.9851,0.3135,-0.2375
1624273944804,0.5992,-3.6713,9.4185,-1.0340,0.3661,-0.2008
1624273944814,0.7285,-3.8531,9.9329,-1.1781,0.4406,-0.1935
1624273944824,0.9462,-3.5923,10.2703,-1.4482,0.5127,-0.2497
1624273944833,1.0874,-3.6737,10.2440,-1.7401,0.5823,-0.2973
1624273944843,1.1879,-4.4322,10.0047,-2.0236,0.6446,-0.2473
1624273944851,1.2357,-5.1764,9.7559,-2.2936,0.6984,-0.1862
1624273944861,1.3338,-5.8535,9.4663,-2.4878,0.7753,-0.1678
1624273944870,1.4511,-6.3321,9.2246,-2.6161,0.8767,-0.1568
1624273944880,1.6018,-6.9183,8.8968,-2.6943,0.9757,-0.1190
1624273944892,1.6186,-7.3802,8.5762,-2.7982,1.0625,-0.0261
1624273944901,1.4774,-7.6051,8.3513,-2.9936,1.1590,0.0875
1624273944910,1.2190,-7.6769,8.3441,-3.2526,1.2653,0.2011
1624273944918,0.8529,-7.7798,8.4685,-3.5776,1.3251,0.2976
1624273944930,0.6040,-8.4258,8.2819,-3.9124,1.3251,0.4125
1624273944939,0.4963,-9.0025,7.6597,-4.2190,1.2677,0.5249
1624273944949,0.3121,-9.4045,6.9132,-4.3583,1.2139,0.6043
1624273944959,-0.0660,-9.9261,6.2791,-4.2031,1.1944,0.6849
1624273944968,-0.5039,-10.2133,5.7287,-3.8733,1.1724,0.7570
1624273944978,-0.8963,-10.1391,5.4105,-3.4836,1.1174,0.8010
1624273944987,-1.3102,-9.4523,5.2430,-3.1366,1.0478,0.8169
1624273944997,-1.7003,-8.6244,5.1234,-2.8287,0.9672,0.8499
1624273945007,-2.1501,-8.0334,4.9128,-2.5978,0.8743,0.8914
1624273945016,-2.6957,-7.6242,4.6208,-2.4377,0.7802,0.9170
1624273945025,-3.2388,-7.1026,4.4151,-2.2887,0.7094,0.8877
1624273945034,-3.7174,-6.9016,4.0944,-2.0077,0.6605,0.8169
1624273945045,-4.1553,-6.9829,3.5034,-1.5996,0.6080,0.7460
1624273945055,-4.6267,-6.9997,2.9100,-1.1720,0.5249,0.6507
1624273945064,-5.1244,-6.8226,2.3716,-0.7151,0.4357,0.5017
1624273945074,-5.5838,-6.6192,2.0988,-0.2130,0.3649,0.3123
1624273945083,-6.0528,-6.0976,2.1156,0.1914,0.2989,0.1278
1624273945093,-6.5649,-5.1213,2.1610,0.4675,0.2182,-0.0542
1624273945103,-7.1104,-4.1857,1.5748,0.7021,0.1230,-0.2301
1624273945112,-7.6034,-3.0946,1.3020,0.8572,-0.0005,-0.3951
1624273945122,-7.9718,-2.2141,1.1561,0.8975,-0.1666,-0.5172
1624273945132,-8.0197,-1.9843,1.1943,0.7998,-0.3779,-0.5710
1624273945141,-7.8115,-2.6328,1.3140,0.5506,-0.6150,-0.6211
1624273945150,-7.5196,-3.7502,1.3546,0.1645,-0.8056,-0.7176
1624273945160,-7.1679,-5.1500,2.1539,-0.2179,-0.8764,-0.7860
1624273945168,-6.8927,-6.7796,3.3933,-0.4023,-0.8300,-0.7872
1624273945177,-6.7683,-8.0525,4.3696,-0.3681,-0.7445,-0.7909
1624273945187,-6.6893,-8.6101,5.0707,-0.1409,-0.6956,-0.8056
1624273945197,-6.6510,-8.2799,4.7812,0.1584,-0.6809,-0.7567
1624273945208,-6.4907,-7.1672,4.0538,0.4150,-0.6357,-0.6223
1624273945218,-6.3304,-6.3656,3.4125,0.5469,-0.5160,-0.4256
1624273945227,-6.1581,-6.6049,3.2761,0.5652,-0.2973,-0.1947
1624273945237,-6.1126,-7.2509,3.3694,0.3857,-0.0310,-0.0151
1624273945247,-6.1796,-7.5500,3.5130,0.0460,0.2219,0.0728
1624273945256,-6.4333,-7.5548,3.5656,-0.2814,0.4149,0.1278
1624273945264,-6.8065,-7.4496,3.5824,-0.5209,0.5310,0.1864
1624273945275,-7.1128,-7.3108,3.8145,-0.6931,0.5799,0.2439
1624273945285,-7.2947,-7.1792,4.1040,-0.7786,0.5823,0.2891
1624273945295,-7.2875,-7.1696,4.1351,-0.7310,0.5506,0.3270
1624273945304,-7.1415,-7.2103,3.7475,-0.5795,0.5005,0.3880
1624273945314,-6.8903,-7.3586,3.2115,-0.3645,0.4430,0.4503
1624273945324,-6.6582,-7.3778,2.5128,-0.1116,0.3905,0.4589
1624273945333,-6.4620,-7.2486,1.9122,0.1572,0.3563,0.4051
1624273945341,-6.3232,-7.1265,1.5293,0.4357,0.3245,0.3196
1624273945399,-6.1892,-6.9901,1.4623,0.7387,0.2671,0.2121
1624273945401,-6.0073,-7.0619,1.8930,1.1285,0.1791,0.0960
1624273945401,-5.7872,-7.1481,2.2543,1.6037,0.0582,-0.0029
1624273945402,-5.4809,-7.0356,2.6922,2.0533,-0.1128,-0.0725
1624273945403,-5.1579,-6.9877,3.1660,2.4907,-0.3205,-0.1055
1624273945404,-4.7296,-7.0188,3.6302,2.8413,-0.5441,-0.1214
1624273945410,-4.2295,-6.9590,3.9030,2.9671,-0.7665,-0.1287
1624273945419,-3.6073,-7.1528,4.2308,2.8548,-0.9778,-0.1629
1624273945429,-2.9110,-7.1098,4.1519,2.5432,-1.1525,-0.2790
1624273945438,-2.2961,-6.9255,4.1638,2.1926,-1.2283,-0.4317
1624273945448,-1.8558,-6.8992,4.4725,1.9336,-1.2038,-0.5185
1624273945458,-1.4993,-6.8896,5.2741,1.7344,-1.1513,-0.5172
1624273945467,-1.1260,-6.5331,6.0661,1.4571,-1.1574,-0.4928
1624273945478,-0.7048,-6.3010,6.5878,1.0674,-1.1940,-0.4830
1624273945485,-0.1736,-6.9782,6.9156,0.5995,-1.1843,-0.5002
1624273945494,0.1757,-8.1626,7.1357,0.1560,-1.1171,-0.5893
1624273945504,0.3169,-8.5120,7.4300,-0.1397,-1.0230,-0.7750
1624273945514,0.4557,-8.2033,7.7196,-0.1140,-0.9289,-0.9229
1624273945525,0.6256,-7.4280,7.5616,0.1144,-0.8642,-0.9363
1624273945535,0.8457,-6.4039,7.2960,0.2684,-0.8508,-0.8984
1624273945544,1.0802,-5.7219,6.9730,0.2940,-0.8056,-0.8581
1624273945554,1.2979,-5.7315,6.8869,0.2036,-0.7005,-0.8031
1624273945563,1.4272,-6.2460,7.0639,0.0045,-0.5991,-0.7421
1624273945573,1.4224,-6.7843,7.3559,-0.2142,-0.5429,-0.6993
1624273945583,1.3219,-7.3299,7.4109,-0.3266,-0.5001,-0.6712
1624273945592,1.2285,-7.7845,7.4133,-0.3266,-0.4561,-0.6382
1624273945600,1.2309,-7.9616,7.4827,-0.2985,-0.4305,-0.6138
1624273945612,1.2668,-7.9664,7.4300,-0.2191,-0.4170,-0.5905
1624273945621,1.2836,-7.8779,7.2482,-0.1604,-0.4048,-0.5368
1624273945631,1.1998,-7.4711,6.7409,-0.2130,-0.4061,-0.4940
1624273945641,1.0036,-7.3156,6.3915,-0.2741,-0.4012,-0.4574
1624273945650,0.8696,-7.6601,6.1116,-0.2802,-0.3804,-0.3792
1624273945659,0.7596,-8.0430,5.8005,-0.2900,-0.3621,-0.2888
1624273945669,0.5753,-8.2487,5.3698,-0.2301,-0.3437,-0.2314
1624273945680,0.5131,-8.6292,5.3411,-0.0505,-0.3022,-0.1837
1624273945688,0.5968,-9.1843,6.0135,0.1828,-0.2399,-0.1458
1624273945698,0.5394,-8.8111,6.3891,0.3588,-0.1959,-0.1935
1624273945708,0.5992,-7.6793,6.8294,0.5640,-0.1629,-0.2668
1624273945717,0.6351,-6.6360,7.0280,0.5640,-0.1275,-0.2411
1624273945726,0.6399,-6.7269,6.7433,0.3466,-0.1275,-0.1544
1624273945737,0.5538,-7.1074,6.4561,0.0619,-0.1385,-0.1446
1624273945746,0.3743,-7.3060,6.1331,-0.1128,-0.0835,-0.1239
1624273945756,0.3743,-7.5716,6.2264,-0.1922,-0.0041,-0.0408
1624273945765,0.4748,-7.9568,6.2623,-0.2203,0.0093,0.0460
1624273945775,0.5370,-8.2464,6.4394,-0.1519,0.0093,0.1095
1624273945783,0.4365,-8.5287,6.5327,0.0472,0.0484,0.1571
1624273945792,0.2164,-8.7512,6.7911,0.3600,0.0863,0.1999
1624273945802,-0.0014,-8.2416,6.9897,0.6605,0.0814,0.2133
1624273945812,-0.2000,-8.1028,7.0496,0.9635,0.0619,0.2622
1624273945824,-0.2095,-7.3323,7.3894,1.2225,0.0191,0.2927
1624273945832,-0.4393,-5.7770,7.1166,1.1321,-0.0407,0.2879
1624273945842,-0.3100,-6.3106,7.0304,0.8646,-0.0945,0.3489
1624273945852,-0.1593,-7.0356,6.4083,0.5469,-0.1202,0.3001
1624273945862,-0.1689,-7.0452,6.3150,0.3013,-0.0847,0.2072
1624273945871,-0.1904,-6.8178,6.4011,0.1730,-0.0566,0.2121
1624273945881,-0.3220,-6.4015,6.4227,0.1438,-0.0615,0.2292
1624273945891,-0.4775,-6.6647,6.8366,0.2268,-0.0334,0.2781
1624273945900,-0.6235,-6.8657,7.0328,0.3062,-0.0139,0.2891
1624273945910,-0.7407,-6.4685,6.9539,0.3319,-0.0383,0.2439
1624273945920,-0.7384,-6.0952,7.0496,0.3392,-0.0664,0.2231
1624273945928,-0.6570,-6.0617,7.0615,0.3258,-0.0750,0.2084
1624273945937,-0.5565,-5.8057,6.9275,0.2378,-0.0762,0.1645
1624273945948,-0.4704,-5.6047,6.9897,0.0656,-0.0456,0.1498
1624273945957,-0.4632,-6.2292,7.1644,-0.0652,0.0179,0.1669
1624273945967,-0.5110,-6.7652,7.2338,-0.1494,0.0594,0.1413
1624273945977,-0.4704,-6.9160,7.3822,-0.1543,0.0790,0.1009
1624273945986,-0.2502,-6.9614,7.6286,-0.1030,0.0900,0.0973
1624273945996,-0.2119,-6.8513,7.9541,-0.0676,0.1083,0.0948
1624273946005,-0.2215,-6.5331,7.9660,-0.1152,0.1181,0.0838
1624273946014,-0.0875,-6.3034,7.8799,-0.2325,0.1278,0.0728
1624273946025,0.2930,-6.7293,8.0091,-0.4439,0.1559,0.0814
1624273946034,0.7069,-7.4591,8.1192,-0.6895,0.2207,0.0545
1624273946043,1.1281,-7.9616,8.0857,-0.9106,0.2903,0.0264
1624273946053,1.5109,-8.4976,8.1742,-1.0535,0.3563,0.0814
1624273946063,1.8196,-8.9451,8.2962,-1.1855,0.4259,0.2011
1624273946073,2.0110,-9.3159,8.1957,-1.3406,0.5005,0.3049
1624273946081,2.2216,-9.7084,7.9636,-1.5202,0.5738,0.3990
1624273946090,2.4537,-9.9309,7.9086,-1.7572,0.6434,0.5053
1624273946100,2.5398,-10.0386,7.7507,-1.9820,0.7240,0.6141
1624273946109,2.5614,-10.2467,7.4420,-2.1653,0.7839,0.7264
1624273946122,2.4967,-10.0721,7.2051,-2.3815,0.8193,0.8327
1624273946131,2.2024,-9.7371,7.2362,-2.5599,0.8633,0.9488
1624273946140,1.7957,-9.7155,7.1381,-2.5807,0.9036,1.0673
1624273946148,1.3936,-9.8759,6.8534,-2.5318,0.8926,1.1614
1624273946159,0.9893,-9.6055,6.4729,-2.4353,0.8719,1.2041
1624273946169,0.3624,-9.2992,5.9800,-2.2313,0.8816,1.2298
1624273946179,-0.2311,-9.0623,5.3937,-1.9173,0.8755,1.2567
1624273946188,-0.4799,-8.4138,4.7860,-1.5984,0.8352,1.2579
1624273946198,-0.7575,-7.8156,4.4438,-1.2942,0.8303,1.2616
1624273946206,-1.1188,-7.5213,4.1375,-1.0328,0.8633,1.2384
1624273946217,-1.4993,-7.3275,3.9413,-0.8336,0.8829,1.1553
1624273946226,-1.9037,-7.2031,3.6135,-0.6858,0.8755,1.0466
1624273946236,-2.4301,-7.1050,3.2641,-0.4977,0.8633,0.9183
1624273946244,-3.2030,-6.6073,2.9985,-0.3107,0.8486,0.7619
1624273946256,-4.2247,-5.7818,2.8215,-0.1653,0.8328,0.6031
1624273946264,-5.2775,-5.0854,2.6659,0.0045,0.7900,0.4516
1624273946275,-6.0815,-4.7624,2.5319,0.0973,0.6691,0.2879
1624273946284,-6.5170,-4.7265,2.4434,0.0704,0.4858,0.1058
1624273946294,-6.7539,-4.6978,2.2113,-0.0627,0.2867,-0.1031
1624273946304,-6.8185,-4.5734,1.6873,-0.1556,0.1132,-0.3047
1624273946313,-6.8855,-4.3413,0.9503,-0.1690,-0.0371,-0.4671
1624273946323,-7.0769,-4.3796,0.4095,-0.1006,-0.1422,-0.5441
1624273946333,-7.2899,-4.7098,0.3927,-0.0371,-0.1788,-0.5576
1624273946342,-7.4694,-5.5425,1.0962,0.0081,-0.1666,-0.5612
1624273946352,-7.5890,-6.8681,2.1371,0.0875,-0.1568,-0.6052
1624273946361,-7.5340,-7.8444,3.0081,0.1389,-0.1910,-0.6700
1624273946370,-7.4143,-8.4569,3.7881,0.2451,-0.2460,-0.6993
1624273946380,-7.2588,-8.3851,4.2787,0.4418,-0.2790,-0.6724
1624273946390,-7.1487,-7.4352,4.2978,0.6251,-0.2741,-0.5808
1624273946398,-7.1870,-6.5331,3.9772,0.7790,-0.2350,-0.4501
1624273946407,-7.1870,-6.4398,3.8169,0.8951,-0.1654,-0.3120
1624273946417,-6.9477,-6.5786,3.7929,0.7644,-0.0835,-0.1776
1624273946426,-6.7013,-6.7604,3.6661,0.4528,-0.0102,-0.0811
1624273946438,-6.4165,-6.8537,3.3694,0.1718,0.0509,-0.0396
1624273946448,-6.2203,-7.1839,3.1469,-0.0236,0.1474,0.0337
1624273946457,-6.1844,-7.3921,2.8573,-0.1776,0.2793,0.1327
1624273946467,-6.2012,-7.2366,2.9076,-0.2863,0.4100,0.1828
1624273946476,-6.4357,-6.9782,2.9578,-0.3767,0.5078,0.2182
1624273946486,-6.7300,-6.9279,3.0799,-0.4195,0.5603,0.2549
1624273946496,-6.8400,-7.0236,3.1756,-0.4170,0.5493,0.2866
1624273946505,-6.7587,-7.1026,3.0871,-0.3681,0.4968,0.3098
1624273946515,-6.5386,-7.1026,3.0655,-0.2521,0.4272,0.3208
1624273946525,-6.3304,-7.0547,2.9890,-0.0676,0.3746,0.3221
