1623961353981,0.5705,0.8129,9.6769,-0.0650,-0.0378,0.0309
1623961353982,0.6351,0.8224,9.6793,-0.0345,-0.0341,-0.0057
1623961353984,0.6208,0.9014,9.7343,-0.0602,-0.0231,0.0004
1623961353995,0.5681,0.8129,9.7559,-0.0675,-0.0243,0.0199
1623961354018,0.4868,0.7794,9.8516,-0.0479,-0.0219,0.0065
1623961354019,0.4628,0.8057,9.9449,-0.0309,-0.0182,-0.0081
1623961354043,0.5538,0.8392,9.9425,-0.0186,-0.0170,-0.0094
1623961354044,0.5227,1.0258,9.9473,-0.0259,-0.0170,-0.0399
1623961354045,0.4628,0.9780,9.8611,-0.0443,-0.0097,-0.0497
1623961354063,0.4437,0.8105,9.8109,-0.0663,-0.0048,-0.0448
1623961354064,0.4006,0.7339,9.8061,-0.0822,-0.0036,-0.0521
1623961354074,0.3576,0.7315,9.8659,-0.0785,-0.0109,-0.0472
1623961354075,0.4078,0.7650,9.8851,-0.0492,-0.0182,-0.0485
1623961354080,0.4628,0.9421,9.9545,-0.0259,-0.0231,-0.0692
1623961354090,0.5514,0.9947,10.0238,-0.0296,-0.0109,-0.0814
1623961354097,0.6279,0.9708,10.0382,-0.0553,0.0062,-0.0814
1623961354110,0.6926,1.0067,10.0191,-0.0797,0.0233,-0.0888
1623961354120,0.7787,1.0258,10.0334,-0.0932,0.0428,-0.1022
1623961354127,0.7763,0.9708,9.9329,-0.0993,0.0624,-0.1193
1623961354142,0.7715,0.9229,9.8659,-0.1029,0.0758,-0.1425
1623961354146,0.7859,0.9110,9.8300,-0.1054,0.0819,-0.1596
1623961354158,0.8266,0.9134,9.8444,-0.1090,0.0917,-0.1718
1623961354165,0.8601,0.9756,9.8779,-0.1102,0.1051,-0.1926
1623961354176,0.8888,1.0450,9.9281,-0.1029,0.1174,-0.2195
1623961354184,0.9486,1.0976,9.9281,-0.0993,0.1333,-0.2537
1623961354193,0.9773,1.1862,9.9234,-0.1102,0.1516,-0.2952
1623961354203,0.9007,1.2149,9.8300,-0.1371,0.1699,-0.3331
1623961354216,0.7811,1.2173,9.7678,-0.1762,0.1858,-0.3685
1623961354228,0.6399,1.1335,9.6841,-0.2031,0.1943,-0.4113
1623961354231,0.6256,1.1048,9.7535,-0.2080,0.2005,-0.4638
1623961354243,0.6710,1.2388,9.9186,-0.1970,0.2041,-0.5103
1623961354251,0.7165,1.2508,9.9640,-0.1823,0.2151,-0.5591
1623961354260,0.6854,1.1981,9.9521,-0.1811,0.2371,-0.6178
1623961354271,0.6543,1.1790,9.8731,-0.1860,0.2518,-0.6666
1623961354280,0.5849,1.2675,9.7678,-0.1774,0.2591,-0.7143
1623961354291,0.5633,1.4613,9.6673,-0.1726,0.2579,-0.7742
1623961354298,0.5825,1.6288,9.6171,-0.1872,0.2628,-0.8438
1623961354308,0.5705,1.6767,9.6171,-0.2324,0.2713,-0.9098
1623961354318,0.5921,1.7317,9.6266,-0.2972,0.2786,-0.9709
1623961354328,0.6256,1.8107,9.6123,-0.3595,0.2823,-1.0283
1623961354341,0.6902,1.8370,9.5620,-0.4096,0.2921,-1.1016
1623961354348,0.7165,1.7245,9.5309,-0.4682,0.3031,-1.1896
1623961354358,0.7117,1.5068,9.4998,-0.5379,0.3067,-1.2580
1623961354366,0.7332,0.9612,9.5142,-0.5696,0.3214,-1.3105
1623961354380,0.6567,0.5329,9.7606,-0.5476,0.3422,-1.3691
1623961354387,0.5657,0.5832,10.0502,-0.4743,0.3495,-1.4315
1623961354396,0.5562,0.7865,10.1339,-0.3534,0.3519,-1.4999
1623961354405,0.6112,1.1742,10.0693,-0.2935,0.3776,-1.5903
1623961354414,0.5705,1.5451,9.9114,-0.3644,0.4252,-1.6819
1623961354424,0.4102,1.6192,9.6434,-0.5293,0.4741,-1.7564
1623961354436,0.2283,1.5020,9.5070,-0.7370,0.5144,-1.8297
1623961354444,0.0393,1.5164,9.5788,-0.9545,0.5450,-1.9128
1623961354454,-0.1330,1.4805,9.4591,-1.1341,0.5719,-1.9971
1623961354464,-0.2263,0.9588,9.3586,-1.2538,0.6244,-2.0790
1623961354474,-0.2622,-0.1060,9.5190,-1.2428,0.6891,-2.1620
1623961354484,-0.4153,-1.1947,9.7080,-1.0876,0.7368,-2.2072
1623961354493,-0.7216,-1.9819,9.8779,-0.7993,0.7331,-2.2011
1623961354503,-0.9992,-2.2164,10.0023,-0.3949,0.6672,-2.1657
1623961354512,-1.1571,-1.9604,10.0837,0.0180,0.5841,-2.1376
1623961354522,-1.2026,-1.5895,10.0597,0.3405,0.5108,-2.1242
1623961354532,-1.1786,-1.4244,9.9927,0.5128,0.4607,-2.1168
1623961354541,-1.2887,-1.4914,9.7439,0.5189,0.4436,-2.1046
1623961354549,-1.4658,-1.5895,9.5883,0.4346,0.4326,-2.0753
1623961354560,-1.5998,-1.6900,9.5022,0.3699,0.4130,-2.0423
1623961354570,-1.6093,-2.0154,9.6195,0.3638,0.3898,-1.9947
1623961354580,-1.8749,-2.2595,9.5692,0.3833,0.3519,-1.9189
1623961354589,-1.9611,-2.5060,9.6673,0.4248,0.2701,-1.7943
1623961354598,-1.7673,-2.8601,9.9138,0.4896,0.1858,-1.6624
1623961354609,-1.7314,-3.0061,10.0143,0.5006,0.1479,-1.5500
1623961354616,-1.7697,-2.9367,10.0262,0.4749,0.1320,-1.4229
1623961354626,-1.8103,-2.8410,9.8827,0.5104,0.1039,-1.2971
1623961354636,-1.8773,-2.5682,9.6099,0.5983,0.0648,-1.1944
1623961354645,-1.9348,-2.2715,9.3036,0.7229,0.0013,-1.1040
1623961354654,-1.8821,-1.9293,9.0380,0.8231,-0.0720,-1.0161
1623961354666,-1.8295,-1.4172,8.7150,0.8219,-0.1489,-0.9318
1623961354676,-1.4969,-1.2809,8.6671,0.7071,-0.2064,-0.8621
1623961354685,-1.0757,-1.5464,8.7054,0.4908,-0.2100,-0.7827
1623961354695,-0.7814,-1.9197,8.9543,0.2514,-0.1893,-0.6886
1623961354704,-0.7527,-2.2523,9.2773,0.1524,-0.1966,-0.6202
1623961354714,-0.8197,-2.2547,9.5357,0.1988,-0.2283,-0.5738
1623961354724,-0.8963,-1.9939,9.8540,0.3088,-0.2711,-0.5164
1623961354733,-0.9513,-1.7546,9.8205,0.4077,-0.3090,-0.4370
1623961354742,-0.9609,-1.4436,9.7559,0.4530,-0.3212,-0.3563
1623961354752,-0.8699,-1.3287,9.7391,0.5043,-0.3212,-0.3099
1623961354762,-0.5756,-1.4244,10.0956,0.5605,-0.3078,-0.2781
1623961354772,-0.2000,-1.4627,10.2966,0.5715,-0.2699,-0.2439
1623961354781,0.1063,-1.2928,10.4330,0.5336,-0.2113,-0.2171
1623961354789,0.1972,-1.1732,10.2727,0.4762,-0.1587,-0.1841
1623961354800,0.1853,-1.0679,9.9425,0.4016,-0.1221,-0.1548
1623961354810,0.1829,-0.9004,9.7559,0.3002,-0.1001,-0.1132
1623961354820,0.0609,-0.6635,9.6697,0.2306,-0.1025,-0.0570
1623961354829,-0.1904,-0.4721,9.2701,0.1793,-0.1245,-0.0204
1623961354838,-0.2717,-0.6372,8.9638,0.1158,-0.1660,0.0041
1623961354849,-0.2741,-1.0822,8.6552,0.0327,-0.1954,0.0774
1623961354857,-0.4273,-1.1205,8.6671,0.0266,-0.2418,0.1580
1623961354870,-0.5661,-0.6085,8.9255,0.1255,-0.3114,0.1653
1623961354876,-0.5876,0.0878,9.3060,0.2453,-0.3689,0.1421
1623961354887,-0.4273,0.6693,9.7032,0.2709,-0.3921,0.1287
1623961354896,-0.2885,1.0665,9.8587,0.2025,-0.3774,0.1079
1623961354904,-0.2215,0.8655,9.9640,0.0999,-0.3371,0.0664
1623961354914,-0.1928,0.2553,9.9234,-0.0150,-0.2882,0.0346
1623961354924,-0.3100,0.0424,9.8348,-0.0834,-0.2601,0.0309
1623961354935,-0.4536,0.3104,9.6913,-0.0528,-0.2736,0.0126
1623961354944,-0.2263,0.6502,9.2964,0.0180,-0.2882,-0.0277
1623961354954,-0.2837,0.5640,9.5214,0.0925,-0.2980,-0.0570
1623961354964,-0.1402,0.7459,9.7439,0.0754,-0.3273,-0.0668
1623961354973,-0.2215,0.4898,10.0550,0.0351,-0.3151,-0.0998
1623961354984,0.0489,0.0902,10.1148,-0.0027,-0.2870,-0.1205
1623961354992,0.0489,-0.2448,10.3493,0.0241,-0.2809,-0.1010
1623961355002,-0.0516,-0.2974,10.3086,0.0620,-0.2882,-0.0814
1623961355012,0.0441,-0.1945,10.3421,0.1121,-0.2833,-0.0362
1623961355021,0.1805,0.2266,10.3397,0.2037,-0.2833,-0.0216
1623961355030,0.1757,0.8296,10.1842,0.2562,-0.2760,-0.0607
1623961355040,0.2714,1.3177,9.8564,0.1939,-0.2540,-0.1095
1623961355050,0.3958,1.2220,9.6003,0.0339,-0.2088,-0.1560
1623961355059,0.3576,0.9421,9.5812,-0.1640,-0.1685,-0.1804
1623961355069,0.1972,0.6454,9.5237,-0.3241,-0.1367,-0.1767
1623961355077,0.0465,0.3415,9.7247,-0.3949,-0.1160,-0.1816
1623961355089,-0.0827,0.0902,10.1507,-0.3497,-0.1111,-0.1999
1623961355098,-0.0708,0.1740,10.5287,-0.2935,-0.1160,-0.2207
1623961355109,0.0585,0.1118,10.9068,-0.2507,-0.0866,-0.2281
1623961355116,0.0513,0.2817,10.9116,-0.2300,-0.0146,-0.2549
1623961355125,0.0226,0.4587,10.5646,-0.2495,0.0661,-0.3099
1623961355135,-0.0061,0.3941,10.4761,-0.2544,0.1455,-0.3539
1623961355144,-0.2574,0.5186,10.5048,-0.2923,0.1931,-0.3649
1623961355154,-0.3962,0.6310,10.2392,-0.3668,0.2200,-0.3698
1623961355163,-0.4656,0.5114,10.2392,-0.5036,0.2774,-0.3881
1623961355175,-0.4010,0.2888,10.4833,-0.6906,0.3544,-0.4162
1623961355185,-0.4823,-0.3381,10.6579,-0.8360,0.4265,-0.4272
1623961355196,-0.6307,-1.0535,10.8278,-0.9007,0.4717,-0.4137
1623961355204,-0.7096,-1.3263,10.9068,-0.8555,0.4937,-0.3857
1623961355213,-0.7072,-1.0488,10.8948,-0.7199,0.5010,-0.3490
1623961355223,-0.8867,-0.3548,10.6029,-0.5513,0.4986,-0.3270
1623961355232,-0.9322,-0.0509,9.7439,-0.4426,0.4851,-0.3270
1623961355242,-0.9202,-0.3931,9.7008,-0.4536,0.5010,-0.3453
1623961355252,-0.9585,-0.3979,9.9377,-0.6075,0.5389,-0.3392
1623961355262,-0.8030,-0.4003,9.9664,-0.7798,0.5755,-0.3209
1623961355271,-0.8269,-1.2378,10.1100,-0.8763,0.6195,-0.3221
1623961355281,-1.1882,-1.9556,10.4426,-0.9313,0.6146,-0.3123
1623961355290,-1.2743,-1.7786,10.6005,-0.9777,0.5658,-0.2928
1623961355300,-1.1954,-1.3431,10.3588,-1.0424,0.5511,-0.2830
1623961355310,-1.1667,-1.4101,9.9138,-1.0974,0.5755,-0.2647
1623961355319,-1.4012,-1.2521,9.4065,-1.0999,0.5926,-0.2391
1623961355329,-1.2863,-0.9339,9.4639,-1.0937,0.5890,-0.2733
1623961355339,-1.3629,-0.7999,9.4017,-1.1658,0.6024,-0.3246
1623961355348,-1.4012,-1.2497,9.4256,-1.3711,0.6415,-0.3282
1623961355357,-1.7840,-1.4507,9.2534,-1.6655,0.6342,-0.3050
1623961355366,-1.6955,-1.5369,9.1983,-1.9819,0.5829,-0.3050
1623961355378,-1.5328,-1.7355,9.1026,-2.3118,0.5462,-0.3417
1623961355384,-1.4418,-2.1782,9.0739,-2.6954,0.5486,-0.3514
1623961355397,-1.4466,-2.7716,9.1864,-3.0070,0.5547,-0.3197
1623961355405,-1.6572,-3.0850,8.9375,-3.2012,0.5376,-0.3075
1623961355413,-1.8845,-2.7596,8.8274,-3.3161,0.5095,-0.3368
1623961355425,-1.9037,-2.3122,8.3776,-3.3588,0.4656,-0.3698
1623961355434,-1.5663,-2.4031,8.0330,-3.3674,0.4680,-0.4064
1623961355444,-1.3246,-3.3339,7.9038,-3.3723,0.5144,-0.4186
1623961355453,-1.1427,-4.4059,7.6908,-3.3710,0.5376,-0.3918
1623961355463,-1.0375,-5.5042,7.8296,-3.3002,0.5499,-0.3600
1623961355473,-1.2145,-6.1048,7.8105,-3.1157,0.5267,-0.3527
1623961355483,-1.2672,-6.1861,7.7052,-2.8604,0.4631,-0.3417
1623961355492,-1.2791,-5.9325,7.5521,-2.6136,0.4045,-0.3282
1623961355502,-1.2672,-5.4372,7.2793,-2.4413,0.3617,-0.3368
1623961355510,-1.3533,-5.3080,7.0424,-2.3130,0.3483,-0.3356
1623961355521,-1.4825,-5.3654,6.5925,-2.2214,0.3214,-0.3282
1623961355531,-1.6596,-5.5090,6.2408,-2.1371,0.2774,-0.3185
1623961355540,-1.5017,-6.0354,5.9058,-2.0357,0.2139,-0.3258
1623961355550,-1.1691,-6.7724,5.8364,-1.9294,0.2053,-0.3490
1623961355560,-0.9106,-7.4113,6.0829,-1.8537,0.2029,-0.3343
1623961355568,-0.8101,-7.7056,6.3126,-1.7339,0.1662,-0.3148
1623961355578,-0.7671,-7.6769,6.6189,-1.5323,0.1186,-0.3221
1623961355588,-0.8077,-7.4902,6.8223,-1.3124,0.0648,-0.3539
1623961355598,-0.8101,-7.1720,6.6835,-1.1585,0.0123,-0.3759
1623961355608,-0.8771,-6.8011,6.2695,-1.0742,-0.0280,-0.3673
1623961355617,-0.9011,-6.4781,5.8627,-1.0827,-0.0744,-0.3710
1623961355625,-0.7216,-6.3704,5.4488,-1.1964,-0.1160,-0.3795
1623961355634,-0.4704,-6.9997,5.2932,-1.3063,-0.1001,-0.3795
1623961355644,-0.2837,-8.0262,5.6258,-1.3283,-0.0414,-0.3869
1623961355654,-0.0708,-8.8398,6.0757,-1.1939,-0.0011,-0.4027
1623961355667,0.1207,-8.9594,6.3437,-0.9215,-0.0011,-0.3979
1623961355675,0.1422,-8.3947,6.3748,-0.6380,-0.0304,-0.3795
1623961355685,0.0824,-7.4711,6.0853,-0.4658,-0.0720,-0.3649
1623961355694,-0.0588,-7.1409,5.6593,-0.4658,-0.0988,-0.3282
1623961355704,-0.2765,-7.4974,5.3291,-0.5916,-0.0903,-0.2781
1623961355713,-0.3363,-8.0741,5.1162,-0.7345,-0.0842,-0.2378
1623961355723,-0.3363,-8.5383,5.0898,-0.7663,-0.0854,-0.2073
1623961355733,-0.3053,-8.5263,5.2215,-0.6979,-0.0988,-0.1926
1623961355741,-0.2885,-8.2009,5.3076,-0.5623,-0.1025,-0.1963
1623961355750,-0.2981,-7.8492,5.3842,-0.4218,-0.0927,-0.2183
1623961355761,-0.2933,-7.5811,5.2310,-0.3424,-0.0708,-0.2391
1623961355771,-0.1354,-7.7223,5.4464,-0.3277,-0.0536,-0.2195
1623961355781,-0.1545,-8.3540,5.4177,-0.3583,-0.0219,-0.1914
1623961355790,-0.3268,-8.6603,5.5349,-0.4193,0.0013,-0.1731
1623961355800,-0.4632,-8.8493,5.5708,-0.3974,-0.0011,-0.1450
1623961355809,-0.5015,-8.6483,5.3937,-0.3021,-0.0146,-0.1266
1623961355819,-0.5134,-8.2105,5.2358,-0.2202,-0.0146,-0.1328
1623961355829,-0.4751,-7.9879,5.0157,-0.2043,-0.0072,-0.1352
1623961355838,-0.3268,-8.2751,5.1377,-0.2495,0.0147,-0.1108
1623961355848,-0.2215,-8.4545,5.1951,-0.3399,0.0331,-0.0692
1623961355857,-0.1521,-8.5598,5.3148,-0.3802,0.0428,-0.0362
1623961355868,-0.2311,-8.4378,5.3602,-0.3692,0.0428,-0.0240
1623961355876,-0.4129,-8.2535,5.1736,-0.3387,0.0380,-0.0228
1623961355885,-0.6283,-8.3038,5.0564,-0.2788,0.0306,-0.0253
1623961355897,-0.7407,-8.3612,4.9535,-0.1945,0.0099,-0.0387
1623961355904,-0.7958,-8.3492,4.9870,-0.0760,-0.0134,-0.0460
1623961355913,-0.7934,-8.3158,4.9917,0.0498,-0.0439,-0.0411
1623961355924,-0.7695,-8.1770,4.7166,0.1377,-0.0781,-0.0326
1623961355933,-0.6283,-8.1913,4.8027,0.1768,-0.0891,-0.0216
1623961355943,-0.5182,-8.2655,4.8290,0.1866,-0.0976,-0.0179
1623961355953,-0.4704,-8.2344,4.9008,0.1805,-0.0976,-0.0118
1623961355963,-0.4584,-7.9808,4.8817,0.1561,-0.1098,-0.0033
1623961355972,-0.4632,-7.9329,4.9439,0.1426,-0.1184,-0.0033
1623961355995,-0.4919,-8.0980,5.1401,0.1463,-0.1098,-0.0240
1623961355999,-0.5158,-8.2464,5.3363,0.1524,-0.0940,-0.0301
1623961356004,-0.4895,-8.3469,5.3794,0.1829,-0.0842,-0.0289
1623961356009,-0.4345,-8.2153,5.3100,0.1854,-0.0708,-0.0253
1623961356019,-0.4847,-8.0813,5.2382,0.1646,-0.0561,-0.0081
1623961356033,-0.5828,-7.8826,5.1138,0.0962,-0.0536,0.0041
1623961356039,-0.5876,-7.6505,5.0994,-0.0076,-0.0585,0.0102
1623961356048,-0.5685,-7.6817,5.0970,-0.1408,-0.0683,0.0102
1623961356058,-0.4608,-8.0071,5.1353,-0.2642,-0.0744,0.0114
1623961356067,-0.3627,-8.2559,5.1353,-0.3534,-0.0622,0.0126
1623961356077,-0.2981,-8.2942,5.2023,-0.3656,-0.0500,0.0053
1623961356089,-0.3029,-8.2559,5.2837,-0.3106,-0.0378,-0.0130
1623961356096,-0.3818,-8.1554,5.1856,-0.2520,-0.0195,-0.0399
1623961356106,-0.4201,-8.0621,5.1305,-0.1970,0.0038,-0.0607
1623961356120,-0.3244,-8.0956,5.1377,-0.1652,0.0160,-0.0656
1623961356129,-0.2095,-8.1291,5.0803,-0.1603,0.0209,-0.0472
1623961356139,-0.2119,-8.0478,4.9439,-0.1481,0.0294,-0.0265
1623961356144,-0.2383,-7.9281,4.8960,-0.1139,0.0343,-0.0277
1623961356158,-0.2478,-8.0047,4.7477,-0.0724,0.0209,-0.0253
1623961356163,-0.1808,-8.4761,4.8242,-0.0150,0.0038,-0.0069
1623961356174,-0.1378,-8.8159,4.9989,0.0791,0.0111,0.0053
1623961356192,-0.2430,-8.8230,5.2262,0.2770,0.0209,0.0004
1623961356193,-0.2933,-8.5383,5.2813,0.5641,0.0147,-0.0191
1623961356202,-0.3196,-8.2775,5.2861,0.8500,-0.0011,-0.0350
1623961356211,-0.2646,-8.0430,5.4775,1.0663,-0.0060,-0.0423
1623961356224,-0.2000,-7.9401,5.8197,1.2104,-0.0048,-0.0436
1623961356230,-0.0875,-7.9568,5.9513,1.2813,0.0050,-0.0375
1623961356242,-0.0660,-8.0884,5.9010,1.3106,0.0209,-0.0106
1623961356251,-0.2598,-7.9305,5.7072,1.2788,0.0147,0.0224
1623961356259,-0.5613,-8.0669,5.2047,1.2275,-0.0451,0.0480
1623961356269,-0.5613,-8.5574,4.6304,1.1518,-0.1196,0.0688
1623961356278,-0.4584,-8.6914,4.6711,1.0345,-0.1526,0.1042
1623961356292,-0.6259,-8.1578,5.2502,0.9661,-0.1758,0.1250
1623961356299,-0.7384,-7.4184,5.8197,0.9258,-0.2259,0.1226
1623961356307,-0.6905,-6.8202,6.1714,0.7901,-0.2528,0.1104
1623961356318,-0.7240,-6.6934,6.3245,0.5519,-0.2173,0.1042
1623961356328,-0.7647,-6.9782,6.5543,0.3222,-0.1477,0.0945
1623961356336,-0.7742,-7.1528,6.7959,0.1671,-0.0903,0.0700
1623961356347,-0.7575,-7.2605,6.9323,0.1206,-0.0573,0.0578
1623961356356,-0.8173,-7.3108,6.6882,0.1292,-0.0549,0.0529
1623961356367,-0.8628,-7.2749,6.3868,0.1206,-0.0610,0.0370
1623961356375,-0.9585,-7.0404,6.0709,0.0693,-0.0488,0.0322
1623961356384,-0.8604,-6.9590,6.1212,0.0082,-0.0304,0.0261
1623961356396,-0.7336,-7.1337,6.3245,-0.0565,0.0013,0.0175
1623961356403,-0.6474,-7.2486,6.4920,-0.1298,0.0233,0.0078
1623961356413,-0.5397,-7.1457,6.4944,-0.2080,0.0209,0.0065
1623961356423,-0.3340,-7.1863,6.5710,-0.2886,0.0306,0.0114
1623961356432,-0.2765,-7.1241,6.7002,-0.3961,0.0648,0.0163
1623961356442,-0.3603,-7.0093,6.5997,-0.4511,0.0844,0.0053
1623961356452,-0.5374,-7.0236,6.1523,-0.4328,0.0795,-0.0106
1623961356462,-0.3962,-7.2749,5.9848,-0.3754,0.0844,-0.0277
1623961356472,-0.2335,-7.6625,6.0781,-0.2886,0.1015,-0.0240
1623961356482,-0.1042,-7.8420,6.1929,-0.1701,0.1137,-0.0094
1623961356491,-0.0301,-7.8683,6.1164,-0.0369,0.1100,0.0065
1623961356499,-0.0109,-7.8946,6.2647,0.0901,0.1051,0.0212
1623961356509,-0.2598,-7.5955,5.8986,0.1500,0.0917,0.0432
1623961356519,-0.2215,-7.5189,5.5445,0.1768,0.0612,0.0774
1623961356530,-0.1306,-7.5979,5.5445,0.2318,0.0477,0.0859
1623961356540,-0.1090,-7.6051,5.8843,0.2880,0.0551,0.0835
1623961356549,-0.2215,-7.5883,6.1092,0.3919,0.0502,0.0847
1623961356559,-0.2383,-7.8085,6.2934,0.4945,0.0416,0.0884
1623961356568,-0.2478,-8.1554,6.1858,0.5482,0.0575,0.1116
1623961356578,-0.4321,-8.1076,6.0087,0.5788,0.0624,0.1482
1623961356587,-0.6666,-7.5931,5.7933,0.6912,0.0319,0.1433
1623961356597,-0.8030,-7.1313,5.6115,0.7914,-0.0219,0.1336
1623961356607,-0.7336,-6.7317,5.7407,0.7547,-0.0463,0.1433
1623961356616,-0.6426,-6.5044,6.0637,0.6032,-0.0561,0.1543
1623961356626,-0.5158,-6.8418,6.0087,0.4187,-0.0646,0.1580
1623961356634,-0.3842,-7.3634,6.2958,0.2917,-0.0341,0.1446
1623961356643,-0.5589,-7.2103,6.5040,0.2905,-0.0182,0.1128
1623961356653,-0.8053,-6.8442,6.2982,0.4322,-0.0781,0.0859
1623961356662,-0.7742,-6.6121,6.4107,0.5348,-0.1147,0.0896
1623961356676,-0.7742,-6.4805,6.4131,0.5165,-0.1147,0.0896
1623961356683,-0.7742,-6.7508,6.4442,0.4700,-0.0952,0.0798
1623961356693,-0.7479,-6.9901,6.3939,0.4566,-0.0940,0.0774
1623961356703,-0.6450,-7.0619,6.4633,0.4859,-0.1037,0.0859
1623961356712,-0.5589,-7.0475,6.7146,0.5482,-0.0976,0.0957
1623961356722,-0.4751,-6.8705,6.9491,0.6044,-0.0842,0.1091
1623961356732,-0.4249,-6.6671,6.9921,0.6472,-0.0781,0.1104
1623961356741,-0.4656,-6.6097,7.0137,0.6545,-0.0573,0.1018
1623961356751,-0.6115,-6.5714,6.9706,0.6154,-0.0378,0.0945
1623961356760,-0.7479,-6.5929,6.7911,0.5788,-0.0378,0.0945
1623961356770,-0.7910,-6.5762,6.6284,0.5275,-0.0488,0.0969
1623961356780,-0.7790,-6.6192,6.6476,0.4921,-0.0463,0.0945
1623961356789,-0.7384,-6.7030,6.9754,0.4859,-0.0329,0.0957
1623961356799,-0.7312,-6.6384,7.1812,0.4908,-0.0317,0.1030
1623961356808,-0.7168,-6.6097,7.3702,0.5116,-0.0341,0.1067
1623961356818,-0.7623,-6.5139,7.4803,0.5226,-0.0280,0.1055
1623961356829,-0.7766,-6.4206,7.4444,0.5263,-0.0268,0.0993
1623961356837,-0.8101,-6.2771,7.3271,0.5140,-0.0268,0.0932
1623961356847,-0.7910,-6.2866,7.1955,0.4957,-0.0255,0.0969
1623961356856,-0.7862,-6.2818,7.1908,0.4688,-0.0182,0.1055
1623961356867,-0.7766,-6.1550,7.2697,0.4248,-0.0134,0.1067
1623961356875,-0.7647,-6.2220,7.4348,0.4114,-0.0023,0.1067
1623961356887,-0.7551,-6.2771,7.5903,0.4016,0.0135,0.1079
1623961356895,-0.7623,-6.2938,7.6693,0.3992,0.0221,0.1079
1623961356903,-0.7719,-6.3201,7.7507,0.4371,0.0343,0.1055
1623961356913,-0.7551,-6.2364,7.6358,0.4884,0.0245,0.1018
1623961356922,-0.6738,-6.2579,7.5856,0.5385,0.0184,0.1128
1623961356934,-0.7599,-6.1861,7.5449,0.5702,0.0050,0.1238
1623961356943,-0.8245,-6.0019,7.4803,0.5763,-0.0170,0.1238
1623961356951,-0.8149,-5.8152,7.4731,0.5556,-0.0329,0.1226
1623961356962,-0.8053,-5.6621,7.4659,0.5043,-0.0463,0.1250
1623961356972,-0.8197,-5.6047,7.4779,0.4456,-0.0549,0.1275
1623961356982,-0.8317,-5.6597,7.5233,0.3748,-0.0610,0.1287
1623961356992,-0.8963,-5.5497,7.5545,0.3149,-0.0659,0.1140
1623961357001,-0.9298,-5.4396,7.6143,0.2672,-0.0646,0.0920
1623961357011,-0.9130,-5.2793,7.7052,0.2245,-0.0659,0.0749
1623961357020,-0.8436,-5.1668,7.7818,0.1719,-0.0573,0.0542
1623961357030,-0.7671,-5.3558,7.8464,0.1096,-0.0353,0.0468
1623961357039,-0.7168,-5.6047,7.8583,0.0266,-0.0097,0.0456
1623961357049,-0.6857,-5.7913,7.9182,-0.0357,0.0160,0.0407
1623961357058,-0.6187,-5.8846,7.9636,-0.0528,0.0294,0.0346
1623961357067,-0.5374,-5.9803,7.9349,-0.0528,0.0404,0.0346
1623961357078,-0.4273,-6.0402,7.9493,-0.0541,0.0575,0.0444
1623961357087,-0.4297,-5.9971,7.9206,-0.0687,0.0685,0.0603
1623961357096,-0.5062,-6.0091,7.8799,-0.1005,0.0771,0.0822
1623961357107,-0.5661,-6.1383,7.8966,-0.1249,0.0942,0.1030
1623961357116,-0.5350,-6.2962,7.8440,-0.1652,0.1113,0.1275
1623961357126,-0.4105,-6.5690,7.8392,-0.1774,0.1296,0.1556
1623961357134,-0.3316,-6.6815,7.8536,-0.1836,0.1382,0.1922
1623961357143,-0.1617,-6.7317,7.8248,-0.1872,0.1418,0.2399
1623961357153,-0.1210,-6.6719,7.7315,-0.2068,0.1491,0.2924
1623961357162,-0.1138,-6.6408,7.7124,-0.2361,0.1614,0.3364
1623961357172,-0.1545,-6.7389,7.7124,-0.2630,0.1797,0.3755
1623961357183,-0.1904,-6.8872,7.6717,-0.2801,0.1919,0.4133
1623961357193,-0.2383,-7.0164,7.6502,-0.2740,0.1907,0.4585
1623961357203,-0.2813,-7.0452,7.5353,-0.2630,0.1772,0.5074
1623961357212,-0.3699,-6.8920,7.4659,-0.2788,0.1504,0.5575
1623961357222,-0.5062,-6.5690,7.3582,-0.3216,0.1223,0.6064
1623961357231,-0.6235,-6.2699,7.2482,-0.3778,0.0990,0.6406
1623961357241,-0.7766,-6.2316,7.2075,-0.4230,0.0844,0.6711
1623961357251,-0.8915,-6.4876,7.1620,-0.4548,0.0807,0.6907
1623961357260,-0.8221,-6.9183,7.0998,-0.4450,0.0710,0.7029
1623961357270,-0.7288,-7.0811,7.0807,-0.4340,0.0502,0.7334
1623961357279,-0.6091,-6.8801,7.0544,-0.4462,0.0074,0.7811
1623961357289,-0.5661,-6.5499,6.9969,-0.4841,-0.0231,0.8177
1623961357299,-0.6068,-6.4446,6.9826,-0.5403,-0.0317,0.8422
1623961357308,-0.8197,-6.5881,7.0161,-0.5880,-0.0231,0.8593
1623961357318,-1.1619,-6.9040,6.9850,-0.5965,-0.0329,0.8727
1623961357327,-1.4418,-7.1528,6.9156,-0.5513,-0.0659,0.8935
1623961357337,-1.5208,-7.0763,6.7768,-0.5049,-0.1160,0.9265
1623961357347,-1.5495,-6.5762,6.5231,-0.5269,-0.1746,0.9546
1623961357356,-1.5328,-6.1383,6.3844,-0.6026,-0.2198,0.9680
1623961357366,-1.4706,-5.9851,6.4705,-0.6796,-0.2320,0.9668
1623961357376,-1.4562,-6.2077,6.7074,-0.7199,-0.2235,0.9497
1623961357385,-1.5280,-6.4637,6.7768,-0.6808,-0.2247,0.9289
1623961357399,-1.6883,-6.4757,6.7265,-0.5794,-0.2455,0.9057
1623961357403,-1.9252,-6.3656,6.5806,-0.4499,-0.2748,0.8910
1623961357412,-2.1190,-6.1598,6.3078,-0.3473,-0.3053,0.8776
1623961357422,-2.2195,-6.0354,6.0446,-0.3265,-0.3347,0.8642
1623961357434,-2.3152,-5.8942,5.9393,-0.3876,-0.3689,0.8483
1623961357441,-2.3727,-5.8105,5.9106,-0.5024,-0.4153,0.8312
1623961357452,-2.3272,-5.6119,6.0733,-0.6674,-0.4727,0.8104
1623961357461,-2.3296,-5.2386,6.2815,-0.8641,-0.5240,0.7811
1623961357471,-2.2410,-5.1213,6.4705,-1.0632,-0.5484,0.7347
1623961357481,-2.2745,-5.2721,6.4753,-1.2318,-0.5338,0.6943
1623961357491,-2.4181,-5.4204,6.3485,-1.3564,-0.5045,0.6516
1623961357501,-2.6478,-5.7985,6.2312,-1.3356,-0.4764,0.5807
1623961357510,-2.8704,-6.2316,6.1259,-1.1732,-0.4544,0.5050
1623961357519,-3.0020,-6.2794,6.0613,-0.9496,-0.4739,0.4500
1623961357528,-3.0618,-5.9134,6.1188,-0.7761,-0.5228,0.4097
1623961357538,-2.9278,-5.4970,6.3557,-0.7553,-0.5851,0.3694
1623961357549,-2.6909,-5.2242,6.5901,-0.9801,-0.6108,0.3400
1623961357558,-2.6622,-5.0328,6.4370,-1.3735,-0.5863,0.3181
1623961357567,-2.7746,-5.2314,6.1977,-1.7559,-0.5191,0.2594
1623961357577,-2.9780,-5.6525,5.8938,-1.9819,-0.4544,0.1739
1623961357587,-3.1766,-6.1287,5.6857,-2.0027,-0.4116,0.0945
1623961357597,-3.2771,-6.4517,5.5493,-1.8121,-0.4092,0.0175
1623961357606,-3.2221,-6.4972,5.5158,-1.5275,-0.4446,-0.0546
1623961357616,-2.9996,-6.5809,6.0326,-1.2746,-0.4837,-0.1120
1623961357626,-2.6789,-6.5475,6.4227,-1.1573,-0.4984,-0.1462
1623961357633,-2.4731,-6.6767,6.4992,-1.1243,-0.4642,-0.1743
1623961357643,-2.4373,-7.1265,6.3389,-1.0803,-0.3921,-0.2073
1623961357653,-2.5473,-7.5357,6.1307,-0.9838,-0.3237,-0.2232
1623961357663,-2.7005,-7.7726,5.9010,-0.8030,-0.2784,-0.2195
1623961357672,-2.8034,-7.7295,5.6330,-0.5525,-0.2662,-0.2232
1623961357681,-2.7890,-7.5477,5.3124,-0.3485,-0.2821,-0.2293
1623961357693,-2.7746,-7.3610,4.8913,-0.2984,-0.2992,-0.2305
1623961357702,-2.7364,-7.2438,4.7883,-0.4438,-0.3249,-0.2391
1623961357712,-2.4947,-7.2964,4.9080,-0.7333,-0.3481,-0.2586
1623961357720,-2.1358,-7.4352,5.1880,-1.0840,-0.3322,-0.2867
1623961357731,-1.8893,-7.6194,5.4559,-1.3796,-0.2711,-0.3209
1623961357740,-1.8462,-7.9114,5.5110,-1.5116,-0.1941,-0.3539
1623961357748,-1.9300,-8.2487,5.4249,-1.4651,-0.1270,-0.3746
1623961357760,-2.0831,-8.4617,5.1401,-1.2782,-0.0866,-0.3808
1623961357769,-2.0831,-8.6699,4.8577,-0.9984,-0.0793,-0.3759
1623961357779,-1.9515,-8.7895,4.6807,-0.7358,-0.0818,-0.3600
1623961357789,-1.8271,-8.9187,4.6998,-0.5562,-0.0903,-0.3282
1623961357798,-1.6907,-9.2633,4.7333,-0.4426,-0.0915,-0.2977
1623961357808,-1.6357,-9.5983,4.7596,-0.3937,-0.0769,-0.2623
1623961357817,-1.6309,-9.7897,4.7237,-0.3497,-0.0634,-0.2048
1623961357827,-1.6548,-9.8017,4.6902,-0.2385,-0.0524,-0.1621
1623961357837,-1.6692,-9.3877,4.7501,-0.1176,-0.0353,-0.1462
1623961357847,-1.6476,-8.7823,4.7860,0.0058,-0.0146,-0.1486
1623961357856,-1.5830,-8.3421,4.7955,0.0852,-0.0121,-0.1633
1623961357866,-1.6189,-7.6362,4.4366,0.0217,-0.0195,-0.1816
1623961357874,-1.5926,-7.3036,4.0538,-0.1506,-0.0231,-0.1767
1623961357887,-1.4227,-7.6481,3.8887,-0.3668,-0.0146,-0.1694
1623961357892,-1.1906,-8.3971,3.9748,-0.6160,0.0062,-0.1413
1623961357902,-1.1068,-9.5026,4.1495,-0.7798,0.0428,-0.0924
1623961357912,-1.2384,-10.2372,4.2715,-0.7932,0.0771,-0.0582
1623961357923,-1.3318,-10.5889,4.2547,-0.6234,0.0905,-0.0216
1623961357932,-1.3940,-10.5076,4.2332,-0.3289,0.0954,0.0090
1623961357942,-1.3916,-10.0099,4.3026,0.0033,0.1015,0.0273
1623961357952,-1.3796,-9.2944,4.2859,0.2465,0.1076,0.0456
1623961357961,-1.3461,-8.7130,4.1351,0.3687,0.1137,0.0700
1623961357971,-1.3509,-8.4880,4.0538,0.3625,0.1308,0.0969
1623961357981,-1.4131,-8.5694,3.9485,0.2746,0.1455,0.1262
1623961357991,-1.5017,-8.8470,3.9221,0.1707,0.1528,0.1458
1623961358000,-1.5591,-9.1173,3.9485,0.1182,0.1589,0.1531
1623961358010,-1.5734,-9.2896,4.0155,0.1328,0.1528,0.1580
1623961358019,-1.5423,-9.2322,4.1232,0.1952,0.1333,0.1604
1623961358029,-1.4777,-9.0838,4.1160,0.2917,0.1161,0.1592
1623961358038,-1.4586,-8.8996,4.0179,0.3882,0.1125,0.1604
1623961358048,-1.4753,-8.7991,3.9580,0.4725,0.1125,0.1678
1623961358057,-1.5232,-8.8230,4.0035,0.5641,0.1149,0.1751
1623961358067,-1.5734,-8.7249,4.1208,0.6558,0.1137,0.1763
1623961358076,-1.6022,-8.6101,4.2332,0.7486,0.1015,0.1775
1623961358087,-1.6500,-8.3875,4.3457,0.7852,0.0917,0.1837
1623961358096,-1.6931,-8.2224,4.4534,0.7669,0.0929,0.1983
1623961358105,-1.7266,-8.1147,4.5371,0.6973,0.1064,0.2117
1623961358116,-1.7314,-8.0645,4.6639,0.6154,0.1210,0.2142
1623961358124,-1.6907,-8.1171,4.7620,0.5531,0.1369,0.2105
1623961358133,-1.7290,-8.0908,4.7692,0.5323,0.1504,0.2032
1623961358142,-1.7601,-8.0454,4.7453,0.5385,0.1650,0.1934
1623961358152,-1.8606,-8.0286,4.5730,0.5580,0.1736,0.1861
1623961358165,-1.8654,-8.1698,4.6711,0.5580,0.1809,0.1898
1623961358173,-1.9061,-8.1267,4.7860,0.5348,0.1992,0.1947
1623961358183,-2.0329,-7.9832,4.7836,0.5409,0.2102,0.1849
1623961358192,-2.0831,-7.8707,4.8266,0.5421,0.2151,0.1714
1623961358202,-2.1405,-7.8587,4.9247,0.5275,0.2175,0.1641
1623961358211,-2.1597,-7.7774,5.0276,0.4957,0.2310,0.1641
1623961358221,-2.1405,-7.6864,5.1473,0.4627,0.2383,0.1568
1623961358231,-2.1382,-7.6218,5.2382,0.4420,0.2432,0.1494
1623961358240,-2.1884,-7.5213,5.2191,0.4151,0.2542,0.1372
1623961358250,-2.2482,-7.4160,5.1712,0.3809,0.2615,0.1214
1623961358259,-2.2937,-7.4160,5.1281,0.3369,0.2676,0.1140
1623961358269,-2.3224,-7.4663,5.2023,0.2868,0.2701,0.1104
1623961358279,-2.3607,-7.4591,5.2215,0.2477,0.2786,0.0932
1623961358288,-2.3894,-7.4160,5.2908,0.2416,0.2872,0.0664
1623961358296,-2.3631,-7.4687,5.3507,0.2672,0.2933,0.0358
1623961358308,-2.3272,-7.5835,5.3722,0.2978,0.2994,0.0151
1623961358317,-2.3535,-7.5931,5.3674,0.3308,0.3055,0.0078
1623961358327,-2.4181,-7.6218,5.3913,0.3821,0.3080,-0.0008
1623961358337,-2.4899,-7.5285,5.3985,0.4371,0.3104,-0.0216
1623961358346,-2.5425,-7.4184,5.4751,0.5091,0.3104,-0.0411
1623961358355,-2.6000,-7.2797,5.5804,0.5898,0.3141,-0.0656
1623961358363,-2.6430,-7.1385,5.6330,0.6741,0.3129,-0.1047
1623961358374,-2.6550,-7.1696,5.6546,0.7449,0.3190,-0.1462
1623961358383,-2.5808,-7.2557,5.6234,0.7559,0.3263,-0.1706
1623961358393,-2.4636,-7.3251,5.5612,0.7156,0.3300,-0.1718
1623961358402,-2.3990,-7.3299,5.4775,0.6753,0.3263,-0.1718
1623961358411,-2.4157,-7.2844,5.3913,0.6643,0.3129,-0.1890
1623961358421,-2.4540,-7.2509,5.4392,0.6949,0.2994,-0.2195
1623961358431,-2.4420,-7.0691,5.5923,0.7376,0.2909,-0.2549
1623961358440,-2.3918,-6.8801,5.6665,0.8073,0.2823,-0.2891
1623961358451,-2.3559,-6.8418,5.6809,0.9001,0.2823,-0.3221
1623961358460,-2.3009,-6.7987,5.7383,0.9490,0.2799,-0.3551
1623961358470,-2.2865,-6.7891,5.7503,0.9404,0.2701,-0.3698
1623961358478,-2.2793,-6.8705,5.6952,0.9172,0.2518,-0.3771
1623961358490,-2.1908,-7.0332,5.7240,0.8879,0.2371,-0.3954
1623961358500,-2.1262,-7.1720,5.7814,0.8390,0.2273,-0.4089
1623961358509,-2.0759,-7.2222,5.7909,0.7975,0.2139,-0.4040
1623961358519,-2.0544,-7.3132,5.8173,0.7938,0.2029,-0.4101
1623961358529,-2.0161,-7.4041,5.8891,0.8341,0.1956,-0.4296
1623961358538,-2.0401,-7.4017,5.9585,0.8952,0.1895,-0.4382
1623961358546,-2.0855,-7.1169,5.9465,0.9380,0.1674,-0.4370
1623961358557,-2.0951,-6.6240,6.0613,0.9294,0.1455,-0.4345
1623961358567,-2.0879,-6.2029,6.1499,0.8952,0.1284,-0.4431
1623961358577,-2.1334,-6.0067,6.2312,0.8378,0.1284,-0.4663
1623961358586,-2.1645,-6.1407,6.3102,0.7852,0.1308,-0.4919
1623961358596,-2.2410,-6.4852,6.3628,0.7193,0.1259,-0.5066
1623961358605,-2.2698,-6.8920,6.3341,0.6839,0.1100,-0.5152
1623961358615,-2.2219,-7.2629,6.2958,0.6961,0.0929,-0.5078
1623961358623,-2.1023,-7.4591,6.3198,0.7278,0.0746,-0.4956
1623961358632,-1.9922,-7.3586,6.4011,0.7633,0.0465,-0.4846
1623961358642,-1.9970,-7.0787,6.3150,0.8121,0.0111,-0.4663
1623961358652,-1.9587,-6.8035,6.4633,0.8818,-0.0109,-0.4541
1623961358661,-1.9180,-6.4422,6.6835,0.9490,-0.0268,-0.4834
1623961358671,-1.9539,-6.0521,6.7911,0.9758,-0.0463,-0.5188
1623961358682,-2.0042,-5.7698,6.8175,0.9258,-0.0683,-0.5323
1623961358692,-1.9037,-5.6932,6.8151,0.7852,-0.0818,-0.5164
1623961358701,-1.7601,-5.8129,6.9204,0.5702,-0.0793,-0.4993
1623961358711,-1.6524,-5.9923,6.9682,0.3552,-0.0622,-0.4919
1623961358721,-1.5184,-6.2938,7.0304,0.2184,-0.0390,-0.4932
1623961358730,-1.4299,-6.8896,7.0974,0.2318,-0.0097,-0.5042
1623961358740,-1.2576,-7.1433,7.1429,0.3454,0.0038,-0.5201
1623961358750,-1.2097,-7.0332,7.1070,0.5091,0.0001,-0.5115
1623961358759,-1.2720,-6.8609,7.0998,0.6900,-0.0195,-0.4944
1623961358769,-1.2767,-6.5451,7.1357,0.8170,-0.0451,-0.4785
1623961358778,-1.2552,-6.2316,7.2482,0.8500,-0.0561,-0.4565
1623961358788,-1.1667,-6.0617,7.3846,0.7938,-0.0524,-0.4467
1623961358797,-1.0087,-5.9181,7.4205,0.6777,-0.0353,-0.4467
1623961358807,-0.7719,-5.9588,7.4540,0.5091,-0.0085,-0.4370
1623961358817,-0.4991,-6.1143,7.4851,0.3308,0.0294,-0.4162
1623961358826,-0.3603,-6.1933,7.6573,0.1939,0.0697,-0.3991
1623961358836,-0.4249,-6.1670,7.6238,0.1561,0.0954,-0.3783
1623961358846,-0.5493,-6.1646,7.6119,0.2453,0.1113,-0.3734
1623961358855,-0.6953,-6.2340,7.5305,0.4285,0.1149,-0.3893
1623961358865,-0.7814,-6.2675,7.7243,0.6228,0.0978,-0.3991
1623961358875,-0.7096,-6.2436,7.8177,0.7229,0.0758,-0.3612
1623961358883,-0.5278,-6.1502,7.9660,0.7181,0.0758,-0.3038
1623961358897,-0.4225,-5.9947,8.0235,0.6509,0.0856,-0.2647
1623961358902,-0.3962,-5.9851,8.0354,0.5666,0.0990,-0.2354
1623961358911,-0.4273,-6.0928,8.0019,0.5275,0.1272,-0.2122
1623961358924,-0.4727,-6.1287,8.1263,0.5873,0.1626,-0.1999
1623961358932,-0.5517,-6.0713,8.3393,0.7584,0.1931,-0.2024
1623961358940,-0.6594,-5.8918,8.5571,0.9966,0.2090,-0.2048
1623961358950,-0.7336,-5.5975,8.5092,1.2202,0.2078,-0.1987
1623961358961,-0.6139,-5.3821,8.2771,1.3118,0.2090,-0.1792
1623961358971,-0.5541,-5.3104,8.0641,1.2471,0.2237,-0.1462
1623961358979,-0.6331,-5.2170,7.9086,1.0565,0.2359,-0.1071
1623961359036,-0.7407,-5.2218,7.8248,0.8256,0.2518,-0.0717
1623961359037,-0.8676,-5.5090,7.7387,0.6606,0.2689,-0.0485
1623961359038,-1.0159,-5.8105,7.8416,0.6057,0.2884,-0.0546
1623961359039,-1.1499,-6.0402,7.9899,0.7022,0.2689,-0.0643
1623961359040,-1.3102,-5.9038,8.0881,0.8732,0.2029,-0.0497
1623961359040,-1.3270,-5.4515,8.1072,1.0333,0.1186,-0.0167
1623961359049,-1.3461,-4.8485,8.0881,1.0858,0.0428,0.0053
1623961359055,-1.3389,-4.2671,8.1718,0.9966,-0.0121,0.0163
1623961359066,-1.3677,-3.8412,8.2340,0.7755,-0.0402,0.0212
1623961359076,-1.3844,-3.6737,8.2388,0.4798,-0.0488,0.0199
1623961359086,-1.3868,-3.7957,8.1838,0.1805,-0.0451,0.0114
1623961359095,-1.3222,-4.1163,8.1598,-0.0418,-0.0317,-0.0033
1623961359105,-1.3748,-4.5566,8.2914,-0.1518,-0.0268,-0.0069
1623961359114,-1.3892,-4.7648,8.3058,-0.1445,-0.0500,-0.0118
1623961359123,-1.3677,-4.8055,8.3728,-0.0577,-0.0866,-0.0155
1623961359132,-1.3605,-4.6858,8.4278,0.0571,-0.1270,-0.0094
1623961359142,-1.3557,-4.5566,8.4087,0.1231,-0.1563,-0.0045
1623961359151,-1.4083,-4.5399,8.2986,0.1316,-0.1673,-0.0069
1623961359161,-1.3964,-4.6739,8.2795,0.1096,-0.1673,-0.0069
1623961359170,-1.4347,-4.6834,8.3776,0.0950,-0.1709,-0.0033
1623961359182,-1.3653,-4.5159,8.5427,0.1158,-0.1795,-0.0118
1623961359191,-1.2791,-4.2982,8.6336,0.1548,-0.1880,-0.0216
1623961359201,-1.1834,-4.0948,8.6360,0.1548,-0.1880,-0.0216
1623961359210,-1.1356,-4.0039,8.5810,0.1231,-0.1758,-0.0204
1623961359220,-1.1404,-4.0493,8.4996,0.0815,-0.1489,-0.0289
1623961359230,-1.1714,-4.2910,8.6001,0.0657,-0.1270,-0.0399
1623961359239,-1.2672,-4.5662,8.5044,0.1096,-0.1196,-0.0509
1623961359249,-1.1691,-4.7744,8.4901,0.2025,-0.1111,-0.0643
1623961359257,-1.1356,-4.7648,8.6336,0.3308,-0.1098,-0.0704
1623961359268,-0.9489,-4.5447,8.7485,0.4493,-0.1318,-0.0729
1623961359278,-0.9035,-4.3197,8.6001,0.4981,-0.1404,-0.0680
1623961359287,-0.8245,-3.8460,8.6193,0.4615,-0.1550,-0.0582
1623961359297,-0.6761,-3.6378,8.5618,0.3760,-0.1538,-0.0497
1623961359307,-0.6714,-3.7120,8.4135,0.2697,-0.1392,-0.0460
1623961359317,-0.5948,-4.0350,8.4613,0.1768,-0.1123,-0.0411
1623961359326,-0.6809,-4.4370,8.6145,0.1646,-0.0940,-0.0375
1623961359336,-0.7910,-4.3819,8.6934,0.2416,-0.1111,-0.0472
1623961359345,-0.6331,-4.0517,8.6264,0.3699,-0.1526,-0.0497
1623961359354,-0.5158,-3.9297,8.6504,0.4725,-0.1795,-0.0399
1623961359364,-0.5158,-3.9584,8.7628,0.4664,-0.1819,-0.0216
1623961359373,-0.3914,-4.2360,8.8873,0.4004,-0.1538,0.0078
1623961359386,-0.3148,-4.5614,8.8849,0.3845,-0.1184,0.0309
1623961359392,-0.3124,-4.5638,8.8753,0.4358,-0.1123,0.0444
1623961359402,-0.3531,-4.4035,8.5475,0.5544,-0.1331,0.0603
1623961359411,-0.0947,-4.1474,8.4015,0.6851,-0.1404,0.0871
1623961359420,-0.2095,-4.1474,8.9662,0.8207,-0.1147,0.1067
1623961359432,-0.5589,-3.8148,9.1481,0.8586,-0.1233,0.1055
1623961359440,-0.3962,-3.3961,9.1577,0.8451,-0.1221,0.1226
1623961359449,-0.2885,-3.1496,9.0571,0.7669,-0.1135,0.1384
1623961359460,-0.2287,-2.9893,9.0237,0.6105,-0.0903,0.1323
1623961359470,-0.3603,-3.0491,9.0356,0.4407,-0.0598,0.1336
1623961359479,-0.4919,-3.1951,8.9064,0.3320,-0.0536,0.1250
1623961359489,-0.5876,-3.1855,8.8753,0.2489,-0.0585,0.1055
1623961359499,-0.5469,-3.1544,8.8298,0.2098,-0.0720,0.0932
1623961359509,-0.5182,-3.2166,8.9303,0.1719,-0.0634,0.0847
1623961359518,-0.5230,-3.2334,9.1361,0.1622,-0.0488,0.0639
1623961359526,-0.5254,-3.1209,9.2246,0.1793,-0.0463,0.0493
1623961359537,-0.5086,-3.0539,9.2749,0.1964,-0.0427,0.0407
1623961359546,-0.4727,-3.1281,9.3658,0.2001,-0.0304,0.0346
1623961359556,-0.4775,-3.1855,9.4496,0.1548,-0.0109,0.0358
1623961359566,-0.4991,-3.0563,9.3706,0.1084,-0.0011,0.0309
1623961359576,-0.5134,-2.9774,9.1600,0.0705,-0.0060,0.0261
1623961359585,-0.5158,-3.0013,9.1002,0.0620,-0.0023,0.0163
1623961359595,-0.4943,-3.1879,9.2151,0.0583,0.0111,0.0078
1623961359605,-0.4488,-3.2214,9.3036,0.0315,0.0270,0.0004
1623961359614,-0.3866,-3.2741,9.3682,-0.0003,0.0355,0.0065
1623961359623,-0.3459,-3.2860,9.3132,-0.0357,0.0416,0.0187
1623961359632,-0.3770,-3.3291,9.3539,-0.0980,0.0600,0.0261
1623961359642,-0.3842,-3.5014,9.2797,-0.1298,0.0710,0.0334
1623961359651,-0.3244,-3.6761,9.2749,-0.1298,0.0881,0.0517
1623961359661,-0.3053,-3.7670,9.3012,-0.0834,0.1039,0.0664
1623961359670,-0.3029,-3.8029,9.3802,-0.0089,0.1100,0.0847
1623961359682,-0.3675,-3.6545,9.3754,0.0437,0.1088,0.1079
1623961359691,-0.3603,-3.4464,9.3132,0.0363,0.1100,0.1287
1623961359700,-0.4010,-3.3722,9.2988,-0.0162,0.1272,0.1446
1623961359709,-0.3986,-3.3722,9.1194,-0.1078,0.1430,0.1568
1623961359719,-0.2574,-3.5684,9.0380,-0.1897,0.1724,0.1690
1623961359730,-0.1473,-3.8220,9.0859,-0.2471,0.2102,0.1861
1623961359739,-0.0875,-3.9273,9.1624,-0.2935,0.2383,0.2069
1623961359748,-0.1306,-3.9489,9.1170,-0.3008,0.2444,0.2301
1623961359758,-0.1856,-3.9129,9.0595,-0.3167,0.2457,0.2618
1623961359768,-0.4081,-3.8340,9.0524,-0.3375,0.2566,0.2912
1623961359778,-0.5134,-3.8412,9.0141,-0.3680,0.2579,0.3156
1623961359787,-0.5637,-4.0087,8.9782,-0.3998,0.2750,0.3413
1623961359797,-0.5589,-4.0805,8.8920,-0.4365,0.2823,0.3718
1623961359805,-0.5374,-4.0446,8.8107,-0.4914,0.2762,0.4084
1623961359816,-0.5397,-4.0828,8.7604,-0.5415,0.2725,0.4414
1623961359825,-0.5302,-4.1283,8.6863,-0.5721,0.2762,0.4622
1623961359835,-0.5924,-4.1810,8.6408,-0.5989,0.2786,0.4793
1623961359844,-0.7431,-4.3102,8.6241,-0.6075,0.2811,0.4964
1623961359855,-0.9035,-4.2575,8.5666,-0.6148,0.2652,0.5099
1623961359863,-1.1188,-4.1427,8.5211,-0.6417,0.2359,0.5306
1623961359872,-1.2863,-4.0326,8.4374,-0.6796,0.2005,0.5514
1623961359883,-1.4251,-3.9441,8.4637,-0.7272,0.1736,0.5673
1623961359894,-1.4777,-4.0398,8.5953,-0.7565,0.1650,0.5795
1623961359902,-1.3677,-4.2216,8.6958,-0.7419,0.1724,0.5832
1623961359911,-1.1858,-4.4513,8.7222,-0.6796,0.1992,0.5941
1623961359921,-1.2528,-4.6619,8.6312,-0.5550,0.2200,0.6137
1623961359931,-1.6237,-4.6595,8.5475,-0.3778,0.2139,0.6161
1623961359939,-2.0592,-4.4370,8.5451,-0.1799,0.1760,0.6125
1623961359951,-2.3487,-4.0278,8.4996,-0.0345,0.1210,0.6125
1623961359959,-2.3176,-3.5851,8.4470,-0.0223,0.0734,0.6088
1623961359970,-2.2410,-3.4416,8.4063,-0.1335,0.0600,0.6039
1623961359980,-2.1214,-3.5516,8.3608,-0.3351,0.0722,0.6027
1623961359989,-2.0065,-3.9129,8.3489,-0.5440,0.0966,0.6027
1623961359999,-1.9731,-4.3748,8.4230,-0.6747,0.1210,0.5954
1623961360009,-2.0568,-4.5614,8.4542,-0.7126,0.1161,0.5807
1623961360018,-2.2099,-4.4155,8.4254,-0.6967,0.0771,0.5697
1623961360028,-2.3128,-4.2503,8.3584,-0.6661,0.0404,0.5624
1623961360038,-2.3272,-4.1977,8.2244,-0.6722,0.0196,0.5551
1623961360047,-2.3176,-4.3054,8.1527,-0.7150,0.0160,0.5538
1623961360057,-2.3104,-4.5303,8.1287,-0.7443,0.0184,0.5551
1623961360066,-2.3176,-4.7289,8.0809,-0.7309,0.0209,0.5551
1623961360076,-2.3200,-4.8581,8.0474,-0.6564,0.0147,0.5502
1623961360086,-2.2889,-4.8079,8.0067,-0.5586,-0.0072,0.5538
1623961360094,-2.3320,-4.6117,7.9971,-0.4866,-0.0378,0.5575
1623961360105,-2.4707,-4.4178,7.9612,-0.4646,-0.0683,0.5502
1623961360112,-2.5665,-4.2408,7.8201,-0.5122,-0.0903,0.5404
1623961360122,-2.5832,-4.2049,7.8153,-0.5904,-0.1013,0.5343
1623961360132,-2.6000,-4.2360,7.8727,-0.6539,-0.1123,0.5269
1623961360141,-2.6239,-4.4011,7.9134,-0.6796,-0.1257,0.5147
1623961360154,-2.6646,-4.6117,7.9086,-0.6539,-0.1380,0.5050
1623961360162,-2.6383,-4.7385,7.8799,-0.5965,-0.1526,0.4915
1623961360172,-2.6598,-4.6858,7.8320,-0.5293,-0.1783,0.4830
1623961360181,-2.7651,-4.5614,7.7531,-0.4878,-0.2198,0.4793
1623961360191,-2.8488,-4.3508,7.6765,-0.5036,-0.2614,0.4720
1623961360202,-2.8249,-4.1451,7.7196,-0.5550,-0.2907,0.4598
1623961360210,-2.7340,-4.2073,7.8536,-0.6173,-0.3004,0.4414
1623961360220,-2.6981,-4.4370,8.0019,-0.6466,-0.2943,0.4133
1623961360229,-2.6765,-4.6523,8.0426,-0.6270,-0.2833,0.3804
1623961360239,-2.6718,-4.8366,8.0258,-0.5550,-0.2797,0.3596
1623961360249,-2.6670,-4.9132,7.9445,-0.4560,-0.2858,0.3461
1623961360258,-2.7052,-4.7313,7.8033,-0.3705,-0.3041,0.3351
1623961360268,-2.7100,-4.5901,7.7315,-0.3167,-0.3273,0.3242
1623961360277,-2.7052,-4.5375,7.7172,-0.3008,-0.3408,0.3095
1623961360287,-2.6574,-4.6069,7.7698,-0.3302,-0.3395,0.2899
1623961360296,-2.6502,-4.6834,7.8727,-0.3631,-0.3383,0.2655
1623961360306,-2.5856,-4.7265,7.9253,-0.3961,-0.3481,0.2472
1623961360316,-2.5497,-4.8557,7.9660,-0.3876,-0.3469,0.2374
1623961360326,-2.4253,-4.9084,8.0187,-0.3522,-0.3408,0.2203
1623961360335,-2.3559,-4.9945,8.0163,-0.2837,-0.3249,0.2032
1623961360345,-2.3392,-5.0376,8.0354,-0.1897,-0.3090,0.1861
1623961360353,-2.4205,-5.0424,7.9780,-0.0895,-0.2956,0.1629
1623961360362,-2.4373,-4.9299,7.9206,-0.0027,-0.2968,0.1421
1623961360372,-2.3679,-4.8677,7.8153,0.0400,-0.3017,0.1311
1623961360381,-2.2769,-4.7648,7.8560,0.0327,-0.3004,0.1201
1623961360394,-2.2506,-4.7193,7.9636,-0.0101,-0.2956,0.1055
1623961360404,-2.1453,-4.8318,8.1383,-0.0736,-0.2784,0.0908
1623961360410,-2.1382,-4.9467,8.2197,-0.1310,-0.2418,0.0749
1623961360421,-2.1142,-5.1213,8.2556,-0.1481,-0.2088,0.0566
1623961360431,-2.1549,-5.2170,8.2220,-0.1322,-0.1856,0.0419
1623961360441,-2.2052,-5.1500,8.0881,-0.0822,-0.1783,0.0285
1623961360449,-2.1669,-4.9969,7.9756,-0.0406,-0.1807,0.0078
1623961360459,-2.0472,-4.9586,7.8990,-0.0418,-0.1758,-0.0045
1623961360469,-1.9898,-5.1405,7.9636,-0.0675,-0.1587,-0.0057
1623961360478,-1.9587,-5.3558,7.9660,-0.1249,-0.1392,-0.0143
1623961360489,-1.9491,-5.4779,8.0115,-0.1603,-0.1245,-0.0155
1623961360497,-1.9850,-5.5425,7.9947,-0.1591,-0.1233,-0.0057
1623961360508,-1.9970,-5.4946,7.9229,-0.1408,-0.1257,0.0004
1623961360518,-2.0305,-5.3678,7.8201,-0.1188,-0.1294,-0.0008
1623961360527,-2.0281,-5.3343,7.7866,-0.1066,-0.1416,0.0016
1623961360537,-2.0018,-5.4180,7.8631,-0.0932,-0.1465,0.0029
1623961360546,-1.9778,-5.5353,7.9397,-0.0846,-0.1428,-0.0033
1623961360556,-1.9539,-5.6812,7.9995,-0.0663,-0.1343,-0.0057
1623961360564,-1.9874,-5.6860,8.0139,-0.0406,-0.1318,0.0016
1623961360575,-1.9635,-5.5664,7.9277,-0.0137,-0.1331,0.0065
1623961360585,-1.9324,-5.3893,7.8248,-0.0003,-0.1343,0.0114
1623961360594,-1.8534,-5.2697,7.7890,-0.0357,-0.1257,0.0090
1623961360605,-1.8438,-5.3439,7.8655,-0.0846,-0.1111,0.0065
1623961360612,-1.9324,-5.2960,7.9493,-0.1384,-0.1050,-0.0008
1623961360621,-1.8917,-5.1668,7.9995,-0.1945,-0.1037,-0.0094
1623961360631,-1.8079,-5.1668,8.0354,-0.2263,-0.0732,-0.0155
1623961360641,-1.6692,-5.3558,8.1886,-0.2483,-0.0207,-0.0081
1623961360650,-1.8008,-5.6119,8.2795,-0.2495,0.0319,0.0065
1623961360661,-1.9802,-5.7650,8.2771,-0.2092,0.0624,0.0138
1623961360669,-2.0951,-5.7052,8.1383,-0.1286,0.0648,0.0236
1623961360679,-2.0329,-5.5090,7.9612,-0.0577,0.0490,0.0383
1623961360691,-1.9587,-5.3989,7.9899,-0.0259,0.0551,0.0407
1623961360700,-2.0042,-5.2170,8.0282,-0.0675,0.0758,0.0383
1623961360710,-2.0592,-5.1644,7.9876,-0.1481,0.0966,0.0297
1623961360719,-2.0496,-5.2649,8.0378,-0.2080,0.1272,0.0199
1623961360727,-2.0783,-5.2912,8.1120,-0.2532,0.1540,0.0151
1623961360739,-2.0927,-5.3463,8.2101,-0.2569,0.1724,0.0102
1623961360748,-2.2028,-5.2840,8.1646,-0.2239,0.1821,-0.0008
1623961360758,-2.2410,-5.2003,8.0641,-0.1836,0.1895,-0.0204
1623961360767,-2.2339,-5.2146,7.9828,-0.1420,0.2078,-0.0362
1623961360777,-2.2793,-5.2194,7.9588,-0.1078,0.2224,-0.0460
1623961360786,-2.3439,-5.2386,7.9588,-0.0626,0.2273,-0.0656
1623961360796,-2.3463,-5.1692,7.9517,-0.0357,0.2249,-0.0900
1623961360806,-2.3224,-5.0998,7.9182,-0.0309,0.2285,-0.1059
1623961360815,-2.3080,-5.1165,7.9493,-0.0382,0.2432,-0.1156
1623961360825,-2.3128,-5.1572,7.9182,-0.0602,0.2518,-0.1291
1623961360834,-2.2985,-5.1764,7.8727,-0.0822,0.2542,-0.1413
1623961360844,-2.2841,-5.2505,7.8177,-0.0907,0.2591,-0.1511
1623961360852,-2.2793,-5.3415,7.8033,-0.0822,0.2701,-0.1657
1623961360863,-2.2961,-5.4563,7.8081,-0.0516,0.2774,-0.1841
1623961360871,-2.2769,-5.5090,7.7722,-0.0296,0.2811,-0.1963
1623961360884,-2.2889,-5.3726,7.7004,-0.0284,0.2848,-0.2061
1623961360891,-2.3080,-5.2769,7.6502,-0.0418,0.2835,-0.2195
1623961360903,-2.3559,-5.2075,7.5712,-0.0846,0.2860,-0.2305
1623961360910,-2.3703,-5.1309,7.5425,-0.1567,0.2884,-0.2476
1623961360920,-2.3511,-5.1118,7.5210,-0.2324,0.2909,-0.2684
1623961360930,-2.3368,-5.2194,7.5210,-0.2996,0.2945,-0.2891
1623961360938,-2.3535,-5.3965,7.5186,-0.3448,0.3067,-0.3111
1623961360949,-2.3392,-5.6310,7.5449,-0.3729,0.3153,-0.3258
1623961360959,-2.3535,-5.7770,7.4659,-0.3802,0.3153,-0.3258
1623961360969,-2.3894,-5.9014,7.4803,-0.3546,0.3214,-0.3258
1623961360978,-2.4660,-6.0593,7.4492,-0.2691,0.3287,-0.3380
1623961360988,-2.5114,-6.0402,7.4396,-0.1787,0.3300,-0.3478
1623961360998,-2.5449,-5.8727,7.4803,-0.0883,0.3165,-0.3539
1623961361007,-2.5306,-5.6166,7.4827,-0.0199,0.2994,-0.3661
1623961361017,-2.5210,-5.4133,7.4085,0.0033,0.2957,-0.3759
1623961361026,-2.5162,-5.3965,7.3391,-0.0076,0.3006,-0.3893
1623961361036,-2.5330,-5.3941,7.1931,-0.0443,0.3080,-0.4125
1623961361046,-2.5043,-5.4444,7.0687,-0.0870,0.3104,-0.4333
1623961361056,-2.4612,-5.5736,7.1214,-0.0968,0.3190,-0.4492
1623961361065,-2.4803,-5.8511,7.2434,-0.0528,0.3287,-0.4822
1623961361074,-2.3894,-6.1311,7.2147,-0.0027,0.3287,-0.5164
1623961361084,-2.2123,-6.2053,7.1525,0.0143,0.3275,-0.5139
1623961361094,-2.1788,-6.2172,7.0807,0.0082,0.3300,-0.4858
1623961361102,-2.2482,-6.1933,6.9730,-0.0003,0.3177,-0.4785
1623961361112,-2.2817,-6.1431,6.9347,0.0082,0.3080,-0.4883
1623961361121,-2.3415,-6.1790,6.9897,0.0644,0.3116,-0.4932
1623961361131,-2.4253,-6.1814,6.9921,0.1781,0.3055,-0.5078
1623961361141,-2.4253,-6.2340,7.0233,0.3247,0.2884,-0.5310
1623961361150,-2.3631,-6.2388,7.0998,0.4334,0.2786,-0.5420
1623961361161,-2.2052,-6.1191,7.0065,0.4676,0.2701,-0.5262
1623961361171,-2.0999,-5.9660,6.8797,0.4395,0.2579,-0.5090
1623961361179,-2.0783,-5.8416,6.8342,0.3711,0.2469,-0.5078
1623961361190,-2.1190,-5.7937,6.7002,0.2941,0.2334,-0.5164
1623961361200,-2.1716,-5.7722,6.6524,0.2392,0.2285,-0.5335
1623961361209,-2.2099,-5.8176,6.6811,0.2453,0.2139,-0.5677
1623961361219,-2.2123,-5.8057,6.7576,0.2819,0.1907,-0.6056
1623961361229,-2.1573,-5.8033,6.8940,0.2819,0.1736,-0.6153
1623961361238,-2.0089,-5.9971,6.9060,0.2587,0.1589,-0.6056
1623961361247,-1.7146,-6.1981,6.8701,0.1658,0.1577,-0.5921
1623961361258,-1.5830,-6.3943,6.7864,0.0449,0.1589,-0.5579
1623961361267,-1.5352,-6.5235,6.8151,-0.0431,0.1455,-0.5249
1623961361277,-1.5663,-6.6671,6.8653,-0.0675,0.1394,-0.5090
1623961361286,-1.6380,-6.6599,6.9491,-0.0101,0.1320,-0.5127
1623961361296,-1.6692,-6.5379,6.9515,0.1084,0.1149,-0.5225
1623961361306,-1.6333,-6.4446,6.9371,0.2208,0.0942,-0.5164
1623961361315,-1.5663,-6.3704,6.8605,0.2685,0.0758,-0.4919
1623961361324,-1.4825,-6.3058,6.8127,0.2404,0.0624,-0.4614
1623961361333,-1.4299,-6.2747,6.7672,0.1573,0.0490,-0.4382
1623961361342,-1.4107,-6.2053,6.7361,0.0498,0.0380,-0.4296
1623961361352,-1.3653,-6.2053,6.8605,-0.0467,0.0416,-0.4260
1623961361362,-1.3677,-6.2268,6.8462,-0.1029,0.0477,-0.4211
1623961361373,-1.2935,-6.2651,6.9275,-0.1005,0.0551,-0.4260
1623961361382,-1.2887,-6.3201,6.9539,-0.0663,0.0502,-0.4357
1623961361394,-1.2576,-6.4111,6.9658,-0.0223,0.0367,-0.4345
1623961361404,-1.2743,-6.4302,6.9563,0.0095,0.0172,-0.4137
1623961361409,-1.2743,-6.3943,6.9419,0.0327,-0.0048,-0.3930
1623961361419,-1.2624,-6.3465,6.9945,0.0571,-0.0255,-0.3893
1623961361428,-1.3055,-6.2196,7.0783,0.0840,-0.0402,-0.3991
1623961361439,-1.2959,-6.1048,7.1429,0.1268,-0.0561,-0.4064
1623961361449,-1.2648,-6.1048,7.2578,0.1634,-0.0659,-0.4162
1623961361459,-1.2097,-6.0497,7.2506,0.1610,-0.0781,-0.4211
1623961361469,-1.1547,-6.0186,7.2218,0.1365,-0.0842,-0.4162
1623961361478,-1.0925,-5.9540,7.1190,0.1158,-0.0854,-0.4113
1623961361488,-1.0877,-5.9397,7.0926,0.0999,-0.0756,-0.4260
1623961361496,-1.0566,-5.9564,7.1644,0.1060,-0.0695,-0.4467
1623961361507,-1.0710,-6.0163,7.2793,0.1304,-0.0622,-0.4638
1623961361517,-1.0973,-6.0521,7.3511,0.1646,-0.0622,-0.4834
1623961361527,-1.1571,-6.1622,7.3343,0.2098,-0.0732,-0.4980
1623961361536,-1.1475,-6.2053,7.3343,0.2318,-0.0891,-0.4968
1623961361546,-1.0614,-6.1790,7.2721,0.2220,-0.1013,-0.4822
1623961361556,-0.9393,-6.0234,7.2625,0.2001,-0.1074,-0.4712
1623961361565,-0.8245,-5.8942,7.3128,0.1451,-0.1098,-0.4761
1623961361574,-0.7599,-5.8894,7.3176,0.0986,-0.1013,-0.4895
1623961361584,-0.7527,-5.9827,7.3224,0.0669,-0.0903,-0.5005
1623961361594,-0.7982,-6.1311,7.3606,0.0681,-0.0793,-0.5127
1623961361609,-0.8030,-6.2340,7.4061,0.0779,-0.0830,-0.5213
1623961361612,-0.6570,-6.2484,7.4013,0.0559,-0.0903,-0.5139
1623961361621,-0.4895,-6.1526,7.4516,-0.0040,-0.0879,-0.4968
1623961361630,-0.3459,-6.0904,7.4707,-0.0675,-0.0683,-0.4834
1623961361640,-0.3172,-6.1646,7.4324,-0.0956,-0.0365,-0.4834
1623961361651,-0.3746,-6.3225,7.4372,-0.0479,-0.0085,-0.5005
1623961361661,-0.4321,-6.4757,7.4492,0.0620,0.0025,-0.5103
1623961361671,-0.3794,-6.5690,7.4492,0.1695,-0.0097,-0.4944
1623961361680,-0.2741,-6.4182,7.3319,0.1939,-0.0268,-0.4602
1623961361689,-0.1354,-6.1718,7.2649,0.1109,-0.0402,-0.4174
1623961361700,-0.0420,-5.9660,7.2482,-0.0394,-0.0439,-0.3869
1623961361709,0.0250,-5.9636,7.2434,-0.2092,-0.0329,-0.3746
1623961361719,-0.0372,-6.2292,7.2984,-0.3204,-0.0195,-0.3783
1623961361728,-0.1066,-6.5929,7.3008,-0.3473,-0.0097,-0.3832
1623961361738,-0.2335,-6.8561,7.2960,-0.2654,-0.0146,-0.3820
1623961361748,-0.2550,-6.8681,7.3511,-0.1359,-0.0341,-0.3771
1623961361757,-0.2239,-6.5905,7.2936,-0.0443,-0.0634,-0.3502
1623961361766,-0.0971,-6.3154,7.2195,-0.0284,-0.0830,-0.3148
1623961361776,0.0010,-6.2148,7.2266,-0.0956,-0.0830,-0.2904
1623961361786,0.1255,-6.2818,7.2362,-0.1945,-0.0683,-0.2708
1623961361795,0.0943,-6.5307,7.3200,-0.2520,-0.0500,-0.2549
1623961361805,-0.0038,-6.6862,7.3535,-0.2324,-0.0439,-0.2464
1623961361815,-0.0205,-6.6288,7.4324,-0.1567,-0.0500,-0.2317
1623961361825,-0.0061,-6.4589,7.4444,-0.0736,-0.0512,-0.2122
1623961361834,0.0034,-6.2771,7.3941,-0.0247,-0.0512,-0.2012
1623961361842,-0.0516,-6.3345,7.2099,-0.0235,-0.0451,-0.1938
1623961361851,-0.1162,-6.5786,7.1501,-0.0406,-0.0304,-0.1865
1623961361861,-0.1449,-6.7341,7.2218,-0.0382,-0.0195,-0.1792
1623961361871,-0.1258,-6.6479,7.2554,-0.0089,-0.0255,-0.1767
1623961361883,-0.0492,-6.4589,7.2530,0.0205,-0.0378,-0.1694
1623961361891,0.0274,-6.2914,7.2506,0.0119,-0.0427,-0.1584
1623961361900,0.0632,-6.1981,7.2410,-0.0467,-0.0427,-0.1486
1623961361909,0.1087,-6.2579,7.1453,-0.1273,-0.0329,-0.1376
1623961361919,0.1039,-6.3895,7.2673,-0.1860,-0.0182,-0.1303
1623961361929,-0.0109,-6.5211,7.3415,-0.1836,-0.0085,-0.1376
1623961361940,-0.1641,-6.6886,7.2697,-0.1286,-0.0072,-0.1450
1623961361949,-0.2885,-6.7700,7.1908,-0.0309,-0.0170,-0.1511
1623961361957,-0.2813,-6.7484,7.1453,0.0644,-0.0365,-0.1474
1623961361968,-0.1856,-6.6336,7.1333,0.1536,-0.0634,-0.1315
1623961361978,-0.0708,-6.4709,7.1549,0.1842,-0.0879,-0.1169
1623961361988,-0.0133,-6.3393,7.2099,0.1671,-0.1001,-0.1047
1623961361997,-0.0229,-6.2627,7.2673,0.1219,-0.1074,-0.1047
1623961362007,-0.0827,-6.3273,7.2793,0.0925,-0.1062,-0.1095
1623961362016,-0.1186,-6.4541,7.3463,0.1194,-0.1050,-0.1156
1623961362027,-0.0444,-6.5259,7.3678,0.1768,-0.1062,-0.1217
1623961362036,0.1159,-6.4039,7.3224,0.2440,-0.1135,-0.1266
1623961362045,0.2236,-6.3058,7.3056,0.2709,-0.1172,-0.1217
1623961362053,0.2930,-6.1670,7.2338,0.2367,-0.1147,-0.1156
1623961362063,0.3863,-6.1335,7.2482,0.1646,-0.1050,-0.1022
1623961362073,0.3432,-6.4039,7.3822,0.1158,-0.0842,-0.0912
1623961362082,0.2834,-6.4350,7.4013,0.1096,-0.0683,-0.0924
1623961362092,0.4054,-6.6408,7.5281,0.1903,-0.0634,-0.0900
1623961362101,0.3671,-6.6743,7.6478,0.3027,-0.0561,-0.0778
1623961362111,0.3432,-6.3967,7.7243,0.3931,-0.0536,-0.0717
1623961362121,0.3241,-6.1502,7.6837,0.4578,-0.0573,-0.0533
1623961362130,0.3624,-6.0091,7.5664,0.4542,-0.0500,-0.0326
1623961362141,0.3624,-5.9756,7.5951,0.3882,-0.0304,-0.0240
1623961362149,0.4270,-5.9421,7.6932,0.2807,-0.0097,-0.0069
1623961362159,0.4581,-6.0785,7.7459,0.1952,0.0123,0.0151
1623961362170,0.4844,-6.0952,7.7507,0.1658,0.0233,0.0199
1623961362179,0.3863,-6.1311,7.7507,0.1719,0.0294,0.0126
1623961362190,0.3384,-6.0761,7.7890,0.2306,0.0319,-0.0008
1623961362199,0.2523,-5.9373,7.7507,0.2709,0.0221,0.0004
1623961362209,0.2571,-5.7746,7.6238,0.2660,0.0135,0.0114
1623961362218,0.4581,-5.9062,7.7554,0.2184,0.0270,0.0187
1623961362228,0.4987,-5.9397,7.8464,0.1084,0.0526,0.0297
1623961362238,0.4222,-5.9756,7.8033,0.0143,0.0612,0.0370
1623961362247,0.3169,-5.9732,7.7028,-0.0125,0.0624,0.0224
1623961362256,0.4270,-6.0019,7.9708,-0.0162,0.0722,0.0114
1623961362266,0.4940,-5.7794,7.9565,-0.0235,0.0807,0.0126
1623961362276,0.6615,-5.4994,7.9349,-0.0516,0.0807,0.0199
1623961362286,0.5753,-5.4491,7.7172,-0.0919,0.0807,-0.0057
1623961362295,0.4940,-5.4683,7.5305,-0.1909,0.0942,-0.0118
1623961362305,0.5251,-5.7458,7.4540,-0.2801,0.1051,0.0004
1623961362315,0.4987,-5.8870,7.3415,-0.3338,0.1100,-0.0008
1623961362323,0.5179,-6.0091,7.4229,-0.3741,0.1027,0.0163
1623961362332,0.4963,-6.1455,7.5090,-0.4169,0.0978,0.0383
1623961362342,0.5298,-6.1981,7.6597,-0.4633,0.0990,0.0542
1623961362351,0.4485,-6.3130,7.8057,-0.4707,0.1076,0.0627
1623961362364,0.3839,-6.1431,7.8057,-0.4670,0.1064,0.0688
1623961362370,0.4916,-6.1861,7.7004,-0.4682,0.1100,0.0847
1623961362380,0.5131,-6.2460,7.6047,-0.5085,0.1345,0.1067
1623961362390,0.5059,-6.3154,7.4133,-0.5745,0.1577,0.1226
1623961362399,0.4030,-6.4613,7.2195,-0.6148,0.1748,0.1311
1623961362409,0.2475,-6.5666,7.1549,-0.6441,0.1833,0.1336
1623961362421,0.0345,-6.5786,7.1979,-0.6564,0.1785,0.1323
1623961362428,-0.1234,-6.4996,7.2338,-0.6796,0.1516,0.1433
1623961362439,-0.1784,-6.4589,7.1381,-0.7810,0.1235,0.1617
1623961362448,-0.1042,-6.4493,6.9610,-0.9508,0.0966,0.1775
1623961362458,-0.0229,-6.5499,6.8486,-1.1389,0.0929,0.1824
1623961362468,0.0202,-6.6719,6.7768,-1.2831,0.1027,0.1788
1623961362478,0.0345,-6.8513,6.7457,-1.3320,0.1161,0.1604
1623961362487,0.0561,-6.9255,6.6356,-1.3149,0.1174,0.1458
1623961362496,0.0609,-7.1026,6.5255,-1.2733,0.1125,0.1507
1623961362507,0.0250,-7.2174,6.4083,-1.2575,0.1088,0.1653
1623961362516,-0.0061,-7.3658,6.3365,-1.2538,0.1064,0.1824
1623961362526,0.0226,-7.5261,6.2240,-1.2635,0.1027,0.2020
1623961362536,0.0848,-7.6864,6.1570,-1.2538,0.0966,0.2227
1623961362545,0.1925,-7.9353,6.0183,-1.2318,0.0929,0.2484
1623961362554,0.3456,-8.0908,5.8292,-1.2281,0.0868,0.2899
1623961362565,0.3695,-8.1028,5.6976,-1.2367,0.0746,0.3437
1623961362572,0.1518,-8.0358,5.5541,-1.2245,0.0551,0.3804
1623961362582,-0.1856,-8.0597,5.5445,-1.1915,0.0392,0.3926
1623961362591,-0.4081,-8.1674,5.5038,-1.1182,0.0245,0.3950
1623961362601,-0.4273,-8.2846,5.4153,-0.9936,0.0001,0.3962
1623961362611,-0.3579,-8.3205,5.3626,-0.8457,-0.0243,0.4023
1623961362622,-0.2430,-8.3229,5.2478,-0.7150,-0.0463,0.4243
1623961362632,-0.0923,-8.3421,5.1257,-0.6417,-0.0610,0.4536
1623961362641,0.0417,-8.2846,5.0420,-0.6356,-0.0683,0.4854
1623961362651,0.0034,-8.2583,4.9989,-0.6539,-0.0708,0.5074
1623961362660,-0.2789,-8.2392,4.9415,-0.7101,-0.0720,0.5196
1623961362670,-0.5469,-8.2559,4.8338,-0.7724,-0.0842,0.5379
1623961362680,-0.6809,-8.4282,4.7644,-0.8176,-0.1111,0.5526
1623961362690,-0.7072,-8.6340,4.6831,-0.8592,-0.1380,0.5648
1623961362699,-0.6068,-8.7656,4.6232,-0.8946,-0.1636,0.5941
1623961362709,-0.4488,-8.6986,4.6663,-0.8970,-0.1832,0.6161
1623961362718,-0.3316,-8.5574,4.6639,-0.8763,-0.1954,0.6271
1623961362728,-0.2837,-8.5167,4.5945,-0.8323,-0.1966,0.6320
1623961362737,-0.3100,-8.6699,4.4629,-0.7675,-0.1905,0.6430
1623961362747,-0.4536,-8.8948,4.3265,-0.7052,-0.1917,0.6626
1623961362756,-0.7001,-8.9116,4.0896,-0.6552,-0.2064,0.6955
1623961362766,-0.8269,-8.8374,3.9365,-0.6307,-0.2467,0.7237
1623961362776,-0.8508,-8.6125,3.8480,-0.6429,-0.2894,0.7420
1623961362786,-0.8149,-8.3732,3.7690,-0.6869,-0.3322,0.7518
1623961362795,-0.7240,-8.3564,3.8241,-0.7223,-0.3689,0.7420
1623961362805,-0.6283,-8.4426,3.9461,-0.7419,-0.3970,0.7261
1623961362813,-0.6283,-8.4330,3.9628,-0.7150,-0.4141,0.7151
1623961362823,-0.8676,-8.4713,3.8480,-0.6295,-0.4226,0.6980
1623961362833,-1.2361,-8.4713,3.7666,-0.5379,-0.4324,0.6821
1623961362842,-1.5519,-8.4378,3.6565,-0.4816,-0.4629,0.6821
1623961362855,-1.7457,-8.3684,3.5656,-0.4743,-0.5130,0.6809
1623961362862,-1.7768,-8.2535,3.5489,-0.5159,-0.5656,0.6723
1623961362872,-1.7529,-8.0789,3.6637,-0.5904,-0.6217,0.6528
1623961362881,-1.7050,-8.0166,3.8456,-0.6564,-0.6731,0.6174
1623961362891,-1.6692,-8.0525,3.9317,-0.6710,-0.6987,0.5734
1623961362900,-1.7936,-8.1817,3.9987,-0.6319,-0.7024,0.5379
1623961362912,-1.9970,-8.3277,3.9628,-0.5330,-0.6999,0.5111
1623961362918,-2.1740,-8.3660,3.8432,-0.4096,-0.6987,0.4842
1623961362929,-2.2530,-8.3134,3.7092,-0.2862,-0.7085,0.4585
1623961362939,-2.2913,-8.1004,3.6111,-0.2068,-0.7341,0.4243
1623961362949,-2.2961,-7.9377,3.8719,-0.1616,-0.7732,0.3840
1623961362958,-2.2267,-7.8324,4.1279,-0.1750,-0.8062,0.3400
1623961362968,-2.1382,-7.8731,4.2978,-0.1994,-0.8087,0.3058
1623961362977,-2.1358,-8.0525,4.3983,-0.2104,-0.7855,0.2850
1623961362987,-2.2363,-8.0286,4.3313,-0.1933,-0.7586,0.2692
1623961362996,-2.3846,-8.0741,4.1399,-0.1335,-0.7354,0.2484
1623961363006,-2.5162,-8.2320,3.9102,-0.0553,-0.7207,0.2203
1623961363016,-2.5784,-8.3397,3.8791,-0.0003,-0.7244,0.2020
1623961363025,-2.5760,-8.2464,4.1112,0.0082,-0.7403,0.1910
1623961363035,-2.4516,-8.0765,4.4534,-0.0162,-0.7549,0.1678
1623961363044,-2.3128,-7.8898,4.6472,-0.0919,-0.7500,0.1433
1623961363053,-2.2961,-7.9305,4.6448,-0.1701,-0.7219,0.1250
1623961363062,-2.3368,-8.1817,4.4510,-0.2165,-0.6804,0.1079
1623961363072,-2.3798,-8.4713,4.2476,-0.2227,-0.6498,0.0981
1623961363081,-2.3320,-8.6125,4.1136,-0.1884,-0.6425,0.1006
1623961363094,-2.2722,-8.6029,4.1040,-0.1347,-0.6535,0.0969
1623961363103,-2.1764,-8.4713,4.2978,-0.0993,-0.6731,0.0884
1623961363112,-2.0233,-8.4282,4.6041,-0.0980,-0.6865,0.0859
1623961363122,-1.8797,-8.4210,4.7668,-0.0993,-0.6718,0.0798
1623961363131,-1.8654,-8.5024,4.7812,-0.0638,-0.6254,0.0676
1623961363141,-1.8630,-8.6412,4.7716,-0.0003,-0.5631,0.0627
1623961363151,-1.8678,-8.6460,4.7525,0.0791,-0.5008,0.0713
1623961363160,-1.8989,-8.5263,4.6711,0.1732,-0.4409,0.0871
1623961363170,-1.8845,-8.2081,4.5826,0.2171,-0.4079,0.0993
1623961363179,-1.7888,-7.8635,4.5993,0.1866,-0.3921,0.1091
1623961363189,-1.6189,-7.7510,4.7955,0.1011,-0.3640,0.1030
1623961363198,-1.5065,-7.8659,4.9319,-0.0089,-0.3212,0.0810
1623961363208,-1.4634,-8.0047,4.9678,-0.1066,-0.2687,0.0529
1623961363218,-1.4442,-8.3229,4.9319,-0.1457,-0.2125,0.0395
1623961363227,-1.3844,-8.5048,4.9463,-0.1310,-0.1599,0.0370
1623961363237,-1.3916,-8.5407,4.9893,-0.0736,-0.1123,0.0419
1623961363247,-1.3964,-8.4498,4.8577,0.0143,-0.0805,0.0334
1623961363256,-1.3437,-8.2918,4.7907,0.0620,-0.0536,0.0261
1623961363266,-1.3078,-8.2583,4.8027,0.0730,-0.0158,0.0370
1623961363276,-1.3150,-8.2870,4.8075,0.0669,0.0245,0.0407
1623961363285,-1.3174,-8.3732,4.8338,0.0486,0.0575,0.0322
1623961363293,-1.2959,-8.4258,4.9032,0.0278,0.0893,0.0273
1623961363302,-1.3198,-8.4282,4.8195,0.0192,0.1223,0.0236
1623961363312,-1.3485,-8.4115,4.6998,0.0217,0.1528,0.0151
1623961363321,-1.3629,-8.3947,4.6400,0.0290,0.1821,0.0090
1623961363334,-1.3366,-8.4019,4.5921,0.0351,0.2066,0.0029
1623961363343,-1.3820,-8.3612,4.5204,0.0388,0.2273,-0.0106
1623961363352,-1.4251,-8.3995,4.4821,0.0449,0.2432,-0.0289
1623961363362,-1.4107,-8.5215,4.4557,0.0534,0.2615,-0.0448
1623961363371,-1.4035,-8.5885,4.4486,0.0412,0.2664,-0.0497
1623961363381,-1.4155,-8.6172,4.3744,0.0156,0.2652,-0.0485
1623961363390,-1.4395,-8.5885,4.3002,-0.0235,0.2628,-0.0497
1623961363398,-1.4418,-8.6483,4.3409,-0.0443,0.2652,-0.0533
1623961363410,-1.4203,-8.7058,4.4127,-0.0418,0.2640,-0.0582
1623961363418,-1.4059,-8.6866,4.3935,-0.0174,0.2640,-0.0643
1623961363428,-1.4107,-8.5694,4.3816,0.0363,0.2676,-0.0717
1623961363438,-1.4801,-8.5096,4.4246,0.1145,0.2725,-0.0863
1623961363447,-1.5423,-8.5718,4.5395,0.1903,0.2823,-0.1034
1623961363458,-1.6380,-8.5670,4.5228,0.2599,0.2896,-0.1120
1623961363467,-1.7362,-8.5144,4.3911,0.3039,0.2896,-0.1095
1623961363477,-1.7816,-8.4186,4.4462,0.3283,0.2909,-0.1071
1623961363486,-1.8056,-8.3205,4.5778,0.3503,0.2982,-0.1120
1623961363496,-1.8319,-8.2153,4.6879,0.3760,0.3043,-0.1291
1623961363506,-1.8151,-8.1363,4.6974,0.4077,0.3238,-0.1523
1623961363513,-1.7912,-8.0286,4.7525,0.4420,0.3471,-0.1767
1623961363526,-1.8414,-8.1530,4.6783,0.4810,0.3764,-0.1999
1623961363533,-1.8008,-8.3492,4.6113,0.5360,0.3984,-0.2244
1623961363543,-1.7984,-8.3875,4.6208,0.5519,0.4155,-0.2305
1623961363552,-1.7673,-8.3469,4.6065,0.5727,0.4216,-0.2317
1623961363562,-1.7768,-8.2320,4.5634,0.5837,0.4277,-0.2451
1623961363574,-1.7481,-8.1794,4.5969,0.5763,0.4326,-0.2537
1623961363581,-1.7362,-8.1530,4.7381,0.5751,0.4350,-0.2610
1623961363592,-1.7050,-8.1195,4.8171,0.6154,0.4338,-0.2818
1623961363602,-1.7146,-8.0956,4.8530,0.7059,0.4448,-0.3062
1623961363612,-1.8199,-8.0908,4.8649,0.8134,0.4582,-0.3295
1623961363621,-1.9300,-8.0310,4.8195,0.8867,0.4534,-0.3453
1623961363629,-1.9084,-7.9544,4.7716,0.9050,0.4350,-0.3368
1623961363641,-1.8654,-7.7774,4.7764,0.8598,0.4216,-0.3233
1623961363650,-1.8151,-7.6027,4.7501,0.7889,0.4106,-0.3319
1623961363659,-1.7960,-7.5883,4.8410,0.7144,0.4106,-0.3588
1623961363669,-1.8462,-7.6864,4.9056,0.6558,0.4191,-0.3869
1623961363679,-1.8271,-7.9808,4.9822,0.6667,0.4179,-0.4199
1623961363688,-1.7122,-8.1243,5.0444,0.6924,0.4167,-0.4370
1623961363698,-1.6357,-7.9736,5.1521,0.7278,0.4130,-0.4443
1623961363708,-1.6716,-7.5381,5.0755,0.7694,0.4057,-0.4565
1623961363717,-1.7529,-7.2127,5.0013,0.7950,0.3959,-0.4810
1623961363727,-1.7912,-7.0811,4.9750,0.8097,0.3874,-0.5090
1623961363737,-1.7864,-7.1385,5.1329,0.8402,0.3825,-0.5433
1623961363746,-1.7290,-7.2988,5.2454,0.9111,0.3629,-0.5860
1623961363755,-1.6500,-7.5070,5.1688,0.9917,0.3348,-0.6227
1623961363764,-1.5758,-7.5859,5.0468,1.0211,0.3104,-0.6300
1623961363773,-1.5041,-7.5094,4.9463,0.9563,0.2725,-0.6080
1623961363783,-1.4251,-7.4472,4.7979,0.8341,0.2261,-0.5885
1623961363793,-1.3246,-7.3395,4.8793,0.6985,0.1968,-0.6007
1623961363803,-1.3485,-7.2581,5.1138,0.6252,0.1736,-0.6398
1623961363812,-1.3844,-7.2701,5.4201,0.6374,0.1430,-0.6874
1623961363823,-1.2935,-7.2820,5.5852,0.7022,0.1198,-0.7253
1623961363833,-1.1260,-7.4567,5.5900,0.7987,0.1161,-0.7522
1623961363842,-0.9226,-7.6793,5.5732,0.8622,0.1174,-0.7595
1623961363852,-0.6905,-7.7534,5.6091,0.8134,0.1174,-0.7192
1623961363861,-0.6044,-7.5620,5.5636,0.6692,0.1051,-0.6471
1623961363871,-0.5900,-7.3060,5.6234,0.4713,0.0917,-0.5958
1623961363879,-0.6115,-7.2725,5.6330,0.2880,0.0844,-0.5799
1623961363889,-0.6163,-7.5261,5.7048,0.1683,0.0966,-0.5836
1623961363898,-0.6450,-7.6984,5.9034,0.1707,0.1198,-0.5970
1623961363909,-0.6378,-7.7175,6.0135,0.2978,0.1235,-0.6202
1623961363919,-0.5254,-7.7965,5.9704,0.4578,0.1161,-0.6202
1623961363928,-0.3435,-7.8180,5.9178,0.5055,0.1051,-0.5738
1623961363937,-0.1617,-7.7056,5.9680,0.4102,0.0978,-0.5017
1623961363948,-0.1042,-7.6314,5.9058,0.2538,0.1015,-0.4492
1623961363957,-0.1473,-7.5309,5.9824,0.1170,0.1100,-0.4345
1623961363967,-0.2359,-7.4184,6.0542,0.0571,0.1186,-0.4443
1623961363977,-0.3459,-7.3993,6.1307,0.1268,0.1100,-0.4626
1623961363984,-0.3005,-7.5357,6.1642,0.2587,0.0917,-0.4797
1623961364044,-0.1760,-7.6362,6.1786,0.3540,0.0783,-0.4602
1623961364045,0.0274,-7.6721,6.2169,0.3552,0.0600,-0.3991
1623961364046,0.1494,-7.4998,6.2312,0.2660,0.0453,-0.3392
1623961364046,0.1805,-7.4352,6.1570,0.1243,0.0428,-0.3099
1623961364047,0.1446,-7.4711,6.2408,0.0058,0.0428,-0.3050
1623961364048,0.1159,-7.5405,6.3269,-0.0541,0.0490,-0.3038
1623961364060,0.0297,-7.5548,6.4538,-0.0150,0.0551,-0.3123
1623961364066,-0.0588,-7.4424,6.4992,0.0999,0.0441,-0.3319
1623961364071,-0.0516,-7.3682,6.4873,0.1964,0.0257,-0.3221
1623961364081,0.0010,-7.1935,6.4298,0.1878,0.0074,-0.2720
1623961364090,0.0082,-7.1505,6.3700,0.0974,0.0013,-0.2268
1623961364100,0.0202,-7.2127,6.3652,-0.0186,0.0062,-0.2146
1623961364111,0.0082,-7.3108,6.4968,-0.0919,0.0172,-0.2195
1623961364121,0.0130,-7.3921,6.6715,-0.0797,0.0209,-0.2207
1623961364130,0.0561,-7.4089,6.7959,0.0192,0.0111,-0.2268
1623961364140,0.0585,-7.3060,6.8510,0.1206,0.0038,-0.2219
1623961364150,0.1279,-7.1624,6.7816,0.1622,-0.0060,-0.1951
1623961364159,0.1685,-7.1457,6.5495,0.1231,-0.0072,-0.1645
1623961364168,0.1661,-7.2198,6.4777,0.0510,0.0111,-0.1474
1623961364178,0.1183,-7.2988,6.5447,0.0205,0.0147,-0.1511
1623961364188,0.1039,-7.3108,6.6284,0.0571,0.0062,-0.1657
1623961364198,0.1015,-7.2390,6.7170,0.1280,-0.0048,-0.1682
1623961364207,0.1087,-7.2509,6.7792,0.1964,-0.0170,-0.1596
1623961364217,0.1255,-7.2246,6.7911,0.2233,-0.0243,-0.1438
1623961364227,0.1494,-7.1911,6.7313,0.2171,-0.0304,-0.1132
1623961364236,0.1422,-7.0954,6.6380,0.1854,-0.0378,-0.0937
1623961364246,0.1302,-7.0308,6.5925,0.1597,-0.0402,-0.0961
1623961364255,0.0920,-7.0523,6.6260,0.1524,-0.0451,-0.1083
1623961364265,0.1087,-7.1074,6.6595,0.1622,-0.0488,-0.1156
1623961364273,0.1757,-7.1983,6.6859,0.1695,-0.0536,-0.1132
1623961364283,0.2331,-7.2438,6.7026,0.1854,-0.0634,-0.1010
1623961364292,0.3528,-7.2079,6.6500,0.1927,-0.0708,-0.0888
1623961364302,0.3671,-7.1122,6.6332,0.1964,-0.0732,-0.0778
1623961364311,0.2858,-6.9279,6.6428,0.2025,-0.0769,-0.0778
1623961364321,0.2499,-6.8729,6.6667,0.2245,-0.0781,-0.0827
1623961364332,0.2020,-6.9136,6.7194,0.2648,-0.0732,-0.0912
1623961364342,0.2379,-7.0284,6.7576,0.3369,-0.0708,-0.0973
1623961364352,0.2738,-7.1409,6.7768,0.4444,-0.0732,-0.1034
1623961364361,0.4006,-7.1385,6.8246,0.5666,-0.0830,-0.1095
1623961364369,0.5538,-7.0619,6.9180,0.6790,-0.0818,-0.0949
1623961364380,0.5873,-6.7915,6.9539,0.7474,-0.0818,-0.0753
1623961364391,0.5227,-6.5570,7.0113,0.7816,-0.0781,-0.0741
1623961364398,0.4030,-6.4709,7.0017,0.7816,-0.0744,-0.0729
1623961364408,0.3552,-6.4757,7.0926,0.7584,-0.0634,-0.0680
1623961364417,0.3719,-6.4637,7.2649,0.7425,-0.0549,-0.0631
1623961364428,0.4006,-6.4374,7.2506,0.7413,-0.0549,-0.0594
1623961364438,0.3863,-6.4757,7.2625,0.7596,-0.0488,-0.0594
1623961364446,0.4126,-6.4254,7.3200,0.7865,-0.0317,-0.0607
1623961364457,0.4963,-6.2531,7.4205,0.8463,-0.0207,-0.0680
1623961364467,0.5251,-6.1885,7.5281,0.9245,-0.0146,-0.0741
1623961364476,0.5538,-6.0569,7.5880,0.9820,-0.0109,-0.0790
1623961364486,0.6136,-5.9708,7.7076,1.0052,0.0001,-0.0766
1623961364496,0.5466,-5.7818,7.8512,0.9954,0.0135,-0.0668
1623961364506,0.5059,-5.7076,8.0139,0.9722,0.0233,-0.0594
1623961364514,0.3408,-5.9708,7.5927,0.9624,0.0331,-0.0546
1623961364523,0.2188,-6.2890,7.6693,0.9807,0.0563,-0.0472
1623961364532,0.1542,-6.1502,7.8224,1.0504,0.0477,-0.0460
1623961364542,0.1709,-5.9827,7.8105,1.1469,-0.0085,-0.0338
1623961364552,0.2379,-5.7124,7.6932,1.1566,-0.0598,-0.0179
1623961364561,0.5011,-5.6406,7.6693,1.0443,-0.0708,0.0078
1623961364571,0.5873,-5.5090,7.9684,0.8451,-0.0475,0.0334
1623961364582,0.6471,-5.3056,8.1646,0.6509,-0.0292,0.0322
1623961364592,0.6303,-5.2816,8.2532,0.5189,-0.0182,0.0212
1623961364602,0.5586,-5.4420,8.3489,0.4212,0.0013,0.0248
1623961364611,0.4198,-5.6071,8.2795,0.3674,0.0111,0.0248
1623961364619,0.3552,-5.5784,8.2292,0.3198,0.0013,0.0358
1623961364631,0.3097,-5.2027,8.2556,0.2550,-0.0146,0.0603
1623961364640,0.4006,-4.8318,8.2603,0.1353,-0.0219,0.0688
1623961364650,0.5251,-4.7839,8.2532,-0.0247,-0.0060,0.0798
1623961364659,0.5346,-4.8150,8.2412,-0.2153,0.0184,0.0896
1623961364669,0.4892,-4.9945,8.1957,-0.3961,0.0367,0.0884
1623961364678,0.4102,-5.2314,8.3752,-0.5134,0.0722,0.0871
1623961364688,0.4437,-5.3750,8.6336,-0.5452,0.0942,0.0810
1623961364698,0.5490,-5.4755,8.5834,-0.5501,0.1149,0.0822
1623961364707,0.6710,-5.5760,8.4924,-0.5537,0.1418,0.0957
1623961364717,0.6327,-5.8703,8.3202,-0.5537,0.1785,0.0993
1623961364727,0.6567,-6.2412,8.1957,-0.5684,0.2188,0.1238
1623961364736,0.6088,-6.3847,8.1933,-0.5818,0.2408,0.1641
1623961364746,0.5179,-6.2244,8.1718,-0.5880,0.2420,0.1995
1623961364756,0.3911,-6.1574,8.0928,-0.6087,0.2359,0.2325
1623961364764,0.3097,-6.2675,7.9780,-0.6454,0.2322,0.2655
1623961364773,0.2164,-6.4398,7.8799,-0.7077,0.2310,0.3022
1623961364782,0.1446,-6.5235,7.8990,-0.7578,0.2224,0.3376
1623961364792,0.1661,-6.5163,7.7483,-0.7981,0.2041,0.3718
1623961364802,0.2619,-6.6336,7.5545,-0.8531,0.1980,0.4121
1623961364812,0.4389,-6.8705,7.4181,-0.9239,0.2102,0.4610
1623961364823,0.5921,-7.1433,7.3176,-0.9899,0.2212,0.5123
1623961364832,0.6997,-7.4615,7.2147,-1.0265,0.2298,0.5685
1623961364842,0.6997,-7.5979,7.1596,-1.0412,0.2285,0.6369
1623961364851,0.5418,-7.5835,7.0209,-1.0314,0.2066,0.6992
1623961364861,0.3528,-7.5524,6.8964,-0.9923,0.1797,0.7493
1623961364870,0.2236,-7.5405,6.7433,-0.9716,0.1516,0.8067
1623961364880,0.1063,-7.4448,6.5734,-0.9679,0.1051,0.8764
1623961364892,0.0632,-7.3826,6.5351,-0.9655,0.0636,0.9424
1623961364898,0.0776,-7.2797,6.4490,-0.9826,0.0172,0.9949
1623961364908,0.1613,-7.1217,6.3987,-1.0168,-0.0365,1.0523
1623961364917,0.1733,-7.1337,6.2456,-1.0522,-0.0879,1.0975
1623961364928,0.0441,-7.2725,6.0805,-1.0681,-0.1331,1.1195
1623961364937,-0.1808,-7.2629,5.9632,-1.0864,-0.1807,1.1329
1623961364947,-0.4081,-7.2509,5.9321,-1.0559,-0.2247,1.1403
1623961364956,-0.6259,-7.1600,5.9441,-0.9789,-0.2736,1.1452
1623961364966,-0.8771,-6.9782,6.0470,-0.9154,-0.3212,1.1513
1623961364976,-1.0638,-6.9064,6.0996,-0.8555,-0.3664,1.1439
1623961364986,-1.1834,-6.9279,6.1690,-0.7871,-0.3957,1.1232
1623961364996,-1.2002,-6.9518,6.2240,-0.7236,-0.4214,1.1036
1623961365005,-1.0925,-6.9471,6.3102,-0.6539,-0.4397,1.0877
1623961365015,-1.0375,-6.8801,6.2839,-0.5806,-0.4434,1.0755
1623961365023,-1.2313,-6.6815,6.2145,-0.5550,-0.4434,1.0719
1623961365032,-1.6811,-6.4828,6.0183,-0.5513,-0.4507,1.0535
1623961365042,-2.1358,-6.4039,5.7742,-0.5440,-0.4617,1.0059
1623961365051,-2.4492,-6.6025,5.7144,-0.5036,-0.4690,0.9448
1623961365061,-2.5976,-6.9423,5.7120,-0.4303,-0.4886,0.8813
1623961365070,-2.5282,-7.0739,6.0518,-0.3216,-0.5069,0.8275
1623961365082,-2.4061,-6.9255,6.3174,-0.1921,-0.5179,0.7860
1623961365091,-2.3152,-6.5475,6.5662,-0.0553,-0.5081,0.7420
1623961365099,-2.2817,-6.1885,6.6476,0.0266,-0.4776,0.6980
1623961365111,-2.3200,-5.9851,6.5925,0.0681,-0.4385,0.6540
1623961365120,-2.3966,-5.8751,6.4250,0.0412,-0.4116,0.6174
1623961365130,-2.5473,-5.8488,6.2240,-0.0345,-0.3982,0.5856
1623961365139,-2.6263,-5.8559,6.0326,-0.1445,-0.4031,0.5465
1623961365149,-2.6263,-5.9469,6.0135,-0.2862,-0.4214,0.5123
1623961365158,-2.5114,-5.9732,6.1690,-0.4707,-0.4434,0.4866
1623961365168,-2.3272,-6.0139,6.3245,-0.6441,-0.4495,0.4634
1623961365178,-2.1573,-6.3297,6.4035,-0.7517,-0.4287,0.4268
1623961365188,-2.0759,-6.7556,6.3533,-0.7932,-0.3933,0.3913
1623961365197,-2.0759,-7.1122,6.2288,-0.7602,-0.3579,0.3755
1623961365207,-2.1118,-7.3490,6.0446,-0.6466,-0.3310,0.3596
1623961365217,-2.2171,-7.3275,5.8221,-0.5036,-0.3175,0.3400
1623961365226,-2.2913,-7.1289,5.7407,-0.3644,-0.3273,0.3278
1623961365236,-2.2817,-6.8968,5.8795,-0.2715,-0.3456,0.3119
1623961365245,-2.2458,-6.7389,6.0757,-0.2556,-0.3542,0.2863
1623961365255,-2.1286,-6.6695,6.2552,-0.3179,-0.3469,0.2716
1623961365265,-2.0353,-6.7604,6.2528,-0.4059,-0.3334,0.2692
1623961365273,-1.9778,-6.9853,6.0996,-0.4926,-0.3151,0.2655
1623961365282,-2.0089,-7.1385,5.9154,-0.5525,-0.3004,0.2631
1623961365292,-2.0831,-7.2749,5.6880,-0.5684,-0.3017,0.2582
1623961365301,-2.1286,-7.3562,5.5708,-0.5257,-0.3102,0.2411
1623961365312,-2.1621,-7.3108,5.6761,-0.4511,-0.3224,0.2117
1623961365322,-2.1310,-7.2677,5.8412,-0.3534,-0.3347,0.1800
1623961365332,-2.0520,-7.2773,6.0853,-0.2617,-0.3310,0.1568
1623961365341,-1.9874,-7.2844,6.2958,-0.1884,-0.3139,0.1409
1623961365351,-1.9132,-7.3466,6.2767,-0.1371,-0.2980,0.1372
1623961365361,-1.9371,-7.4304,6.2647,-0.1054,-0.2760,0.1384
1623961365370,-2.0018,-7.4615,6.1882,-0.0956,-0.2540,0.1446
1623961365381,-1.9874,-7.5548,6.2456,-0.0626,-0.2381,0.1482
1623961365387,-1.9132,-7.5237,6.2599,-0.0223,-0.2210,0.1421
1623961365399,-1.8223,-7.4926,6.2982,0.0107,-0.2015,0.1372
1623961365408,-1.8582,-7.5548,6.3748,0.0241,-0.1868,0.1287
1623961365417,-1.9443,-7.6242,6.2839,0.0327,-0.1770,0.1177
1623961365428,-1.9539,-7.7965,6.1666,0.0351,-0.1624,0.1116
1623961365437,-1.9348,-7.7151,6.0542,-0.0015,-0.1343,0.1030
1623961365446,-1.8343,-7.1552,6.1188,-0.0773,-0.0927,0.0969
1623961365456,-1.7936,-6.6695,6.1164,-0.1261,-0.0512,0.0847
1623961365466,-1.7960,-6.4493,6.1236,-0.2007,-0.0097,0.0554
1623961365476,-1.8319,-6.6384,6.1690,-0.3094,0.0416,0.0358
1623961365486,-1.8797,-7.0954,6.2193,-0.4023,0.0795,0.0395
1623961365495,-1.9491,-7.5500,6.2767,-0.4523,0.1088,0.0554
1623961365505,-1.9587,-7.8850,6.2073,-0.4499,0.1284,0.0664
1623961365515,-1.9635,-7.9664,6.2336,-0.4181,0.1467,0.0639
1623961365522,-1.9611,-7.9377,6.1164,-0.3619,0.1687,0.0676
1623961365532,-1.9635,-7.9138,5.9273,-0.2923,0.1919,0.0713
1623961365541,-1.9467,-7.8037,5.8723,-0.2214,0.2212,0.0664
1623961365551,-1.9898,-7.6481,5.8843,-0.1420,0.2420,0.0590
1623961365564,-2.0496,-7.5453,5.8005,-0.0479,0.2518,0.0493
1623961365570,-2.0999,-7.5692,5.7335,0.0449,0.2628,0.0370
1623961365581,-2.2099,-7.5668,5.6378,0.1084,0.2701,0.0248
1623961365591,-2.2722,-7.5094,5.6043,0.1451,0.2713,0.0114
1623961365601,-2.2841,-7.3993,5.6354,0.1268,0.2701,0.0041
1623961365609,-2.2530,-7.3203,5.6450,0.0803,0.2725,-0.0057
1623961365620,-2.2410,-7.3610,5.6426,0.0131,0.2823,-0.0228
1623961365629,-2.2171,-7.4543,5.6043,-0.0479,0.2921,-0.0411
1623961365637,-2.1956,-7.4878,5.5708,-0.0822,0.2982,-0.0509
1623961365647,-2.1980,-7.5453,5.5253,-0.0589,0.3031,-0.0619
1623961365656,-2.2052,-7.4902,5.5014,-0.0101,0.3055,-0.0839
1623961365666,-2.1860,-7.3730,5.4823,0.0473,0.3080,-0.1034
1623961365676,-2.1645,-7.3610,5.3961,0.1011,0.3116,-0.1169
1623961365685,-2.1980,-7.4400,5.3698,0.1414,0.3214,-0.1364
1623961365695,-2.2626,-7.4519,5.3722,0.1573,0.3287,-0.1511
1623961365704,-2.3176,-7.4448,5.4559,0.1732,0.3312,-0.1596
1623961365714,-2.3176,-7.3849,5.4895,0.2025,0.3300,-0.1792
1623961365724,-2.2626,-7.3084,5.4081,0.2123,0.3275,-0.2048
1623961365733,-2.1501,-7.2892,5.3387,0.1829,0.3275,-0.2085
1623961365743,-2.0807,-7.4687,5.2478,0.1438,0.3373,-0.1987
1623961365752,-2.0353,-7.6027,5.2693,0.1292,0.3483,-0.2024
1623961365762,-2.1166,-7.6218,5.2262,0.1585,0.3446,-0.2122
1623961365772,-2.1573,-7.6218,5.1856,0.2184,0.3324,-0.2219
1623961365781,-2.1908,-7.5548,5.2334,0.2721,0.3251,-0.2305
1623961365791,-2.2243,-7.4041,5.3602,0.3210,0.3226,-0.2464
1623961365801,-2.2913,-7.2844,5.3555,0.3613,0.3177,-0.2696
1623961365810,-2.3679,-7.3108,5.3100,0.3735,0.3153,-0.2879
1623961365820,-2.3918,-7.3036,5.3267,0.3491,0.3116,-0.2977
1623961365829,-2.3439,-7.2581,5.2813,0.2978,0.3043,-0.3001
1623961365839,-2.2745,-7.2222,5.3578,0.2379,0.2970,-0.2977
1623961365848,-2.2386,-7.1839,5.3985,0.1854,0.2896,-0.3062
1623961365858,-2.2769,-7.1600,5.4129,0.1573,0.2860,-0.3233
1623961365868,-2.3344,-7.2414,5.4344,0.1658,0.2848,-0.3466
1623961365877,-2.3607,-7.2797,5.4009,0.2086,0.2933,-0.3710
1623961365889,-2.3415,-7.3203,5.4679,0.2831,0.3043,-0.3979
1623961365896,-2.2722,-7.3108,5.5134,0.3613,0.3080,-0.4211
1623961365909,-2.1477,-7.2557,5.5923,0.3931,0.3129,-0.4333
1623961365916,-2.1070,-7.2127,5.6450,0.3674,0.3214,-0.4382
1623961365925,-2.0735,-7.2797,5.6234,0.3076,0.3422,-0.4455
1623961365935,-2.0831,-7.4807,5.5062,0.2538,0.3617,-0.4565
1623961365946,-2.0353,-7.6745,5.4129,0.2355,0.3788,-0.4590
1623961365954,-2.0305,-7.7606,5.5397,0.2819,0.3910,-0.4700
1623961365965,-2.0257,-7.6410,5.6282,0.3723,0.3947,-0.4895
1623961365975,-1.9731,-7.4089,5.6641,0.4652,0.3898,-0.5017
1623961365986,-1.8534,-7.2701,5.6665,0.5018,0.3752,-0.5042
1623961365995,-1.7481,-7.2127,5.6187,0.4810,0.3690,-0.5017
1623961366004,-1.7792,-7.2844,5.5134,0.4420,0.3690,-0.5042
1623961366014,-1.8845,-7.1983,5.4416,0.4077,0.3666,-0.5164
1623961366022,-1.9204,-7.0858,5.3531,0.3882,0.3556,-0.5408
1623961366031,-1.8869,-7.2007,5.2334,0.4138,0.3348,-0.5726
1623961366041,-1.7362,-7.2844,5.2454,0.4077,0.3141,-0.5848
1623961366051,-1.5136,-7.3873,5.2813,0.3821,0.2884,-0.5616
1623961366060,-1.3796,-7.4615,5.3626,0.3601,0.2603,-0.5384
1623961366072,-1.4035,-7.4902,5.5541,0.3430,0.2432,-0.5371
1623961366081,-1.4586,-7.4496,5.7216,0.3564,0.2200,-0.5481
1623961366089,-1.4993,-7.4280,5.7670,0.4090,0.1992,-0.5604
1623961366099,-1.5519,-7.4113,5.6593,0.4713,0.1760,-0.5738
1623961366110,-1.4706,-7.4998,5.5277,0.4884,0.1382,-0.5628
1623961366120,-1.4107,-7.5405,5.4559,0.4248,0.1149,-0.5237
1623961366130,-1.3605,-7.5309,5.5086,0.3515,0.0844,-0.4846
1623961366139,-1.3796,-7.3849,5.5852,0.2856,0.0600,-0.4797
1623961366149,-1.4347,-7.3084,5.7000,0.2660,0.0428,-0.4870
1623961366158,-1.4131,-7.3323,5.7862,0.2868,0.0209,-0.4895
1623961366167,-1.3246,-7.4352,5.9034,0.3186,0.0111,-0.4993
1623961366178,-1.1978,-7.6840,5.9824,0.3344,0.0050,-0.4956
1623961366187,-1.0805,-7.8563,5.9943,0.3296,0.0038,-0.4736
1623961366197,-0.9944,-7.8324,6.0111,0.2953,0.0013,-0.4394
1623961366206,-0.9920,-7.6147,6.0398,0.2587,-0.0036,-0.4052
1623961366216,-1.0997,-7.3156,6.0350,0.2281,-0.0060,-0.3905
1623961366226,-1.1978,-7.2294,6.0637,0.1988,-0.0109,-0.3857
1623961366235,-1.2480,-7.3108,6.0829,0.1610,-0.0182,-0.3795
1623961366245,-1.3222,-7.4017,6.1642,0.1023,-0.0219,-0.3649
1623961366254,-1.3557,-7.4830,6.2360,0.0498,-0.0353,-0.3453
1623961366262,-1.3246,-7.3610,6.2432,0.0253,-0.0365,-0.3343
1623961366272,-1.2743,-7.2366,6.2599,0.0559,-0.0280,-0.3392
1623961366281,-1.2217,-7.1600,6.2240,0.1316,-0.0219,-0.3551
1623961366291,-1.2432,-7.1337,6.2719,0.2281,-0.0182,-0.3795
1623961366301,-1.2696,-7.2414,6.3030,0.3125,-0.0255,-0.3942
1623961366310,-1.1906,-7.2509,6.3413,0.3320,-0.0341,-0.3881
1623961366322,-0.9681,-7.2031,6.3772,0.2819,-0.0341,-0.3759
1623961366331,-0.7264,-7.0380,6.3844,0.1781,-0.0329,-0.3649
1623961366341,-0.5972,-6.9040,6.3509,0.0596,-0.0146,-0.3649
1623961366351,-0.6307,-6.9399,6.4442,-0.0309,0.0038,-0.3710
1623961366360,-0.6546,-7.0332,6.4777,-0.0699,0.0062,-0.3808
1623961366369,-0.6259,-7.1983,6.4609,-0.0431,0.0013,-0.3857
1623961366379,-0.5589,-7.3347,6.4274,0.0033,-0.0146,-0.3722
1623961366387,-0.4632,-7.3706,6.4059,0.0180,-0.0268,-0.3502
1623961366397,-0.4249,-7.3108,6.3509,-0.0064,-0.0292,-0.3319
1623961366409,-0.4153,-7.2964,6.3006,-0.0479,-0.0292,-0.3246
1623961366417,-0.4081,-7.2605,6.3509,-0.1115,-0.0243,-0.3111
1623961366427,-0.3603,-7.3610,6.3891,-0.1579,-0.0121,-0.3001
1623961366437,-0.2191,-7.4950,6.4131,-0.1689,-0.0011,-0.2952
1623961366446,-0.1378,-7.6003,6.4274,-0.1518,0.0074,-0.2781
1623961366455,-0.1090,-7.6458,6.5040,-0.1347,0.0147,-0.2549
1623961366464,-0.1665,-7.5405,6.3963,-0.1066,0.0282,-0.2366
1623961366476,-0.2383,-7.5165,6.3222,-0.0602,0.0416,-0.2244
1623961366485,-0.2813,-7.5046,6.2312,-0.0027,0.0453,-0.2195
1623961366495,-0.2789,-7.4807,6.2073,0.0705,0.0416,-0.2109
1623961366502,-0.2765,-7.4400,6.2671,0.1255,0.0428,-0.1975
1623961366513,-0.3029,-7.4256,6.3700,0.1341,0.0428,-0.1828
1623961366522,-0.3005,-7.4543,6.3772,0.0938,0.0404,-0.1633
1623961366532,-0.2646,-7.3945,6.4011,0.0205,0.0416,-0.1450
1623961366542,-0.2359,-7.3514,6.2910,-0.0577,0.0453,-0.1376
1623961366550,-0.2526,-7.3682,6.2097,-0.1041,0.0514,-0.1376
1623961366563,-0.2071,-7.3275,6.2121,-0.1384,0.0502,-0.1364
1623961366571,-0.1282,-7.4208,6.1906,-0.1445,0.0392,-0.1242
1623961366579,-0.0803,-7.5859,6.2408,-0.1286,0.0367,-0.1169
1623961366589,-0.1425,-7.5811,6.2456,-0.0846,0.0233,-0.1132
1623961366600,-0.2837,-7.5931,6.2504,-0.0211,0.0050,-0.1034
1623961366609,-0.4369,-7.5094,6.1570,0.0241,-0.0085,-0.0924
1623961366619,-0.5350,-7.3586,6.1953,0.0449,-0.0195,-0.0814
1623961366629,-0.5493,-7.2079,6.1953,0.0534,-0.0341,-0.0827
1623961366639,-0.4105,-7.1911,6.1929,0.0510,-0.0488,-0.0802
1623961366647,-0.3076,-7.4448,6.3700,0.0376,-0.0463,-0.0607
1623961366658,-0.2335,-7.5788,6.4777,0.0437,-0.0365,-0.0546
1623961366667,-0.2454,-7.4496,6.4849,0.0864,-0.0353,-0.0497
1623961366677,-0.2550,-7.3730,6.4298,0.1414,-0.0427,-0.0472
1623961366687,-0.2861,-7.3251,6.3772,0.1475,-0.0427,-0.0399
1623961366696,-0.3244,-7.3945,6.3724,0.1096,-0.0365,-0.0326
1623961366706,-0.2765,-7.4759,6.2887,0.0730,-0.0353,-0.0265
1623961366716,-0.2119,-7.5357,6.2169,0.0351,-0.0365,-0.0118
1623961366725,-0.1138,-7.6386,6.2480,0.0400,-0.0439,0.0053
1623961366735,0.1039,-7.6577,6.2791,0.0864,-0.0475,0.0199
1623961366742,0.1877,-7.7080,6.3891,0.1927,-0.0488,0.0383
1623961366752,0.1661,-7.6338,6.3461,0.3369,-0.0524,0.0432
1623961366763,-0.0277,-7.6529,6.3317,0.5116,-0.0573,0.0419
1623961366773,-0.1545,-7.5764,6.3102,0.6594,-0.0708,0.0529
1623961366784,-0.1162,-7.3371,6.2767,0.7657,-0.0891,0.0761
1623961366792,-0.0325,-7.1361,6.4131,0.8463,-0.0915,0.0981
1623961366802,0.0537,-7.0835,6.4274,0.9025,-0.1013,0.0993
1623961366811,0.1422,-7.1576,6.2982,0.9380,-0.1074,0.1067
1623961366821,0.1087,-7.1313,6.2934,0.9820,-0.1050,0.1214
1623961366831,0.0106,-6.9040,6.4944,1.0345,-0.1160,0.1250
1623961366840,0.0154,-6.7245,6.7720,1.0663,-0.1367,0.1311
1623961366850,0.0752,-6.4685,6.8869,1.0418,-0.1477,0.1384
1623961366860,0.1853,-6.2316,6.8725,0.9343,-0.1477,0.1592
1623961366868,0.1757,-6.1143,6.8031,0.7816,-0.1428,0.1898
1623961366877,-0.0540,-6.2268,6.9491,0.6484,-0.1184,0.2069
1623961366890,-0.3005,-6.4493,7.1692,0.6154,-0.0952,0.1922
1623961366896,-0.5302,-6.6001,7.3989,0.6997,-0.0915,0.1580
1623961366907,-0.6785,-6.4757,7.4635,0.8696,-0.1135,0.1384
1623961366915,-0.7312,-6.2986,7.5281,1.0088,-0.1404,0.1421
1623961366926,-0.7575,-5.8894,7.6669,1.0443,-0.1477,0.1409
1623961366934,-0.7862,-5.4539,7.8224,0.9856,-0.1416,0.1250
1623961366946,-0.7742,-5.0687,7.8224,0.8500,-0.1306,0.1018
1623961366954,-0.7982,-4.8773,7.7722,0.6863,-0.1184,0.0713
1623961366965,-0.8484,-4.9443,7.8033,0.5214,-0.0964,0.0370
1623961366974,-0.8508,-5.0998,7.9182,0.3772,-0.0781,-0.0020
1623961366988,-0.8101,-5.2410,7.9684,0.2819,-0.0708,-0.0301
1623961366992,-0.7671,-5.2458,8.0187,0.2281,-0.0683,-0.0656
1623961367002,-0.7072,-5.1476,7.9971,0.2037,-0.0720,-0.1120
1623961367011,-0.6785,-5.2529,7.9876,0.1854,-0.0708,-0.1486
1623961367021,-0.7048,-5.4731,8.0593,0.1561,-0.0622,-0.1706
1623961367033,-0.5732,-5.5640,8.1718,0.1231,-0.0561,-0.1890
1623961367042,-0.3363,-5.5975,8.3513,0.0876,-0.0488,-0.1926
1623961367052,-0.2167,-5.5640,8.4565,0.0828,-0.0304,-0.1987
1623961367061,-0.1760,-5.2912,8.4207,0.0986,-0.0134,-0.2281
1623961367069,-0.1808,-5.0639,8.1072,0.1402,-0.0060,-0.2451
1623961367080,-0.0827,-5.0711,7.7459,0.1891,0.0013,-0.2549
1623961367089,0.0465,-5.7004,7.9206,0.2453,0.0331,-0.2537
1623961367099,0.0848,-6.2125,8.2101,0.2636,0.0710,-0.2281
1623961367109,0.0561,-6.3632,8.3513,0.2746,0.0844,-0.1963
1623961367119,0.0848,-6.0115,8.1742,0.3137,0.0514,-0.1987
1623961367129,0.2283,-5.9038,8.1407,0.3381,0.0306,-0.1975
1623961367138,0.2116,-5.6310,8.0306,0.2697,0.0319,-0.1694
1623961367148,0.2355,-5.6597,7.7866,0.1719,0.0270,-0.1560
1623961367158,0.2595,-6.0641,7.7483,0.0681,0.0367,-0.1462
1623961367167,0.1613,-6.0067,7.8416,-0.0431,0.0490,-0.1315
1623961367177,0.0920,-5.6932,7.7650,-0.1273,0.0209,-0.1181
1623961367186,0.0991,-5.4133,7.6047,-0.2190,-0.0048,-0.1022
1623961367196,0.1685,-5.3582,7.4516,-0.3485,0.0099,-0.1022
1623961367206,0.3480,-5.5257,7.5640,-0.4511,0.0343,-0.1108
1623961367215,0.4820,-5.7363,7.7411,-0.5317,0.0575,-0.0937
1623961367223,0.4652,-5.7937,7.8033,-0.5831,0.0661,-0.0778
1623961367233,0.4748,-5.7028,7.7650,-0.6380,0.0551,-0.0607
1623961367243,0.4916,-5.8320,7.5712,-0.6979,0.0563,-0.0313
1623961367253,0.4748,-6.2866,7.4205,-0.7529,0.0819,-0.0118
1623961367265,0.3671,-6.8466,7.3798,-0.7639,0.1125,0.0041
1623961367273,0.3193,-7.1385,7.5999,-0.6698,0.1394,0.0212
1623961367282,0.3073,-6.9231,7.6932,-0.4939,0.1369,0.0419
1623961367292,0.4054,-6.5020,7.6765,-0.2935,0.1223,0.0652
1623961367302,0.4604,-6.3488,7.6837,-0.1445,0.1345,0.0871
1623961367310,0.4652,-6.4326,7.7124,-0.0993,0.1772,0.1091
1623961367321,0.4700,-6.7365,7.6789,-0.1286,0.2163,0.1458
1623961367330,0.4341,-6.8872,7.6119,-0.1762,0.2359,0.1898
1623961367340,0.4150,-6.8633,7.5545,-0.2385,0.2334,0.2350
1623961367349,0.4054,-6.7891,7.4611,-0.3387,0.2285,0.2814
1623961367359,0.4054,-6.8537,7.2554,-0.4658,0.2224,0.3303
1623961367369,0.4341,-7.0571,7.1405,-0.5696,0.2310,0.3779
1623961367378,0.3169,-7.2246,7.1501,-0.6148,0.2383,0.4182
1623961367387,0.1446,-7.3179,7.1285,-0.5843,0.2273,0.4488
1623961367397,-0.0396,-7.2773,7.0926,-0.5159,0.1968,0.4818
1623961367406,-0.1306,-7.2438,7.0376,-0.4462,0.1687,0.5221
1623961367415,-0.1593,-7.1983,6.9706,-0.4255,0.1442,0.5746
1623961367426,-0.1617,-7.2342,6.9132,-0.4352,0.1272,0.6223
1623961367436,-0.1186,-7.2964,6.9036,-0.4438,0.1235,0.6577
1623961367444,-0.0277,-7.3156,6.8462,-0.4255,0.1137,0.6943
1623961367455,0.0967,-7.3371,6.7600,-0.3802,0.1003,0.7359
1623961367463,0.1925,-7.3682,6.6787,-0.3399,0.1051,0.7738
1623961367473,0.1949,-7.3921,6.5136,-0.3338,0.1100,0.8092
1623961367482,0.0537,-7.3108,6.3700,-0.3631,0.1064,0.8446
1623961367492,-0.1928,-7.1457,6.2671,-0.4218,0.0893,0.8739
1623961367501,-0.5110,-7.0332,6.2240,-0.4829,0.0673,0.8935
1623961367512,-0.7766,-6.9375,6.2743,-0.5244,0.0380,0.9020
1623961367523,-0.9729,-6.9112,6.3437,-0.5476,0.0062,0.9057
1623961367531,-1.0135,-6.9877,6.3820,-0.5611,-0.0341,0.9216
1623961367542,-0.9393,-7.0404,6.3580,-0.5941,-0.0683,0.9534
1623961367551,-0.8843,-6.9806,6.2671,-0.6319,-0.0952,0.9704
1623961367560,-0.9370,-6.7413,6.1810,-0.6649,-0.1147,0.9766
1623961367572,-1.1116,-6.5546,6.0183,-0.6894,-0.1404,0.9692
1623961367581,-1.3174,-6.6456,5.8484,-0.6612,-0.1673,0.9521
1623961367588,-1.5567,-7.0141,5.7311,-0.5989,-0.1893,0.9362
1623961367599,-1.7290,-7.2581,5.8244,-0.5122,-0.2235,0.9265
1623961367609,-1.8702,-7.0691,6.0374,-0.4242,-0.2724,0.9252
1623961367619,-2.0137,-6.6288,6.2169,-0.3766,-0.3261,0.9167
1623961367628,-2.1070,-6.2603,6.2982,-0.3937,-0.3713,0.8996
1623961367638,-2.2052,-6.2077,6.3915,-0.4670,-0.3982,0.8825
1623961367647,-2.1980,-6.4493,6.4227,-0.5525,-0.4006,0.8580
1623961367657,-2.0879,-6.6647,6.4083,-0.5757,-0.3982,0.8312
1623961367666,-2.0927,-6.6527,6.3533,-0.5244,-0.4006,0.8043
1623961367676,-2.2985,-6.4493,6.2216,-0.4328,-0.4202,0.7725
1623961367686,-2.5425,-6.3919,6.1212,-0.3509,-0.4385,0.7456
1623961367695,-2.7148,-6.4374,6.0231,-0.3045,-0.4446,0.7200
1623961367703,-2.7292,-6.4422,6.0374,-0.2569,-0.4568,0.6846
1623961367713,-2.7029,-6.3824,6.2025,-0.2117,-0.4702,0.6455
1623961367723,-2.6861,-6.4446,6.4609,-0.1726,-0.4837,0.6100
1623961367732,-2.5760,-6.4637,6.6619,-0.1823,-0.4886,0.5893
1623961367743,-2.4109,-6.3728,6.7529,-0.2471,-0.4776,0.5880
1623961367753,-2.3703,-6.2005,6.7313,-0.3179,-0.4519,0.5758
1623961367763,-2.5330,-6.2172,6.5351,-0.3790,-0.4238,0.5465
1623961367772,-2.7675,-6.3512,6.3317,-0.4047,-0.3994,0.5160
1623961367782,-2.9541,-6.4493,6.1738,-0.3827,-0.3847,0.4866
1623961367792,-3.0163,-6.4374,6.0733,-0.3069,-0.3921,0.4427
1623961367801,-2.9924,-6.3680,6.1140,-0.2227,-0.4153,0.4036
1623961367811,-2.8369,-6.2986,6.2575,-0.2080,-0.4336,0.3804
1623961367820,-2.6143,-6.2890,6.4274,-0.2605,-0.4385,0.3633
1623961367830,-2.4397,-6.3465,6.5710,-0.3436,-0.4202,0.3498
1623961367840,-2.4109,-6.4254,6.5662,-0.4230,-0.3909,0.3351
1623961367849,-2.5114,-6.4398,6.4322,-0.4597,-0.3591,0.3119
1623961367859,-2.5976,-6.5211,6.2575,-0.4279,-0.3359,0.2887
1623961367868,-2.7100,-6.5929,5.9991,-0.3546,-0.3310,0.2680
1623961367878,-2.7818,-6.5570,5.8077,-0.2898,-0.3420,0.2460
1623961367892,-2.7052,-6.4805,5.8029,-0.2397,-0.3664,0.2289
1623961367896,-2.5617,-6.4948,5.9465,-0.2410,-0.3872,0.2105
1623961367906,-2.4133,-6.5522,6.2288,-0.2862,-0.3896,0.1934
1623961367915,-2.3128,-6.6288,6.4514,-0.3460,-0.3725,0.1873
1623961367926,-2.3344,-6.7580,6.4394,-0.3729,-0.3469,0.1775
1623961367936,-2.3607,-6.9112,6.3676,-0.3399,-0.3224,0.1604
1623961367944,-2.3750,-7.0595,6.2312,-0.2617,-0.2980,0.1421
1623961367953,-2.4397,-7.1457,6.1116,-0.1457,-0.2833,0.1250
1623961367963,-2.4373,-7.0547,6.0183,-0.0565,-0.2870,0.1214
1623961367972,-2.4301,-6.8035,6.0183,-0.0186,-0.3029,0.1238
1623961367982,-2.3846,-6.4422,6.0398,-0.0516,-0.3188,0.1091
1623961367992,-2.2722,-6.3345,6.1475,-0.1347,-0.3212,0.0908
1623961368003,-2.2028,-6.5092,6.2934,-0.2300,-0.3053,0.0713
1623961368012,-2.1932,-6.8824,6.3006,-0.3057,-0.2870,0.0566
1623961368022,-2.1142,-7.2414,6.3868,-0.3448,-0.2662,0.0578
1623961368032,-2.0951,-7.4017,6.4179,-0.3314,-0.2479,0.0652
1623961368042,-2.0353,-7.5165,6.3150,-0.2581,-0.2357,0.0578
1623961368051,-2.0305,-7.4400,6.3006,-0.1982,-0.2223,0.0444
1623961368061,-2.0831,-7.3658,6.3509,-0.1469,-0.2076,0.0456
1623961368070,-2.1597,-7.4017,6.3820,-0.1066,-0.1966,0.0432
1623961368080,-2.1214,-7.3730,6.4298,-0.1029,-0.1807,0.0285
1623961368089,-2.0305,-7.3299,6.5543,-0.1408,-0.1526,0.0370
1623961368098,-1.9587,-7.0954,6.5830,-0.2043,-0.1135,0.0493
1623961368108,-1.9204,-6.9590,6.6428,-0.2569,-0.0671,0.0456
1623961368118,-1.9395,-6.9829,6.6667,-0.2898,-0.0158,0.0346
1623961368128,-2.0927,-7.1768,6.6069,-0.2911,0.0294,0.0322
1623961368138,-2.1740,-7.3658,6.5375,-0.2654,0.0587,0.0358
1623961368147,-2.2243,-7.4687,6.4753,-0.2324,0.0807,0.0493
1623961368157,-2.1836,-7.4902,6.4203,-0.1762,0.0978,0.0554
1623961368166,-2.1716,-7.4663,6.3915,-0.1359,0.1137,0.0493
1623961368177,-2.1358,-7.3275,6.3939,-0.1237,0.1333,0.0505
1623961368184,-2.1501,-7.1528,6.3987,-0.1310,0.1577,0.0529
1623961368193,-2.2052,-7.0715,6.4155,-0.1176,0.1858,0.0370
1623961368203,-2.2410,-7.0475,6.3700,-0.0993,0.2127,0.0114
1623961368213,-2.2482,-7.1552,6.3533,-0.0699,0.2359,-0.0008
1623961368223,-2.2267,-7.2916,6.4107,-0.0247,0.2603,-0.0130
1623961368233,-2.2554,-7.2988,6.3628,0.0180,0.2799,-0.0277
1623961368243,-2.2482,-7.2581,6.2934,0.0547,0.2970,-0.0399
1623961368253,-2.2722,-7.2342,6.2145,0.0815,0.3104,-0.0521
1623961368263,-2.2602,-7.2031,6.1594,0.0669,0.3238,-0.0594
1623961368272,-2.2722,-7.2031,6.0183,0.0486,0.3263,-0.0619
1623961368282,-2.2698,-7.1744,5.9513,0.0253,0.3324,-0.0741
1623961368291,-2.2841,-7.1361,5.9441,0.0058,0.3409,-0.0912
1623961368301,-2.2889,-7.1169,5.9345,0.0021,0.3471,-0.1047
1623961368309,-2.2889,-7.0523,5.9656,-0.0015,0.3568,-0.1181
1623961368319,-2.3176,-7.0691,5.9895,0.0119,0.3703,-0.1315
1623961368330,-2.3655,-7.0787,5.9704,0.0449,0.3837,-0.1535
1623961368339,-2.3727,-7.1624,5.8843,0.0840,0.3898,-0.1743
1623961368348,-2.3439,-7.3706,5.7646,0.1304,0.3935,-0.1865
1623961368358,-2.3296,-7.4711,5.6426,0.1597,0.3947,-0.1938
1623961368368,-2.3104,-7.4807,5.5541,0.1878,0.3837,-0.1877
1623961368378,-2.2769,-7.4160,5.5397,0.2147,0.3678,-0.1853
1623961368387,-2.2793,-7.2629,5.5828,0.2489,0.3556,-0.1951
1623961368397,-2.3224,-7.1911,5.6593,0.2721,0.3532,-0.2085
1623961368405,-2.3655,-7.2103,5.6713,0.2758,0.3483,-0.2122
1623961368416,-2.3846,-7.2198,5.6450,0.2636,0.3409,-0.2134
1623961368427,-2.4229,-7.2198,5.6210,0.2392,0.3434,-0.2146
1623961368433,-2.4540,-7.1744,5.6187,0.2245,0.3446,-0.2195
1623961368443,-2.4349,-7.1169,5.6067,0.2184,0.3397,-0.2305
1623961368453,-2.4947,-7.0141,5.6354,0.2343,0.3397,-0.2464
1623961368462,-2.4875,-6.9853,5.7120,0.2575,0.3348,-0.2672
1623961368472,-2.4971,-6.9327,5.7670,0.2758,0.3238,-0.2855
1623961368483,-2.4971,-6.8537,5.7192,0.2782,0.3165,-0.3062
1623961368494,-2.4588,-6.8130,5.6857,0.2648,0.3141,-0.3221
1623961368502,-2.3822,-6.8944,5.5780,0.2343,0.3177,-0.3368
1623961368512,-2.3009,-7.1744,5.4871,0.1964,0.3202,-0.3466
1623961368522,-2.2004,-7.4687,5.4799,0.1573,0.3263,-0.3404
1623961368531,-2.1740,-7.4974,5.5876,0.1512,0.3190,-0.3343
1623961368541,-2.2004,-7.3897,5.6593,0.1939,0.3092,-0.3417
1623961368550,-2.1884,-7.2222,5.7168,0.2734,0.3031,-0.3588
1623961368561,-2.1764,-7.1863,5.7455,0.3674,0.3031,-0.3759
1623961368570,-2.2267,-7.3012,5.7120,0.4725,0.3031,-0.3930
1623961368580,-2.3056,-7.3156,5.7072,0.5201,0.2957,-0.4003
1623961368588,-2.3296,-7.1863,5.7240,0.4933,0.2750,-0.3771
1623961368599,-2.3080,-7.0069,5.6258,0.4383,0.2505,-0.3551
1623961368606,-2.2052,-6.9686,5.5564,0.3723,0.2285,-0.3637
1623961368618,-2.1214,-7.0356,5.6522,0.3088,0.2224,-0.3746
1623961368628,-2.1166,-7.1313,5.7933,0.2953,0.2175,-0.3783
1623961368637,-2.1310,-7.1409,5.9273,0.3589,0.2127,-0.3979
1623961368647,-2.1382,-7.0667,5.9895,0.4859,0.2078,-0.4272
1623961368656,-2.1860,-6.9973,6.0350,0.6350,0.2005,-0.4565
1623961368664,-2.2195,-6.9279,6.0398,0.7486,0.1895,-0.4773
1623961368674,-2.2267,-6.8202,6.0135,0.7828,0.1736,-0.4810
1623961368684,-2.1477,-6.7437,5.9728,0.7474,0.1540,-0.4822
1623961368693,-2.0353,-6.8513,5.9680,0.6618,0.1479,-0.4919
1623961368705,-1.9395,-6.8896,5.9967,0.5446,0.1430,-0.5066
1623961368714,-1.9515,-6.6647,5.9848,0.4114,0.1259,-0.5090
1623961368724,-2.0113,-6.3225,5.9728,0.3100,0.0978,-0.5237
1623961368733,-1.9946,-6.1526,5.9465,0.2624,0.0734,-0.5567
1623961368743,-1.9659,-6.2579,5.9297,0.2575,0.0673,-0.5860
1623961368753,-1.9419,-6.6049,5.9895,0.3063,0.0600,-0.6068
1623961368762,-1.9084,-7.0380,6.0757,0.3821,0.0392,-0.6227
1623961368771,-1.7577,-7.2940,6.1810,0.4407,0.0160,-0.6141
1623961368779,-1.6620,-7.4041,6.2216,0.4835,0.0013,-0.5824
1623961368789,-1.6237,-7.2533,6.3485,0.5238,-0.0097,-0.5689
1623961368799,-1.6333,-7.0906,6.4370,0.5788,-0.0280,-0.5836
1623961368810,-1.6357,-6.9399,6.5375,0.6521,-0.0402,-0.5946
1623961368820,-1.6380,-6.7150,6.6595,0.7266,-0.0585,-0.6056
1623961368829,-1.6093,-6.2962,6.4849,0.7425,-0.0879,-0.6190
1623961368839,-1.4945,-5.8870,6.2264,0.6631,-0.1172,-0.6214
1623961368849,-1.2815,-5.8751,6.1236,0.4981,-0.1221,-0.6202
1623961368858,-1.1021,-6.0928,6.1906,0.2611,-0.1050,-0.6092
1623961368868,-0.9824,-6.5762,6.3772,0.0657,-0.0683,-0.5946
1623961368877,-0.9776,-7.0356,6.6572,-0.0027,-0.0414,-0.6019
1623961368888,-0.9848,-7.2509,6.7959,0.0754,-0.0378,-0.6251
1623961368896,-0.9585,-7.2725,6.8270,0.2599,-0.0439,-0.6349
1623961368905,-0.9346,-7.1576,6.8151,0.4859,-0.0536,-0.6349
1623961368918,-0.8963,-6.9375,6.8031,0.6423,-0.0622,-0.6251
1623961368924,-0.8987,-6.6791,6.7529,0.6729,-0.0769,-0.5982
1623961368933,-0.8317,-6.4398,6.6811,0.5641,-0.0818,-0.5677
1623961368943,-0.6618,-6.1981,6.6069,0.3418,-0.0744,-0.5384
1623961368954,-0.4560,-6.2053,6.6930,0.0828,-0.0475,-0.5090
1623961368963,-0.3483,-6.3536,6.7720,-0.1249,-0.0121,-0.5042
1623961368972,-0.2957,-6.6934,6.8581,-0.2117,0.0221,-0.5225
1623961368983,-0.2813,-7.1959,6.9706,-0.1506,0.0490,-0.5420
1623961368993,-0.2646,-7.5189,7.0161,0.0070,0.0538,-0.5420
1623961369001,-0.2383,-7.5931,6.9945,0.1707,0.0428,-0.5115
1623961369059,-0.1234,-7.3897,6.9539,0.2746,0.0294,-0.4675
1623961369060,-0.0372,-7.0811,6.9036,0.2697,0.0209,-0.4174
1623961369061,-0.0660,-6.8394,6.8294,0.1524,0.0184,-0.3673
1623961369062,-0.1162,-6.9399,6.7911,-0.0076,0.0257,-0.3270
1623961369063,-0.2000,-7.2294,6.8366,-0.1212,0.0343,-0.3026
1623961369063,-0.2694,-7.3730,6.8893,-0.1555,0.0319,-0.2818
1623961369073,-0.3435,-7.3466,6.9467,-0.0993,0.0135,-0.2610
1623961369077,-0.3675,-7.1337,6.9539,-0.0174,-0.0146,-0.2439
1623961369089,-0.3459,-6.8274,7.0233,0.0131,-0.0329,-0.2207
1623961369098,-0.3555,-6.5786,7.0280,-0.0309,-0.0427,-0.1963
1623961369107,-0.3435,-6.5355,7.0233,-0.1115,-0.0353,-0.1841
1623961369117,-0.3627,-6.7389,6.9778,-0.1848,-0.0231,-0.1865
1623961369127,-0.3603,-7.0523,6.9802,-0.2104,-0.0182,-0.1877
1623961369137,-0.3603,-7.2701,7.0233,-0.1860,-0.0219,-0.1767
1623961369147,-0.3723,-7.2222,7.0520,-0.1212,-0.0378,-0.1560
1623961369154,-0.3363,-6.9973,7.0974,-0.0516,-0.0573,-0.1389
1623961369164,-0.3076,-6.8657,7.0950,0.0058,-0.0598,-0.1254
1623961369173,-0.2383,-6.8154,7.1022,0.0363,-0.0512,-0.1181
1623961369183,-0.1784,-6.7963,7.1214,0.0498,-0.0414,-0.1193
1623961369192,-0.1856,-6.7939,7.2123,0.0583,-0.0390,-0.1205
1623961369204,-0.1856,-6.7150,7.2314,0.0510,-0.0353,-0.1169
1623961369214,-0.1808,-6.6719,7.2410,0.0217,-0.0243,-0.1156
1623961369223,-0.1545,-6.6599,7.2003,-0.0040,-0.0170,-0.1132
1623961369232,-0.1545,-6.7556,7.1549,-0.0394,-0.0121,-0.1059
1623961369241,-0.1784,-6.7820,7.0687,-0.0687,-0.0048,-0.0985
1623961369252,-0.1736,-6.8442,6.9897,-0.0663,-0.0048,-0.0949
1623961369262,-0.0803,-6.9806,7.0113,-0.0418,-0.0072,-0.0924
1623961369271,-0.0396,-7.0236,7.0256,0.0021,-0.0060,-0.0876
1623961369279,-0.0301,-6.9590,7.0831,0.0498,-0.0085,-0.0802
1623961369291,-0.0516,-6.7796,7.0615,0.0840,-0.0121,-0.0766
1623961369300,-0.0875,-6.5714,7.1381,0.0718,-0.0158,-0.0668
1623961369309,-0.1665,-6.4805,7.0663,0.0388,-0.0121,-0.0521
1623961369320,-0.1952,-6.5881,6.9993,-0.0125,-0.0011,-0.0460
1623961369328,-0.2167,-6.7317,6.9802,-0.0406,0.0135,-0.0436
1623961369338,-0.2239,-6.8202,6.9826,-0.0272,0.0123,-0.0448
1623961369348,-0.2383,-6.7628,7.0065,0.0070,-0.0036,-0.0497
1623961369358,-0.2502,-6.6958,6.9945,0.0486,-0.0195,-0.0533
1623961369368,-0.2239,-6.6599,6.9586,0.0583,-0.0329,-0.0485
1623961369377,-0.1593,-6.6551,6.8964,0.0339,-0.0304,-0.0387
1623961369387,-0.1928,-6.7772,6.8414,0.0437,-0.0268,-0.0411
1623961369395,-0.2000,-6.8322,6.8821,0.0852,-0.0243,-0.0533
1623961369404,-0.2263,-6.7867,6.8916,0.1316,-0.0280,-0.0570
1623961369414,-0.2335,-6.7437,6.9945,0.1878,-0.0414,-0.0594
1623961369426,-0.1306,-6.8130,6.9945,0.2001,-0.0463,-0.0533
1623961369433,-0.1186,-6.7891,7.0711,0.1683,-0.0378,-0.0411
1623961369443,-0.0492,-6.6838,7.1860,0.1341,-0.0341,-0.0301
1623961369454,-0.0349,-6.5786,7.2027,0.1255,-0.0317,-0.0326
1623961369463,-0.0133,-6.4709,7.1429,0.0938,-0.0317,-0.0301
1623961369472,0.0250,-6.5235,7.0185,0.0559,-0.0255,-0.0094
1623961369482,0.0154,-6.7413,6.9682,0.0315,-0.0097,-0.0033
1623961369492,-0.0660,-6.9853,6.9180,0.0327,0.0013,-0.0008
1623961369502,-0.1354,-7.0978,6.9993,0.0767,0.0013,0.0102
1623961369512,-0.0875,-7.0308,6.9826,0.1463,-0.0109,0.0224
1623961369521,0.0297,-6.9088,7.0400,0.2098,-0.0158,0.0309
1623961369532,0.1590,-6.8609,7.1596,0.2233,0.0001,0.0480
1623961369540,0.2068,-6.7604,7.1860,0.2147,0.0135,0.0603
1623961369548,0.2642,-6.7484,7.1836,0.1927,0.0221,0.0761
1623961369560,0.3360,-6.7748,7.2482,0.1561,0.0404,0.1055
1623961369569,0.3504,-6.7484,7.2745,0.1377,0.0477,0.1238
1623961369579,0.3217,-6.6743,7.1812,0.1145,0.0465,0.1409
1623961369588,0.3241,-6.7508,7.0663,0.0644,0.0575,0.1678
1623961369598,0.3480,-7.0763,7.0304,0.0302,0.0795,0.1983
1623961369608,0.4150,-7.3275,7.1118,0.0156,0.1039,0.2313
1623961369617,0.5035,-7.4017,7.2745,0.0412,0.1235,0.2728
1623961369627,0.4916,-7.3658,7.3463,0.0925,0.1284,0.3156
1623961369636,0.4676,-7.2653,7.3271,0.1231,0.1333,0.3596
1623961369646,0.3839,-7.1672,7.2434,0.1048,0.1442,0.4011
1623961369654,0.3145,-7.1313,7.1716,0.0681,0.1565,0.4402
1623961369663,0.3001,-7.1457,7.1453,0.0119,0.1626,0.4842
1623961369673,0.3312,-7.1361,7.0735,-0.0614,0.1614,0.5392
1623961369683,0.3671,-7.1600,7.0496,-0.1249,0.1565,0.5832
1623961369695,0.3432,-7.1696,6.9730,-0.1799,0.1540,0.6235
1623961369702,0.1949,-7.1600,6.8940,-0.2104,0.1479,0.6638
1623961369713,0.0034,-7.1792,6.7935,-0.2068,0.1320,0.6919
1623961369723,-0.2191,-7.1193,6.7840,-0.1884,0.1051,0.7188
1623961369733,-0.3627,-7.1026,6.7170,-0.1652,0.0673,0.7444
1623961369742,-0.3794,-7.1528,6.7864,-0.1518,0.0319,0.7676
1623961369752,-0.3651,-7.0547,6.7911,-0.1897,-0.0036,0.8031
1623961369761,-0.4105,-6.9351,6.8318,-0.2397,-0.0378,0.8312
1623961369771,-0.5374,-6.7724,6.7959,-0.2630,-0.0622,0.8361
1623961369779,-0.6929,-6.7987,6.7361,-0.2691,-0.0818,0.8483
1623961369789,-0.8460,-6.8872,6.7337,-0.2544,-0.1001,0.8580
1623961369799,-1.0398,-6.9829,6.7146,-0.2055,-0.1282,0.8654
1623961369810,-1.1380,-6.9997,6.7816,-0.1726,-0.1599,0.8752
1623961369819,-1.1499,-6.8418,6.9778,-0.1591,-0.1856,0.8935
1623961369829,-1.2050,-6.5403,7.0520,-0.1738,-0.2088,0.8996
1623961369838,-1.2600,-6.3249,7.0615,-0.2031,-0.2161,0.8886
1623961369848,-1.3581,-6.3369,6.9778,-0.2349,-0.2039,0.8800
1623961369857,-1.5088,-6.4039,6.8653,-0.2605,-0.1941,0.8764
1623961369867,-1.6309,-6.6097,6.8151,-0.2471,-0.1917,0.8727
1623961369876,-1.6979,-6.5881,6.8127,-0.2129,-0.2015,0.8629
1623961369886,-1.7888,-6.3010,6.8318,-0.1872,-0.2259,0.8544
1623961369895,-1.7888,-6.0354,6.9586,-0.1860,-0.2455,0.8348
1623961369908,-1.7433,-5.9469,7.0424,-0.2117,-0.2381,0.8055
1623961369916,-1.7098,-5.9373,7.0783,-0.2679,-0.2210,0.7835
1623961369925,-1.7146,-6.0450,7.0400,-0.3106,-0.2015,0.7676
1623961369932,-1.7936,-6.0976,6.9658,-0.3228,-0.1807,0.7493
1623961369945,-1.9419,-6.0928,6.7600,-0.3008,-0.1685,0.7347
1623961369953,-2.1023,-6.0426,6.6356,-0.2373,-0.1636,0.7041
1623961369963,-2.2650,-5.9851,6.5231,-0.1677,-0.1734,0.6638
1623961369972,-2.4061,-5.8464,6.4250,-0.1029,-0.2039,0.6247
1623961369980,-2.4301,-5.8344,6.4083,-0.0895,-0.2320,0.5893
1623961369992,-2.3487,-5.7243,6.4897,-0.1396,-0.2614,0.5538
1623961370002,-2.2554,-5.6143,6.6117,-0.2410,-0.2858,0.5331
1623961370011,-2.2243,-5.5185,6.6930,-0.3497,-0.2980,0.5086
1623961370021,-2.2578,-5.6047,6.6667,-0.4218,-0.2992,0.4756
1623961370031,-2.3392,-5.8105,6.5973,-0.4462,-0.2943,0.4476
1623961370040,-2.5378,-5.9875,6.5567,-0.4047,-0.2968,0.4146
1623961370050,-2.6670,-6.0880,6.4968,-0.2996,-0.3224,0.3828
1623961370059,-2.6741,-6.1263,6.4873,-0.1750,-0.3566,0.3510
1623961370069,-2.6502,-6.0617,6.4801,-0.1017,-0.3835,0.3229
1623961370079,-2.6406,-5.8870,6.5351,-0.0919,-0.4104,0.3009
1623961370087,-2.6024,-5.7219,6.6476,-0.1261,-0.4299,0.2838
1623961370097,-2.5856,-5.7243,6.8151,-0.1884,-0.4299,0.2594
1623961370107,-2.5976,-5.8727,6.9132,-0.2373,-0.4177,0.2313
1623961370117,-2.5760,-6.0689,6.8988,-0.2397,-0.4092,0.2142
1623961370126,-2.5665,-6.1861,6.7888,-0.2129,-0.4006,0.2032
