1623961194678,0.2977,0.6765,9.9904,-0.2642,0.0453,-0.0753
1623961194679,0.0920,0.5951,10.0215,-0.2019,0.0209,-0.0594
1623961194680,0.0274,0.7219,10.1555,-0.0394,0.0013,-0.0313
1623961194681,0.1757,1.0115,10.1961,0.0913,0.0025,-0.0436
1623961194730,0.3647,1.4111,10.1459,0.1023,0.0319,-0.0839
1623961194731,0.3265,1.4326,10.1411,0.0498,0.0856,-0.1132
1623961194732,0.1877,1.3010,10.1602,-0.0211,0.1320,-0.1340
1623961194733,0.0393,1.1383,10.1172,-0.0626,0.1650,-0.1523
1623961194748,-0.0684,1.0833,10.0932,-0.0467,0.1895,-0.1731
1623961194749,-0.0971,1.1383,10.0789,-0.0040,0.1943,-0.1926
1623961194760,-0.0708,1.2531,10.1267,0.0400,0.1956,-0.2012
1623961194766,-0.0732,1.3919,10.0813,0.0620,0.2053,-0.2085
1623961194770,-0.0420,1.4326,9.9664,0.0522,0.2224,-0.2341
1623961194777,0.0130,1.4063,9.9592,0.0168,0.2481,-0.2525
1623961194788,-0.0038,1.2531,9.8755,-0.0211,0.2799,-0.2635
1623961194794,-0.0636,1.1503,9.9210,-0.0479,0.3092,-0.2830
1623961194808,-0.2071,1.0354,9.8683,-0.0553,0.3348,-0.2977
1623961194812,-0.3148,0.9588,9.9066,-0.0602,0.3532,-0.3075
1623961194822,-0.3914,0.9732,9.9473,-0.0369,0.3605,-0.3172
1623961194830,-0.4799,0.9493,9.8755,0.0021,0.3580,-0.3270
1623961194843,-0.4967,0.9349,9.9281,0.0217,0.3629,-0.3368
1623961194852,-0.5708,0.9636,9.9186,0.0290,0.3642,-0.3270
1623961194859,-0.5637,1.0139,9.8803,0.0437,0.3703,-0.3282
1623961194869,-0.5541,1.0378,9.8587,0.0534,0.3752,-0.3392
1623961194878,-0.4656,1.1096,9.8420,0.0168,0.3935,-0.3417
1623961194890,-0.4177,1.1526,9.7200,-0.0321,0.4216,-0.3551
1623961194900,-0.3699,1.0952,9.7822,-0.0638,0.4497,-0.3918
1623961194908,-0.2478,0.9301,9.7630,-0.0895,0.4741,-0.4345
1623961194919,-0.3196,0.9014,9.7965,-0.1384,0.5169,-0.4724
1623961194926,-0.6020,0.7961,9.8564,-0.2055,0.5584,-0.4932
1623961194936,-0.8747,0.5975,9.7606,-0.2630,0.5767,-0.4919
1623961194945,-1.0566,0.4468,9.7008,-0.2801,0.5951,-0.4883
1623961194955,-1.2432,0.5018,9.7056,-0.2581,0.6061,-0.4919
1623961194965,-1.3916,0.6047,9.6338,-0.1921,0.5841,-0.4785
1623961194975,-1.3294,0.6765,9.5955,-0.1176,0.5584,-0.4528
1623961194983,-1.2552,0.9182,9.6936,-0.0773,0.5621,-0.4528
1623961194994,-1.2026,0.9684,9.7343,-0.0663,0.5804,-0.4773
1623961195003,-1.1140,0.8344,9.8205,-0.0956,0.6232,-0.5090
1623961195014,-1.1332,0.7889,9.7319,-0.1506,0.6830,-0.5481
1623961195022,-1.2408,0.6789,9.5237,-0.1848,0.7405,-0.6031
1623961195032,-1.4227,0.3176,9.5094,-0.2080,0.7893,-0.6532
1623961195043,-1.7218,0.1788,9.5333,-0.2459,0.8089,-0.6606
1623961195051,-1.9180,0.1883,9.6362,-0.2666,0.8101,-0.6300
1623961195063,-1.9611,0.2888,9.8444,-0.2434,0.8113,-0.6043
1623961195074,-1.8965,0.5090,9.8061,-0.1933,0.8150,-0.5958
1623961195080,-1.8056,0.5736,9.6553,-0.1249,0.8272,-0.6056
1623961195091,-1.8319,0.5473,9.4974,-0.0663,0.8394,-0.6239
1623961195099,-1.9515,0.5281,9.4998,-0.0443,0.8443,-0.6447
1623961195110,-2.0975,0.4707,9.5094,-0.0712,0.8358,-0.6373
1623961195119,-2.1669,0.5473,9.5118,-0.1494,0.8345,-0.6227
1623961195129,-2.1238,0.6406,9.4998,-0.2324,0.8504,-0.6300
1623961195137,-2.0783,0.4707,9.5501,-0.2825,0.8712,-0.6532
1623961195149,-2.1645,0.1979,9.6721,-0.3082,0.8883,-0.6776
1623961195158,-2.2626,0.0017,9.7870,-0.3118,0.8993,-0.6801
1623961195168,-2.2745,-0.0318,9.9210,-0.2850,0.9103,-0.6740
1623961195177,-2.1693,0.2888,10.0956,-0.2495,0.9420,-0.6850
1623961195188,-1.9587,0.6071,10.2512,-0.2031,1.0031,-0.7290
1623961195197,-1.7768,0.7435,10.4833,-0.1872,1.1021,-0.7974
1623961195207,-1.8319,0.7028,10.7537,-0.2092,1.2243,-0.8768
1623961195216,-2.0161,0.6430,11.0073,-0.2740,1.3379,-0.9354
1623961195226,-2.1836,0.6717,11.1533,-0.3656,1.4515,-0.9635
1623961195235,-2.3128,0.8655,11.4165,-0.4413,1.5859,-1.0014
1623961195245,-2.3750,1.2053,11.5122,-0.4988,1.7398,-1.0881
1623961195255,-2.3392,1.5020,11.0887,-0.5757,1.9011,-1.2005
1623961195264,-2.2913,1.5714,10.6675,-0.7150,2.0856,-1.3533
1623961195274,-2.5497,1.3800,9.9568,-0.9349,2.2444,-1.4852
1623961195284,-2.8584,0.9875,9.4902,-1.1902,2.3849,-1.5500
1623961195293,-3.4087,0.6526,9.2677,-1.4273,2.5010,-1.5939
1623961195301,-3.7653,0.2027,8.9830,-1.5861,2.5682,-1.6428
1623961195311,-4.0979,-0.3261,8.8538,-1.6985,2.6207,-1.6782
1623961195320,-4.5358,-0.7664,8.6647,-1.7388,2.6476,-1.6709
1623961195330,-4.9354,-1.0176,8.1359,-1.6936,2.6024,-1.6208
1623961195343,-5.1818,-0.9913,7.4516,-1.6020,2.5095,-1.5695
1623961195350,-5.3493,-0.9195,6.8797,-1.5042,2.3886,-1.5316
1623961195359,-5.5814,-1.0344,6.1259,-1.4554,2.2383,-1.5011
1623961195370,-5.8231,-1.4029,5.5541,-1.4945,2.0734,-1.4571
1623961195380,-6.1868,-1.9341,5.2526,-1.5433,1.8950,-1.3875
1623961195390,-6.4787,-2.7596,5.1880,-1.5348,1.7081,-1.3093
1623961195399,-6.6989,-3.3339,5.4201,-1.4077,1.5297,-1.2702
1623961195408,-6.7731,-3.5110,5.6904,-1.1292,1.3733,-1.2555
1623961195418,-6.7683,-3.4846,6.0446,-0.7345,1.2267,-1.2519
1623961195427,-6.8377,-3.4870,6.1116,-0.3057,1.0764,-1.2433
1623961195437,-6.8042,-3.6641,5.7838,0.0669,0.9213,-1.2140
1623961195447,-6.6989,-3.4870,5.0564,0.2966,0.7722,-1.1981
1623961195457,-6.4620,-3.3171,4.6974,0.4261,0.6525,-1.1786
1623961195466,-6.3902,-3.0874,4.5993,0.4713,0.5279,-1.1798
1623961195476,-6.3782,-2.6472,4.4629,0.3723,0.3861,-1.2018
1623961195485,-6.3782,-2.2811,4.6544,0.1671,0.2689,-1.2066
1623961195495,-6.3734,-1.7139,4.6496,-0.1359,0.1504,-1.2152
1623961195504,-6.2371,-1.1301,4.4031,-0.5220,0.0172,-1.2580
1623961195514,-6.0456,-1.4292,3.9174,-0.9276,-0.0891,-1.3142
1623961195524,-5.8159,-2.6711,3.4221,-1.3356,-0.1550,-1.3496
1623961195533,-5.4809,-4.6810,3.2067,-1.6582,-0.1526,-1.3264
1623961195541,-5.0574,-6.5929,3.9987,-1.7205,-0.0756,-1.2580
1623961195551,-4.9976,-7.6194,4.5180,-1.3808,-0.0488,-1.2152
1623961195561,-5.2704,-7.7080,4.7549,-0.6148,-0.1722,-1.2201
1623961195570,-5.3613,-6.9255,4.8913,0.2257,-0.3737,-1.2384
1623961195579,-5.3421,-5.9205,4.9104,0.7889,-0.5252,-1.2311
1623961195590,-5.3086,-4.8797,5.1999,0.9147,-0.5753,-1.1859
1623961195600,-5.3661,-4.1905,5.2358,0.7132,-0.5643,-1.1248
1623961195608,-5.4331,-3.8292,5.4727,0.3980,-0.5216,-1.0869
1623961195620,-5.5144,-4.1833,5.3698,0.1500,-0.4690,-1.0796
1623961195627,-5.5838,-4.8653,5.2765,0.0302,-0.4446,-1.0930
1623961195638,-5.5958,-5.3247,5.6928,0.0156,-0.4422,-1.0979
1623961195647,-5.3493,-5.8727,5.9776,0.1243,-0.4666,-1.1040
1623961195658,-4.8803,-6.3058,6.2839,0.1964,-0.4654,-1.1113
1623961195667,-4.6219,-6.3369,6.6787,0.0999,-0.4299,-1.0698
1623961195677,-4.6195,-6.1191,6.6643,-0.0455,-0.4177,-1.0002
1623961195686,-4.8396,-5.6812,6.3222,-0.0602,-0.4336,-0.9550
1623961195696,-4.9210,-5.4898,6.0470,0.0730,-0.4507,-0.9513
1623961195706,-5.2201,-5.5425,5.8436,0.2941,-0.4629,-0.9831
1623961195714,-5.1962,-5.5114,5.7263,0.4737,-0.5143,-0.9855
1623961195725,-4.9210,-5.4779,5.7359,0.5776,-0.5827,-0.9403
1623961195735,-4.5453,-5.7339,5.8388,0.6643,-0.6205,-0.9085
1623961195744,-3.8706,-6.1742,5.9321,0.7462,-0.6328,-0.9073
1623961195754,-3.4614,-6.5499,6.3269,0.7730,-0.6083,-0.8878
1623961195764,-3.3800,-6.6862,6.6739,0.7755,-0.6046,-0.8279
1623961195774,-3.2724,-6.5570,6.9706,0.7926,-0.6340,-0.7693
1623961195781,-3.2604,-6.3369,7.4252,0.8366,-0.6547,-0.7436
1623961195791,-3.3035,-6.2077,7.7961,0.8634,-0.6596,-0.7180
1623961195800,-3.2724,-5.8248,7.8248,0.8378,-0.6682,-0.6886
1623961195810,-2.9326,-5.3989,7.6789,0.8024,-0.6608,-0.6618
1623961195820,-2.5976,-5.1668,7.4635,0.7669,-0.6254,-0.6520
1623961195831,-2.4038,-5.0328,7.2673,0.7034,-0.5753,-0.6385
1623961195841,-2.4229,-4.9275,7.2817,0.6533,-0.5277,-0.6471
1623961195850,-2.5569,-5.0161,7.5042,0.6667,-0.5130,-0.6838
1623961195860,-2.5186,-5.2769,7.9134,0.7168,-0.5167,-0.7070
1623961195869,-2.2865,-5.3295,8.0713,0.7401,-0.5252,-0.7143
1623961195879,-1.8151,-5.2123,8.0091,0.6741,-0.5277,-0.7070
1623961195889,-1.4729,-5.0902,7.9469,0.5018,-0.5033,-0.7009
1623961195898,-1.2672,-4.9682,7.9134,0.2843,-0.4666,-0.7082
1623961195907,-1.0757,-5.1644,8.1359,0.0999,-0.4177,-0.7192
1623961195917,-0.9465,-5.4013,8.5092,-0.0553,-0.3676,-0.7192
1623961195927,-0.9106,-5.6143,8.6839,-0.1298,-0.3456,-0.6948
1623961195937,-0.9393,-5.8511,8.6671,-0.1176,-0.3102,-0.6654
1623961195946,-0.9106,-6.0545,8.4183,-0.0479,-0.2467,-0.6324
1623961195956,-0.9298,-6.4374,8.2723,0.0815,-0.1941,-0.5982
1623961195965,-1.0207,-6.6097,8.2220,0.2037,-0.1819,-0.5518
1623961195975,-1.0710,-6.2890,8.2986,0.2611,-0.2003,-0.4822
1623961195985,-1.0375,-5.7028,8.3800,0.2477,-0.2223,-0.4247
1623961195994,-0.9202,-5.2553,8.1024,0.1243,-0.2369,-0.4003
1623961196003,-0.5996,-5.5233,8.0115,-0.0736,-0.1893,-0.3771
1623961196013,-0.5900,-6.0258,8.0139,-0.2654,-0.1062,-0.3368
1623961196022,-0.7719,-6.4422,8.0833,-0.3277,-0.0573,-0.2940
1623961196031,-1.0446,-6.5427,8.1766,-0.2214,-0.0512,-0.2623
1623961196041,-1.2265,-6.3082,8.1311,-0.0296,-0.0720,-0.2415
1623961196050,-1.2361,-5.7889,8.0019,0.1243,-0.0964,-0.2305
1623961196063,-1.2169,-5.4013,7.9182,0.1854,-0.0940,-0.2146
1623961196071,-1.2050,-5.3223,7.8775,0.1658,-0.0720,-0.1914
1623961196079,-1.2313,-5.4300,7.9565,0.1121,-0.0402,-0.1670
1623961196090,-1.3940,-5.5449,7.9971,0.0693,-0.0243,-0.1474
1623961196098,-1.5041,-5.5520,7.9852,0.0730,-0.0341,-0.1376
1623961196110,-1.5830,-5.4276,7.8560,0.0681,-0.0488,-0.1364
1623961196118,-1.5639,-5.2099,7.9995,0.0278,-0.0561,-0.1376
1623961196129,-1.5902,-5.1835,7.9565,-0.0199,-0.0659,-0.1254
1623961196137,-1.3294,-5.4133,7.9469,-0.0724,-0.0390,-0.1059
1623961196148,-1.3270,-5.7985,8.1000,-0.0406,0.0221,-0.1034
1623961196157,-1.3533,-6.0354,8.2388,0.0742,0.0490,-0.0912
1623961196167,-1.5304,-5.9349,8.2699,0.2709,0.0416,-0.0753
1623961196177,-1.6740,-5.5042,8.2651,0.4627,0.0147,-0.0704
1623961196187,-1.7266,-5.0998,8.2053,0.5702,-0.0134,-0.0692
1623961196196,-1.7577,-4.7026,8.0426,0.5153,-0.0255,-0.0570
1623961196206,-1.8008,-4.5925,7.9517,0.3723,-0.0158,-0.0497
1623961196216,-1.7242,-4.6571,7.8344,0.2135,-0.0072,-0.0619
1623961196225,-1.7098,-4.7887,7.7937,0.0669,0.0038,-0.0692
1623961196235,-1.7481,-5.0232,7.8895,-0.0101,0.0074,-0.0717
1623961196244,-1.7410,-5.2601,7.9062,-0.0137,-0.0011,-0.0912
1623961196253,-1.6380,-5.4204,8.0498,0.0241,0.0001,-0.1034
1623961196262,-1.5926,-5.4779,8.0617,0.0889,-0.0011,-0.1010
1623961196274,-1.5280,-5.3965,7.9899,0.1500,-0.0085,-0.1022
1623961196281,-1.5376,-5.1835,7.8583,0.1891,-0.0146,-0.1022
1623961196291,-1.6452,-4.9921,7.5880,0.1988,-0.0329,-0.0949
1623961196300,-1.6189,-4.7863,7.3343,0.1768,-0.0683,-0.0924
1623961196310,-1.5184,-5.0280,7.2936,0.1268,-0.0830,-0.0937
1623961196321,-1.5519,-5.2673,7.5592,0.0571,-0.0915,-0.0876
1623961196329,-1.5519,-5.3104,7.7124,0.0412,-0.1147,-0.0766
1623961196339,-1.5208,-5.3032,7.8464,0.1048,-0.1428,-0.0790
1623961196350,-1.4107,-5.2386,7.8942,0.1561,-0.1660,-0.0717
1623961196360,-1.2600,-5.2458,7.9828,0.1781,-0.1722,-0.0497
1623961196369,-1.1786,-5.2410,8.0139,0.1707,-0.1624,-0.0375
1623961196379,-1.1044,-5.3319,7.9876,0.1707,-0.1489,-0.0289
1623961196388,-1.1332,-5.4061,7.8153,0.1768,-0.1477,-0.0167
1623961196398,-1.2504,-5.4803,7.6980,0.1805,-0.1465,-0.0045
1623961196408,-1.4897,-5.1931,7.7028,0.1878,-0.1538,0.0053
1623961196417,-1.5041,-4.6930,7.5353,0.2086,-0.1807,0.0041
1623961196427,-1.3318,-4.7792,7.9876,0.2037,-0.1722,-0.0020
1623961196437,-1.4490,-4.9323,8.0689,0.1011,-0.1465,0.0053
1623961196446,-1.4131,-5.0567,8.4015,-0.0040,-0.1123,0.0224
1623961196456,-1.4012,-5.1118,8.4972,0.0095,-0.1160,0.0248
1623961196466,-1.2648,-4.9682,8.4589,0.0498,-0.1343,0.0102
1623961196475,-1.1356,-4.9658,8.3680,0.0718,-0.1380,0.0151
1623961196485,-1.1308,-5.0926,8.1957,0.0510,-0.1221,0.0297
1623961196494,-1.1595,-5.3128,8.2197,0.0339,-0.0964,0.0383
1623961196502,-1.1930,-5.3104,8.3489,0.0315,-0.0732,0.0456
1623961196512,-1.3222,-5.0830,8.3967,0.0266,-0.0683,0.0542
1623961196521,-1.4203,-5.0113,8.3919,0.0278,-0.0646,0.0664
1623961196531,-1.5304,-5.0017,8.2053,0.0107,-0.0561,0.0774
1623961196541,-1.5352,-4.9443,8.1766,0.0021,-0.0536,0.0774
1623961196550,-1.4825,-4.8509,8.2962,0.0388,-0.0671,0.0700
1623961196561,-1.5423,-4.8007,8.3010,0.0767,-0.0927,0.0725
1623961196571,-1.4897,-4.6619,8.2795,0.0962,-0.1074,0.0700
1623961196580,-1.4395,-4.5710,8.4446,0.0889,-0.1013,0.0493
1623961196590,-1.5256,-4.4346,8.2627,0.0620,-0.1123,0.0199
1623961196599,-1.5136,-4.3700,8.0761,0.0192,-0.1184,0.0041
1623961196608,-1.5088,-4.4346,8.0905,-0.0321,-0.1172,-0.0081
1623961196617,-1.4658,-4.5614,8.1527,-0.0895,-0.1135,-0.0240
1623961196627,-1.4323,-4.5447,8.2197,-0.1384,-0.1025,-0.0423
1623961196638,-1.3031,-4.6810,8.2867,-0.1689,-0.1037,-0.0570
1623961196647,-1.2863,-4.7552,8.2316,-0.2080,-0.1111,-0.0729
1623961196657,-1.1762,-4.7624,8.2771,-0.2605,-0.1172,-0.0802
1623961196666,-1.1021,-4.8701,8.4613,-0.2666,-0.1147,-0.0851
1623961196708,-1.0255,-4.8390,8.4183,-0.2825,-0.1062,-0.0998
1623961196709,-0.8891,-4.9155,8.4757,-0.2935,-0.0720,-0.1205
1623961196710,-0.8987,-5.0663,8.4111,-0.3021,-0.0390,-0.1352
1623961196711,-0.8747,-5.1644,8.2699,-0.3130,-0.0146,-0.1376
1623961196718,-0.7982,-5.2410,8.1790,-0.3155,-0.0060,-0.1291
1623961196723,-0.5732,-5.2625,8.2627,-0.3473,0.0099,-0.1120
1623961196734,-0.4488,-5.4779,8.3489,-0.3961,0.0392,-0.0876
1623961196743,-0.3029,-5.9229,8.4542,-0.4536,0.0844,-0.0460
1623961196752,-0.3723,-6.2507,8.5953,-0.5208,0.1345,-0.0069
1623961196761,-0.4584,-6.3871,8.6791,-0.5354,0.1687,0.0261
1623961196771,-0.4943,-6.2555,8.6839,-0.5073,0.1907,0.0578
1623961196785,-0.3938,-6.1790,8.7963,-0.4719,0.2188,0.0896
1623961196791,-0.3220,-6.1167,8.6863,-0.4829,0.2579,0.1275
1623961196801,-0.0229,-6.2627,8.5594,-0.5647,0.3092,0.1800
1623961196809,0.2810,-6.7652,8.5164,-0.6588,0.3959,0.2557
1623961196825,0.6495,-7.5261,8.4781,-0.7455,0.4851,0.3510
1623961196829,0.9247,-8.1985,8.4183,-0.8030,0.5633,0.4622
1623961196839,1.0108,-8.5263,8.1431,-0.8518,0.6012,0.5905
1623961196851,1.0443,-8.5646,7.8607,-0.9398,0.5987,0.7322
1623961196857,1.0802,-8.5885,7.6693,-1.0913,0.5914,0.8825
1623961196867,1.1544,-8.4761,7.5257,-1.3344,0.5780,1.0437
1623961196877,1.0611,-8.3229,7.2099,-1.6203,0.5547,1.2026
1623961196888,0.7787,-8.0717,6.7768,-1.8805,0.5254,1.3309
1623961196896,0.3073,-7.9209,6.3844,-2.0455,0.4839,1.4310
1623961196906,-0.3890,-7.8994,6.1810,-2.1102,0.4191,1.5092
1623961196915,-1.1092,-7.8037,5.9034,-2.1127,0.3165,1.5740
1623961196925,-1.6261,-7.4448,5.6689,-2.1066,0.2017,1.6216
1623961196937,-1.8845,-6.9806,5.6139,-2.1175,0.0917,1.6485
1623961196944,-1.9707,-6.4493,5.5134,-2.1652,-0.0060,1.6290
1623961196954,-2.0065,-5.8894,5.4249,-2.2641,-0.0805,1.5886
1623961196963,-2.1023,-5.6238,5.5229,-2.3436,-0.1196,1.5349
1623961196973,-2.4301,-5.4922,5.3818,-2.3362,-0.1441,1.4371
1623961196983,-2.9445,-5.5712,5.0396,-2.2593,-0.1880,1.3247
1623961196992,-3.5236,-5.6119,4.6472,-2.1127,-0.2552,1.2343
1623961197002,-4.0524,-5.6214,4.4581,-1.8878,-0.3481,1.1513
1623961197011,-4.4257,-5.4228,4.5228,-1.5983,-0.4458,1.0291
1623961197021,-4.6434,-5.0280,4.4342,-1.2941,-0.5497,0.8898
1623961197031,-4.6195,-5.0974,4.7692,-0.9948,-0.6340,0.7579
1623961197040,-4.4544,-5.3726,5.1568,-0.7688,-0.6926,0.6381
1623961197050,-4.3013,-5.4396,5.4488,-0.6209,-0.7171,0.5563
1623961197059,-4.3659,-5.3104,5.6689,-0.5146,-0.7231,0.4940
1623961197069,-4.5573,-4.9179,5.6210,-0.4768,-0.7341,0.4133
1623961197079,-4.8516,-4.6691,5.3267,-0.4853,-0.7305,0.3181
1623961197091,-5.1770,-4.6691,4.9295,-0.5452,-0.7183,0.2105
1623961197098,-5.4235,-4.8031,4.7716,-0.6246,-0.7305,0.1006
1623961197108,-5.3493,-5.1548,5.2095,-0.6722,-0.7586,-0.0008
1623961197117,-5.0454,-5.6143,5.5158,-0.6832,-0.7745,-0.0851
1623961197127,-4.7894,-6.0091,5.7694,-0.6649,-0.7427,-0.1462
1623961197140,-4.6698,-6.3584,5.7096,-0.5916,-0.6877,-0.1816
1623961197146,-4.6387,-6.6886,5.4105,-0.4536,-0.6364,-0.2036
1623961197155,-4.5429,-6.7484,5.0707,-0.2813,-0.5961,-0.2305
1623961197165,-4.4400,-6.4924,4.7214,-0.1200,-0.5778,-0.2647
1623961197174,-4.3826,-6.3130,4.6472,-0.0003,-0.5875,-0.3087
1623961197184,-4.2199,-6.2148,5.0707,0.0192,-0.6144,-0.3612
1623961197193,-3.9352,-6.2579,5.5158,-0.0773,-0.6315,-0.3893
1623961197203,-3.7031,-6.5594,5.8723,-0.2178,-0.6034,-0.3967
1623961197213,-3.5858,-7.1241,5.9848,-0.3522,-0.5362,-0.3967
1623961197223,-3.5260,-7.7199,5.8221,-0.4450,-0.4642,-0.3746
1623961197232,-3.5092,-8.2272,5.6019,-0.4597,-0.3945,-0.3368
1623961197241,-3.4733,-8.4354,5.4966,-0.4157,-0.3469,-0.3026
1623961197251,-3.4422,-8.4665,5.5277,-0.3130,-0.3298,-0.2794
1623961197261,-3.3058,-8.4593,5.8508,-0.1933,-0.3175,-0.2513
1623961197270,-3.1886,-7.9999,6.0039,-0.1567,-0.2833,-0.2183
1623961197280,-3.1264,-7.4352,6.1546,-0.2068,-0.2247,-0.1731
1623961197290,-3.0379,-7.3706,6.4514,-0.3069,-0.1428,-0.1291
1623961197299,-3.0403,-7.6458,6.5088,-0.4206,-0.0427,-0.0766
1623961197309,-3.1312,-7.9305,6.5184,-0.4939,0.0624,-0.0240
1623961197318,-3.2101,-8.0549,6.3341,-0.4804,0.1418,0.0126
1623961197332,-3.2771,-7.8683,6.0183,-0.4462,0.1968,0.0248
1623961197338,-3.2724,-7.7941,5.9585,-0.4413,0.2481,0.0358
1623961197349,-3.3585,-7.6888,5.9058,-0.4780,0.2970,0.0505
1623961197359,-3.3705,-7.6147,5.9393,-0.5379,0.3422,0.0664
1623961197369,-3.3274,-7.7367,5.8125,-0.5525,0.3898,0.0676
1623961197378,-3.3346,-7.8420,5.6234,-0.5317,0.4277,0.0578
1623961197388,-3.2628,-7.9329,5.4153,-0.4914,0.4582,0.0627
1623961197398,-3.2388,-7.9425,5.3148,-0.4291,0.4827,0.0749
1623961197407,-3.3274,-7.7510,5.2980,-0.3289,0.4998,0.0627
1623961197417,-3.4016,-7.5333,5.3196,-0.2178,0.5059,0.0261
1623961197426,-3.4877,-7.2462,5.2837,-0.1420,0.5157,-0.0081
1623961197436,-3.5667,-7.0236,5.3100,-0.1017,0.5291,-0.0338
1623961197446,-3.6983,-6.8968,5.1377,-0.0846,0.5340,-0.0741
1623961197455,-3.7581,-6.9303,4.8769,-0.0553,0.5401,-0.1181
1623961197464,-3.8083,-7.0763,4.6137,0.0009,0.5596,-0.1596
1623961197474,-3.8849,-7.1552,4.4270,0.1023,0.5731,-0.2134
1623961197484,-3.8347,-7.2557,4.2787,0.2746,0.5633,-0.2757
1623961197494,-3.7222,-7.3203,4.0442,0.4700,0.5364,-0.3380
1623961197503,-3.6361,-7.4017,4.0585,0.6521,0.5157,-0.3844
1623961197513,-3.5882,-7.4639,4.1423,0.8390,0.4973,-0.4186
1623961197523,-3.5332,-7.6290,4.1447,1.0479,0.4704,-0.4516
1623961197530,-3.4207,-7.9520,4.2117,1.2849,0.4546,-0.4846
1623961197540,-3.3178,-8.1171,4.3385,1.5342,0.4424,-0.5176
1623961197550,-3.2197,-7.9760,4.3433,1.7480,0.3910,-0.5433
1623961197559,-3.1072,-7.6362,4.3241,1.8652,0.3202,-0.5567
1623961197571,-2.9972,-7.3179,4.3002,1.8787,0.2444,-0.5530
1623961197579,-2.8632,-7.2174,4.2476,1.8274,0.1809,-0.5371
1623961197589,-2.7244,-7.3132,4.4151,1.7663,0.1442,-0.5408
1623961197600,-2.5713,-7.2701,4.8362,1.7516,0.1235,-0.5738
1623961197607,-2.5401,-7.1385,5.0587,1.8201,0.0942,-0.6251
1623961197617,-2.6311,-7.2079,5.0970,1.9361,0.0563,-0.6789
1623961197627,-2.5162,-7.4041,5.1544,1.9215,0.0135,-0.6996
1623961197637,-2.1047,-7.7199,5.2334,1.6918,-0.0219,-0.6385
1623961197646,-1.7338,-8.0119,5.2358,1.3216,-0.0463,-0.5286
1623961197657,-1.4562,-8.1841,5.2765,0.9160,-0.0671,-0.4492
1623961197667,-1.3988,-8.2129,5.5229,0.6142,-0.0671,-0.4003
1623961197676,-1.4323,-8.0358,5.7551,0.5153,-0.0573,-0.3808
1623961197686,-1.4993,-7.8228,5.9010,0.6277,-0.0683,-0.3930
1623961197696,-1.6787,-7.7510,5.9943,0.8598,-0.0915,-0.3930
1623961197705,-1.8032,-7.6099,6.0087,1.0540,-0.1318,-0.3612
1623961197715,-1.8295,-7.3538,5.9824,1.0882,-0.1758,-0.2842
1623961197724,-1.8247,-7.0667,5.8412,0.9478,-0.2173,-0.1963
1623961197734,-1.7577,-6.9136,5.6833,0.6790,-0.2320,-0.1389
1623961197743,-1.6620,-7.1361,5.7933,0.4346,-0.1807,-0.1230
1623961197753,-1.6883,-7.2103,6.3174,0.3357,-0.1282,-0.1450
1623961197763,-1.6452,-7.1193,6.7409,0.4334,-0.1196,-0.1902
1623961197771,-1.6189,-7.0571,7.0089,0.6325,-0.1343,-0.2097
1623961197780,-1.4706,-6.7652,7.0304,0.7510,-0.1587,-0.1816
1623961197790,-1.3892,-6.4517,6.8079,0.7181,-0.1770,-0.1205
1623961197799,-1.3725,-6.3680,6.5112,0.5800,-0.1856,-0.0814
1623961197812,-1.3366,-6.5546,6.4968,0.4175,-0.1636,-0.0778
1623961197820,-1.3342,-6.8968,6.6308,0.3405,-0.1233,-0.0778
1623961197830,-1.3533,-7.0164,6.9993,0.4261,-0.0988,-0.0888
1623961197839,-1.4610,-6.8537,7.2147,0.6167,-0.1135,-0.1120
1623961197849,-1.5663,-6.5714,7.4252,0.7767,-0.1441,-0.0961
1623961197859,-1.6380,-6.1143,7.4109,0.8085,-0.1795,-0.0558
1623961197867,-1.6572,-5.7889,7.3367,0.6936,-0.1954,-0.0338
1623961197878,-1.6237,-5.7124,7.3056,0.4798,-0.1856,-0.0411
1623961197887,-1.5447,-5.7770,7.2936,0.2599,-0.1441,-0.0594
1623961197895,-1.4897,-5.9516,7.3917,0.1096,-0.1062,-0.0778
1623961197905,-1.5136,-6.1024,7.4587,0.0510,-0.0964,-0.0900
1623961197914,-1.5495,-5.9205,7.4731,0.0290,-0.1086,-0.0876
1623961197926,-1.5639,-5.7889,7.4013,0.0192,-0.1355,-0.0729
1623961197936,-1.6237,-5.8392,7.1381,-0.0089,-0.1575,-0.0680
1623961197944,-1.6763,-6.2388,7.0448,-0.0516,-0.1367,-0.0643
1623961197954,-1.6476,-6.6312,7.2601,-0.0272,-0.1050,-0.0790
1623961197964,-1.6093,-6.6073,7.5425,0.0852,-0.0842,-0.1034
1623961197974,-1.6117,-6.2244,7.8296,0.2538,-0.0866,-0.1242
1623961197983,-1.6046,-5.7650,7.9947,0.3760,-0.0915,-0.1328
1623961197993,-1.5830,-5.4611,7.9588,0.3674,-0.0756,-0.1217
1623961198003,-1.5878,-5.4444,7.7435,0.2330,-0.0549,-0.1083
1623961198012,-1.5567,-5.7028,7.3487,0.0400,-0.0341,-0.1083
1623961198021,-1.5495,-6.0785,7.1429,-0.1396,-0.0170,-0.1193
1623961198029,-1.5615,-6.1622,7.2123,-0.2385,-0.0109,-0.1364
1623961198039,-1.6093,-6.0856,7.1309,-0.2141,-0.0317,-0.1486
1623961198049,-1.5711,-6.0856,7.1740,-0.1261,-0.0598,-0.1511
1623961198059,-1.6069,-6.1167,7.2242,-0.0443,-0.0646,-0.1511
1623961198072,-1.5352,-6.2603,7.4755,0.0290,-0.0695,-0.1499
1623961198080,-1.4777,-6.3536,7.4372,0.0608,-0.0744,-0.1352
1623961198091,-1.4107,-6.3441,7.3702,0.0461,-0.0781,-0.1169
1623961198097,-1.4418,-6.3058,7.2817,-0.0064,-0.0805,-0.1059
1623961198108,-1.3916,-6.2531,7.2218,-0.0687,-0.0793,-0.0961
1623961198117,-1.2384,-6.2890,7.1309,-0.1017,-0.0756,-0.0802
1623961198127,-1.0853,-6.4374,6.9730,-0.0699,-0.0598,-0.0802
1623961198137,-0.9441,-6.6408,7.2434,0.0143,-0.0341,-0.0802
1623961198147,-1.1332,-6.6575,7.3702,0.1328,-0.0231,-0.0692
1623961198156,-1.2408,-6.5163,7.3559,0.2721,-0.0280,-0.0680
1623961198165,-1.3174,-6.3895,7.3247,0.3809,-0.0280,-0.0631
1623961198176,-1.3389,-6.2196,7.3678,0.3992,-0.0268,-0.0472
1623961198185,-1.3605,-6.0617,7.2218,0.3296,-0.0304,-0.0191
1623961198195,-1.2528,-6.2101,7.2865,0.2440,-0.0158,0.0078
1623961198204,-1.1762,-6.4158,7.1166,0.1719,-0.0170,0.0395
1623961198214,-1.0733,-6.5642,7.0974,0.1744,-0.0280,0.0615
1623961198223,-1.1236,-6.5331,7.1979,0.2868,-0.0390,0.0615
1623961198233,-1.3222,-6.3177,7.4013,0.4371,-0.0659,0.0652
1623961198241,-1.3653,-5.8535,7.3894,0.5458,-0.1147,0.0664
1623961198252,-1.3150,-5.8057,7.1931,0.5458,-0.1392,0.0774
1623961198261,-1.3581,-5.8272,7.2817,0.4713,-0.1196,0.0847
1623961198270,-1.3677,-5.7267,7.5257,0.3845,-0.0988,0.0835
1623961198280,-1.3629,-5.7148,7.6956,0.3748,-0.0964,0.0810
1623961198289,-1.3031,-5.5999,7.9182,0.3857,-0.0927,0.0798
1623961198299,-1.2863,-5.3510,8.0402,0.4053,-0.0879,0.0798
1623961198308,-1.3844,-5.1764,7.9134,0.4481,-0.0952,0.0700
1623961198320,-1.4777,-5.1716,7.6167,0.4884,-0.1111,0.0297
1623961198327,-1.4658,-5.6406,7.2793,0.5018,-0.1331,0.0187
1623961198339,-1.4107,-5.8631,7.3630,0.4444,-0.1270,0.0322
1623961198349,-1.2504,-5.4515,7.7650,0.3418,-0.1208,0.0297
1623961198358,-1.0710,-5.1070,8.0952,0.2562,-0.1147,0.0248
1623961198368,-1.0087,-4.8892,8.2460,0.1512,-0.0793,-0.0008
1623961198377,-1.1308,-4.8677,8.1359,0.0449,-0.0524,-0.0265
1623961198387,-1.2432,-5.1979,8.0067,-0.0162,-0.0329,-0.0350
1623961198395,-1.2983,-5.2721,7.9206,-0.0736,-0.0231,-0.0448
1623961198406,-1.2265,-5.3319,7.9086,-0.1102,-0.0170,-0.0448
1623961198416,-1.1930,-5.4396,7.8871,-0.1371,-0.0036,-0.0436
1623961198425,-1.2552,-5.4898,7.8512,-0.1836,0.0074,-0.0485
1623961198435,-1.2432,-5.5975,7.8464,-0.2019,0.0135,-0.0497
1623961198445,-1.1762,-5.5712,7.9062,-0.2043,0.0172,-0.0460
1623961198454,-1.1906,-5.4372,7.8990,-0.1982,0.0184,-0.0509
1623961198464,-1.1427,-5.4803,7.8942,-0.2068,0.0270,-0.0533
1623961198473,-1.1810,-5.6478,7.9541,-0.2385,0.0490,-0.0497
1623961198484,-1.2456,-5.8296,7.9588,-0.2715,0.0587,-0.0460
1623961198493,-1.1762,-5.9349,7.9660,-0.3045,0.0685,-0.0448
1623961198502,-1.0470,-5.9708,7.9780,-0.3399,0.0819,-0.0350
1623961198510,-0.9417,-6.0426,7.9182,-0.3790,0.0905,-0.0106
1623961198520,-0.9752,-6.0641,7.8823,-0.4279,0.1039,0.0078
1623961198530,-1.0590,-6.2148,7.8344,-0.4523,0.1210,0.0126
1623961198539,-1.1571,-6.4781,7.6980,-0.4450,0.1333,0.0261
1623961198552,-1.0542,-6.6671,7.6717,-0.4169,0.1442,0.0517
1623961198560,-0.9729,-6.6982,7.6621,-0.3815,0.1491,0.0822
1623961198570,-0.8939,-6.6934,7.6837,-0.3839,0.1479,0.1238
1623961198579,-0.7719,-6.7102,7.6358,-0.4426,0.1528,0.1727
1623961198588,-0.7838,-6.8513,7.5377,-0.5293,0.1687,0.2166
1623961198597,-0.8006,-7.0093,7.4707,-0.6051,0.1882,0.2533
1623961198606,-0.8053,-7.2342,7.4372,-0.6283,0.2041,0.2887
1623961198617,-0.6618,-7.4089,7.3200,-0.6258,0.2115,0.3303
1623961198626,-0.4153,-7.4926,7.1955,-0.6490,0.2151,0.3987
1623961198637,-0.3459,-7.5070,6.9754,-0.7101,0.2066,0.4659
1623961198645,-0.3890,-7.5118,6.8151,-0.8152,0.2041,0.5172
1623961198656,-0.4488,-7.4615,6.6691,-0.9630,0.2102,0.5636
1623961198666,-0.5493,-7.4472,6.5686,-1.0595,0.2139,0.6076
1623961198675,-0.6642,-7.5811,6.5375,-1.0999,0.2115,0.6552
1623961198685,-0.7671,-7.6960,6.5016,-1.1328,0.1968,0.7102
1623961198694,-0.8030,-7.6242,6.3245,-1.1829,0.1797,0.7738
1623961198704,-0.8891,-7.5500,6.1594,-1.2355,0.1601,0.8214
1623961198713,-1.0925,-7.5142,6.0063,-1.3027,0.1455,0.8556
1623961198723,-1.3916,-7.3586,5.8962,-1.4065,0.1259,0.8861
1623961198733,-1.6333,-7.3060,5.8340,-1.4737,0.0954,0.9020
1623961198741,-1.7888,-7.4256,5.8221,-1.4688,0.0563,0.9081
1623961198752,-1.8965,-7.4041,5.8914,-1.4444,0.0062,0.9155
1623961198760,-1.9635,-7.1385,5.8005,-1.4199,-0.0475,0.9289
1623961198770,-2.0592,-6.9662,5.7120,-1.4419,-0.0964,0.9436
1623961198780,-2.1836,-6.7197,5.4751,-1.5385,-0.1282,0.9497
1623961198789,-2.4564,-6.7389,5.2262,-1.6533,-0.1526,0.9484
1623961198801,-2.7555,-6.8202,5.0779,-1.7119,-0.1819,0.9106
1623961198808,-3.0139,-6.8896,4.9343,-1.6704,-0.2247,0.8642
1623961198819,-3.1958,-6.9136,5.0468,-1.5201,-0.2784,0.8129
1623961198829,-3.2245,-6.8370,5.2956,-1.3149,-0.3359,0.7432
1623961198839,-3.2604,-6.5881,5.4033,-1.1377,-0.3799,0.6895
1623961198848,-3.3298,-6.5187,5.3866,-1.0119,-0.3994,0.6406
1623961198858,-3.4159,-6.4493,5.2932,-0.9655,-0.4031,0.5990
1623961198868,-3.5188,-6.3728,5.2286,-0.9716,-0.3994,0.5624
1623961198877,-3.6552,-6.2484,5.1568,-0.9496,-0.3909,0.5037
1623961198887,-3.8442,-6.1143,4.9343,-0.8750,-0.3884,0.4304
1623961198896,-3.9399,-6.1000,4.7214,-0.7773,-0.4031,0.3498
1623961198906,-3.8634,-6.3201,4.7094,-0.7126,-0.4299,0.2741
1623961198916,-3.5762,-6.4948,5.0468,-0.7089,-0.4519,0.2227
1623961198925,-3.3824,-6.5044,5.4368,-0.7810,-0.4507,0.1959
1623961198934,-3.4997,-6.5594,5.5062,-0.8531,-0.4263,0.1604
1623961198945,-3.7820,-6.7030,5.3339,-0.9361,-0.3860,0.1287
1623961198954,-3.9543,-6.8011,5.1449,-1.0204,-0.3469,0.1042
1623961198964,-3.9926,-6.9112,4.8410,-1.0705,-0.3078,0.0725
1623961198973,-3.9136,-6.9064,4.6759,-1.0974,-0.2772,0.0273
1623961198983,-3.8131,-6.6360,4.3696,-1.1353,-0.2516,-0.0118
1623961198992,-3.7294,-6.6599,4.1160,-1.1499,-0.2418,-0.0607
1623961199001,-3.6504,-6.9566,4.2308,-1.1902,-0.2455,-0.1156
1623961199012,-3.4518,-7.4256,4.5921,-1.2477,-0.2393,-0.1486
1623961199020,-3.3011,-7.8779,4.6472,-1.2074,-0.2100,-0.1743
1623961199029,-3.2101,-8.1578,4.5539,-1.0412,-0.1783,-0.1975
1623961199038,-3.1886,-8.1411,4.2930,-0.8091,-0.1660,-0.2073
1623961199048,-3.2580,-8.0669,3.9030,-0.5562,-0.1660,-0.2183
1623961199058,-3.3585,-8.0717,3.5608,-0.3338,-0.1795,-0.2293
1623961199067,-3.3346,-8.0645,3.5154,-0.1872,-0.2161,-0.2366
1623961199077,-3.1790,-8.1171,3.8647,-0.1102,-0.2577,-0.2488
1623961199087,-2.9780,-8.1219,4.1495,-0.0956,-0.2821,-0.2610
1623961199096,-2.9230,-8.2320,4.2308,-0.1041,-0.2797,-0.2623
1623961199109,-2.8704,-8.4258,4.2883,-0.1005,-0.2589,-0.2684
1623961199117,-2.8871,-8.6819,4.3935,-0.0785,-0.2430,-0.2806
1623961199127,-2.8680,-8.9546,4.5060,-0.0052,-0.2186,-0.2720
1623961199135,-2.8775,-8.9881,4.4629,0.0815,-0.2015,-0.2513
1623961199145,-2.9733,-8.2655,3.9580,0.1084,-0.2003,-0.2366
1623961199154,-2.9661,-7.6697,3.4914,0.0583,-0.2076,-0.2012
1623961199163,-2.8081,-7.9736,3.4843,-0.0284,-0.1905,-0.1877
1623961199173,-2.6861,-8.6388,3.9150,-0.1677,-0.1367,-0.1608
1623961199182,-2.6909,-9.3877,4.4821,-0.2581,-0.0781,-0.0900
1623961199194,-2.7866,-9.8232,4.7429,-0.1994,-0.0390,-0.0362
1623961199203,-2.9206,-9.6677,4.7883,-0.0516,-0.0023,-0.0057
1623961199213,-2.9541,-9.0097,4.6544,0.0718,0.0416,0.0358
1623961199223,-2.9374,-8.5790,4.6137,0.1548,0.0856,0.0713
1623961199232,-3.0067,-8.3756,4.5778,0.1463,0.1394,0.0908
1623961199242,-3.0235,-8.5000,4.5898,0.1011,0.1956,0.1250
1623961199251,-3.1025,-8.5526,4.5802,0.0632,0.2347,0.1556
1623961199260,-3.1838,-8.4474,4.5371,0.0583,0.2628,0.1788
1623961199269,-3.2724,-8.2296,4.4845,0.0657,0.2884,0.1934
1623961199279,-3.2628,-8.0262,4.3577,0.0925,0.3092,0.1849
1623961199289,-3.2149,-7.9018,4.3696,0.1121,0.3300,0.1629
1623961199298,-3.1360,-7.8659,4.3385,0.1158,0.3434,0.1372
1623961199307,-3.0474,-7.9473,4.3146,0.1255,0.3519,0.1091
1623961199318,-2.9685,-8.0023,4.2500,0.1536,0.3568,0.0847
1623961199328,-2.9015,-7.9568,4.1590,0.1891,0.3556,0.0652
1623961199338,-2.9110,-7.8994,4.0729,0.2269,0.3507,0.0395
1623961199348,-2.9278,-7.8156,4.0179,0.2770,0.3409,0.0078
1623961199357,-2.9804,-7.7439,4.0035,0.2941,0.3300,-0.0167
1623961199367,-2.9493,-7.6386,4.0226,0.2856,0.3153,-0.0289
1623961199375,-2.9206,-7.4998,4.0825,0.2636,0.3092,-0.0460
1623961199386,-2.9374,-7.3347,4.0490,0.2355,0.3129,-0.0766
1623961199396,-2.9182,-7.5046,4.1686,0.2453,0.3300,-0.1144
1623961199406,-2.8775,-7.6625,4.1375,0.2819,0.3544,-0.1499
1623961199415,-2.8297,-7.8180,4.0849,0.3601,0.3752,-0.1706
1623961199425,-2.8871,-7.9138,3.9150,0.4933,0.3898,-0.1987
1623961199435,-2.9254,-7.8922,3.9198,0.6216,0.3996,-0.2354
1623961199444,-2.9326,-7.6960,3.9915,0.7413,0.3898,-0.2635
1623961199454,-2.9230,-7.4208,4.0633,0.8329,0.3752,-0.2916
1623961199463,-2.9469,-7.0356,4.1040,0.8622,0.3690,-0.3331
1623961199472,-2.9756,-6.8824,4.0442,0.8610,0.3666,-0.3685
1623961199483,-3.0020,-6.9399,4.0203,0.8305,0.3666,-0.4077
1623961199492,-3.0115,-7.1863,4.0131,0.7804,0.3617,-0.4394
1623961199500,-3.0857,-7.5477,4.0801,0.7718,0.3593,-0.4638
1623961199509,-3.1336,-7.7822,4.1255,0.8402,0.3580,-0.4944
1623961199519,-3.1072,-7.7199,4.2260,0.9392,0.3434,-0.5323
1623961199529,-3.0091,-7.5477,4.2883,1.0418,0.3263,-0.5652
1623961199540,-2.9613,-7.4687,4.3648,1.0919,0.3214,-0.5982
1623961199550,-2.9158,-7.4184,4.3577,1.0528,0.3177,-0.6190
1623961199560,-2.7890,-7.3754,4.4318,0.9319,0.3129,-0.6165
1623961199569,-2.6574,-7.3299,4.4390,0.7926,0.2994,-0.6165
1623961199578,-2.5713,-7.3634,4.4701,0.6875,0.2872,-0.6508
1623961199586,-2.5401,-7.5142,4.5969,0.6277,0.2835,-0.6911
1623961199596,-2.5330,-7.7510,4.5754,0.5971,0.2811,-0.7143
1623961199608,-2.4755,-7.8396,4.5586,0.5568,0.2652,-0.7241
1623961199615,-2.3224,-7.8276,4.5060,0.4627,0.2395,-0.7106
1623961199627,-2.1118,-7.7678,4.2835,0.3051,0.2053,-0.6862
1623961199636,-1.8821,-7.8755,4.2213,0.0840,0.1846,-0.6606
1623961199644,-1.7601,-8.0860,4.3577,-0.1457,0.1748,-0.6398
1623961199655,-1.6380,-8.4521,4.6400,-0.2898,0.1748,-0.6288
1623961199665,-1.6380,-8.6795,4.9822,-0.2691,0.1736,-0.6349
1623961199673,-1.6811,-8.7680,5.2286,-0.1481,0.1601,-0.6471
1623961199682,-1.5974,-8.7800,5.2932,-0.0162,0.1479,-0.6361
1623961199692,-1.4706,-8.7393,5.1760,0.0143,0.1406,-0.5799
1623961199703,-1.3437,-8.6747,5.0444,-0.1237,0.1394,-0.4919
1623961199712,-1.2074,-8.7297,4.8099,-0.3558,0.1430,-0.4089
1623961199722,-1.1140,-9.0192,4.7477,-0.5623,0.1601,-0.3514
1623961199732,-1.0351,-9.1843,4.9343,-0.6637,0.1870,-0.3185
1623961199742,-1.0518,-9.2155,5.0372,-0.5989,0.2090,-0.2989
1623961199750,-1.0901,-9.1437,5.0372,-0.3876,0.2261,-0.2940
1623961199759,-1.1523,-9.0623,5.0611,-0.1555,0.2408,-0.2855
1623961199769,-1.2097,-8.9283,4.9415,0.0278,0.2444,-0.2451
1623961199779,-1.2552,-8.8230,4.8195,0.1463,0.2420,-0.1987
1623961199792,-1.3318,-8.8063,4.7596,0.2306,0.2285,-0.1804
1623961199800,-1.3653,-8.7345,4.7860,0.3125,0.2090,-0.1718
1623961199809,-1.3389,-8.6340,4.7836,0.4053,0.1895,-0.1706
1623961199819,-1.2552,-8.6914,4.7979,0.4969,0.1614,-0.1731
1623961199828,-1.0901,-8.6005,4.7668,0.4908,0.1223,-0.1486
1623961199838,-1.0231,-8.3421,4.7214,0.3870,0.0807,-0.1034
1623961199848,-1.0638,-8.1315,4.6352,0.2550,0.0367,-0.0863
1623961199857,-1.0805,-8.0190,4.7261,0.1182,0.0087,-0.1071
1623961199866,-1.0973,-8.0836,4.7644,0.0266,-0.0146,-0.1279
1623961199876,-1.1858,-8.4115,4.7668,0.0241,-0.0353,-0.1401
1623961199886,-1.3031,-8.7800,4.8003,0.0962,-0.0622,-0.1511
1623961199894,-1.2863,-8.8661,4.7596,0.1475,-0.0927,-0.1376
1623961199905,-1.2050,-8.6292,4.6591,0.1634,-0.1086,-0.1047
1623961199915,-1.0925,-8.3014,4.5371,0.1304,-0.1172,-0.0717
1623961199924,-0.9106,-8.1267,4.4845,0.0266,-0.1355,-0.0436
1623961199934,-0.7886,-8.2272,4.5108,-0.1127,-0.1441,-0.0143
1623961199944,-0.8053,-8.6196,4.6639,-0.2104,-0.1428,0.0102
1623961199953,-0.8269,-8.9020,4.8290,-0.2141,-0.1416,0.0309
1623961199963,-0.9609,-8.8230,4.8769,-0.1102,-0.1355,0.0444
1623961199973,-1.0925,-8.5407,4.7860,0.0449,-0.1294,0.0493
1623961199982,-1.1930,-8.1770,4.7405,0.1268,-0.1184,0.0542
1623961199990,-1.2384,-8.0119,4.8003,0.1206,-0.0976,0.0688
1623961200000,-1.2600,-7.9664,4.8482,0.0620,-0.0805,0.0749
1623961200010,-1.3413,-8.0047,4.8003,-0.0125,-0.0818,0.0847
1623961200019,-1.3748,-7.8156,4.8530,-0.0846,-0.0793,0.0981
1623961200032,-1.5065,-7.4352,4.8314,-0.1579,-0.0744,0.0957
1623961200039,-1.5902,-7.3634,4.8458,-0.1848,-0.0732,0.0713
1623961200049,-1.6548,-7.5357,4.8195,-0.2214,-0.0720,0.0480
1623961200058,-1.6476,-7.8396,4.9223,-0.2422,-0.0646,0.0334
1623961200068,-1.6357,-8.0621,5.0946,-0.2007,-0.0671,0.0151
1623961200078,-1.6596,-7.9712,4.8960,-0.1322,-0.0781,0.0041
1623961200087,-1.7649,-7.8061,4.8099,-0.0822,-0.0756,-0.0020
1623961200096,-1.8510,-7.6362,4.7692,-0.0565,-0.0720,-0.0216
1623961200105,-1.9061,-7.4854,4.8410,-0.0504,-0.0744,-0.0448
1623961200115,-1.8295,-7.5405,5.0013,-0.0467,-0.0708,-0.0643
1623961200126,-1.6261,-7.8180,5.0803,-0.0418,-0.0610,-0.0741
1623961200136,-1.5160,-8.0382,5.0133,-0.0357,-0.0414,-0.0863
1623961200146,-1.4969,-8.1650,5.0085,-0.0284,-0.0182,-0.0924
1623961200155,-1.4682,-8.1865,5.0276,0.0033,-0.0121,-0.0973
1623961200164,-1.4371,-8.3110,4.9152,0.0315,-0.0182,-0.1120
1623961200174,-1.3318,-8.4019,4.8841,0.0278,-0.0170,-0.1132
1623961200184,-1.3557,-8.2727,4.6807,-0.0259,-0.0329,-0.0876
1623961200194,-1.5041,-7.9712,4.4605,-0.1298,-0.0598,-0.0729
1623961200204,-1.6141,-7.9664,4.4438,-0.2459,-0.0805,-0.0680
1623961200213,-1.6548,-8.2679,4.5395,-0.3338,-0.0927,-0.0631
1623961200222,-1.6452,-8.6436,4.6879,-0.3473,-0.1037,-0.0570
1623961200232,-1.6309,-8.7225,4.7836,-0.2898,-0.1111,-0.0497
1623961200240,-1.6692,-8.6675,4.7764,-0.1909,-0.1098,-0.0472
1623961200249,-1.7290,-8.5814,4.6998,-0.0748,-0.1074,-0.0533
1623961200259,-1.7338,-8.5191,4.7285,0.0180,-0.1025,-0.0594
1623961200269,-1.6404,-8.4713,4.7549,0.0889,-0.1062,-0.0546
1623961200278,-1.5280,-8.3301,4.8817,0.1145,-0.1062,-0.0472
1623961200289,-1.5017,-8.0860,4.9247,0.0986,-0.1013,-0.0460
1623961200299,-1.5423,-7.8731,4.7549,0.0339,-0.0976,-0.0423
1623961200309,-1.5806,-8.0119,4.7166,-0.0186,-0.0952,-0.0423
1623961200319,-1.4825,-8.2727,4.6017,-0.0565,-0.0891,-0.0570
1623961200328,-1.3078,-8.3301,4.6831,-0.0492,-0.0903,-0.0802
1623961200337,-1.1044,-8.1722,4.5299,-0.0223,-0.1025,-0.0949
1623961200347,-0.8532,-8.3564,4.7142,0.0327,-0.1086,-0.0900
1623961200357,-0.7934,-8.1746,4.8362,0.0547,-0.1013,-0.0912
1623961200367,-0.7216,-8.0358,4.8506,0.0889,-0.0927,-0.1022
1623961200376,-0.5732,-8.1052,5.0540,0.1060,-0.0781,-0.0998
1623961200386,-0.5493,-8.2870,4.9893,0.0925,-0.0573,-0.0656
1623961200396,-0.5182,-8.1387,4.8434,0.1158,-0.0414,-0.0533
1623961200405,-0.4536,-7.6960,4.7214,0.1182,-0.0475,-0.0656
1623961200415,-0.4775,-7.5381,4.6328,0.0938,-0.0524,-0.0680
1623961200424,-0.4440,-7.6721,4.5826,0.0143,-0.0524,-0.0631
1623961200434,-0.3363,-7.8563,4.4079,-0.0809,-0.0549,-0.0582
1623961200443,-0.1808,-7.9473,4.2165,-0.1335,-0.0585,-0.0607
1623961200453,-0.0779,-8.0717,4.3983,-0.1286,-0.0610,-0.0436
1623961200463,-0.0732,-8.0023,4.5371,-0.1347,-0.0683,-0.0204
1623961200472,-0.0755,-8.1315,4.6879,-0.1115,-0.0671,-0.0179
1623961200480,-0.2287,-8.2583,4.8266,-0.1139,-0.0561,-0.0265
1623961200490,-0.4560,-8.2296,4.6352,-0.1017,-0.0427,-0.0350
1623961200500,-0.5685,-8.0813,4.4246,-0.0418,-0.0463,-0.0485
1623961200509,-0.5326,-7.8492,4.4318,0.0339,-0.0671,-0.0619
1623961200518,-0.4369,-7.5955,4.4677,0.1048,-0.0927,-0.0766
1623961200530,-0.3675,-7.1720,4.4581,0.1060,-0.1135,-0.0741
1623961200539,-0.2957,-6.8729,4.5204,0.0864,-0.1343,-0.0937
1623961200549,-0.2981,-7.2605,4.6089,0.1023,-0.1404,-0.1254
1623961200559,-0.4129,-7.9784,4.5084,0.1255,-0.1428,-0.1401
1623961200568,-0.5062,-8.9618,4.6137,0.1842,-0.1477,-0.1474
1623961200578,-0.7790,-9.5409,4.6113,0.3259,-0.1550,-0.1486
1623961200587,-0.9561,-9.5098,4.6232,0.5776,-0.1941,-0.1279
1623961200597,-0.9872,-9.0264,4.7022,0.9099,-0.2528,-0.1144
1623961200605,-0.9465,-8.0501,4.4151,1.1212,-0.3212,-0.1217
1623961200616,-0.8747,-7.2007,4.3050,1.1860,-0.3762,-0.1474
1623961200624,-0.7479,-6.9853,4.5347,1.1542,-0.4165,-0.1657
1623961200635,-0.4847,-7.7630,5.0874,1.1261,-0.4251,-0.1743
1623961200644,-0.2670,-9.2178,5.7000,1.1102,-0.3884,-0.1462
1623961200654,-0.2550,-10.2994,5.9608,1.1701,-0.3530,-0.0851
1623961200664,-0.3818,-10.7134,6.2432,1.4254,-0.3334,-0.0204
1623961200674,-0.5780,-10.2420,6.2791,1.8506,-0.3505,0.0273
1623961200683,-0.5517,-9.5265,6.3844,2.2611,-0.3823,0.0871
1623961200693,-0.5086,-8.6795,6.4561,2.4712,-0.4006,0.1592
1623961200703,-0.5924,-7.7726,6.3939,2.4309,-0.4141,0.2276
1623961200713,-0.6594,-7.0332,6.2910,2.1915,-0.4251,0.2692
1623961200721,-0.6426,-6.6815,6.1929,1.8384,-0.4153,0.2863
1623961200730,-0.4584,-6.8178,6.3844,1.4438,-0.3823,0.2973
1623961200740,-0.3723,-6.5833,6.3102,1.0174,-0.3615,0.3083
1623961200749,-0.0875,-6.9231,6.4897,0.6997,-0.3200,0.3229
1623961200762,0.1398,-7.6027,6.7529,0.5287,-0.2455,0.3376
1623961200770,0.2379,-8.2296,7.2578,0.4444,-0.1734,0.3791
1623961200780,0.0202,-8.3684,7.5592,0.4334,-0.1489,0.4476
1623961200789,-0.2598,-8.0095,7.7794,0.4566,-0.1514,0.5025
1623961200799,-0.3746,-7.3490,7.6789,0.4420,-0.1550,0.5355
1623961200809,-0.2119,-7.0835,7.6334,0.3638,-0.1245,0.5758
1623961200818,-0.0061,-7.2557,7.6286,0.2318,-0.0695,0.6381
1623961200828,0.1207,-7.3562,7.5401,0.0486,-0.0255,0.7053
1623961200838,-0.0181,-7.3802,7.4085,-0.0822,0.0050,0.7493
1623961200847,-0.1904,-7.2486,7.1549,-0.1457,0.0245,0.7738
1623961200857,-0.3172,-7.2940,7.1429,-0.1127,0.0477,0.7884
1623961200866,-0.6714,-7.3514,7.1166,-0.0089,0.0563,0.7945
1623961200876,-0.9250,-7.3419,7.0591,0.0913,0.0209,0.8055
1623961200885,-0.9417,-7.1959,6.8246,0.0913,-0.0365,0.8361
1623961200895,-0.7192,-6.8777,6.6141,-0.0687,-0.0903,0.8898
1623961200904,-0.5469,-6.2890,6.3772,-0.3497,-0.1294,0.9240
1623961200914,-0.3914,-6.1335,6.6595,-0.5794,-0.1306,0.9252
1623961200924,-0.6187,-6.3584,7.0807,-0.6368,-0.1086,0.9057
1623961200933,-1.0470,-6.6145,7.3367,-0.4756,-0.1123,0.8666
1623961200943,-1.4035,-6.5690,7.2793,-0.1359,-0.1489,0.8238
1623961200953,-1.5830,-6.4685,7.0902,0.2831,-0.1819,0.7994
1623961200961,-1.6357,-6.2268,6.9275,0.6973,-0.2039,0.7921
1623961200971,-1.7505,-5.9445,6.8773,1.0381,-0.2296,0.7774
1623961200981,-1.8558,-5.7363,6.9586,1.2849,-0.2980,0.7456
1623961200989,-1.8702,-5.4276,6.9730,1.3827,-0.3774,0.7322
1623961200999,-1.7601,-4.9921,7.2290,1.3546,-0.4409,0.7310
1623961201008,-1.9013,-4.6763,7.5138,1.3216,-0.4690,0.7163
1623961201020,-2.1621,-4.4753,7.5449,1.2972,-0.4947,0.6723
1623961201029,-2.3703,-4.3891,7.4707,1.2874,-0.5081,0.6088
1623961201039,-2.5138,-4.3508,7.3439,1.2862,-0.5155,0.5477
1623961201049,-2.5449,-4.0302,7.3630,1.2849,-0.5362,0.5001
1623961201058,-2.4803,-3.9106,7.7890,1.3167,-0.5423,0.4634
1623961201068,-2.3727,-3.8627,8.2556,1.4132,-0.5436,0.3975
1623961201078,-2.3798,-3.8699,8.6599,1.5769,-0.5362,0.3425
1623961201087,-2.4373,-3.7574,9.0260,1.7455,-0.5203,0.3132
1623961201097,-2.4540,-3.6450,9.0260,1.8604,-0.5057,0.2850
1623961201108,-2.4301,-3.6450,8.8035,1.8836,-0.4739,0.2692
1623961201116,-2.4995,-3.5995,8.5235,1.7846,-0.4373,0.2557
1623961201125,-2.6239,-3.3913,8.2675,1.5940,-0.4287,0.2289
1623961201135,-2.5689,-3.0444,8.0235,1.3411,-0.4434,0.1995
1623961201145,-2.4827,-2.7453,8.1048,1.0687,-0.4434,0.1702
1623961201152,-2.2913,-2.6663,8.2723,0.8048,-0.4299,0.1287
1623961201164,-2.1405,-2.8745,8.5355,0.5592,-0.3921,0.0822
1623961201173,-2.1334,-3.2310,8.8490,0.3613,-0.3554,0.0432
1623961201183,-2.2434,-3.3124,8.8346,0.1707,-0.3456,0.0102
1623961201193,-2.2147,-3.0874,8.5666,-0.0479,-0.3456,-0.0228
1623961201201,-2.0688,-2.9678,8.4183,-0.2459,-0.3224,-0.0411
1623961201210,-2.0496,-3.3052,8.3130,-0.4255,-0.2833,-0.0350
1623961201220,-2.0353,-3.8196,8.5068,-0.5696,-0.2565,-0.0204
1623961201229,-1.9204,-4.2336,8.6982,-0.6832,-0.2577,-0.0057
1623961201239,-1.7697,-4.3843,9.1289,-0.7883,-0.2467,0.0224
1623961201250,-1.6213,-4.2623,9.2916,-0.8567,-0.2100,0.0261
1623961201259,-1.5974,-4.2144,9.3060,-0.8799,-0.1404,0.0041
1623961201270,-1.6141,-4.3700,9.3060,-0.9007,-0.0659,0.0041
1623961201279,-1.6883,-4.4465,9.2988,-0.9300,0.0160,0.0041
1623961201289,-1.7792,-4.5758,9.1577,-0.9313,0.0807,0.0151
1623961201299,-1.8103,-4.6643,9.0619,-0.9459,0.1223,0.0383
1623961201308,-1.8845,-4.7313,8.9112,-0.9679,0.1516,0.0615
1623961201318,-1.9970,-4.6954,8.7700,-0.9911,0.1638,0.0810
1623961201327,-1.9348,-4.5853,8.5977,-1.0424,0.1699,0.0945
1623961201336,-1.9491,-4.6356,8.5235,-1.1145,0.2005,0.1079
1623961201346,-1.9180,-4.6763,8.5283,-1.2135,0.2310,0.1189
1623961201356,-1.9707,-4.7433,8.5283,-1.3014,0.2640,0.1238
1623961201365,-2.0616,-4.8031,8.5140,-1.3528,0.2921,0.1189
1623961201376,-2.0759,-4.9012,8.4637,-1.3625,0.3080,0.1079
1623961201385,-2.1094,-5.1165,8.3656,-1.3381,0.3348,0.0993
1623961201395,-2.1908,-5.3032,8.3537,-1.2733,0.3580,0.0920
1623961201404,-2.2195,-5.3510,8.2316,-1.1732,0.3703,0.0859
1623961201414,-2.1740,-5.3869,8.1311,-1.0351,0.3813,0.0774
1623961201424,-2.1740,-5.3845,8.1383,-0.8860,0.3984,0.0590
1623961201433,-2.1836,-5.3080,8.0761,-0.7578,0.4094,0.0395
1623961201441,-2.1764,-5.3439,8.0330,-0.6552,0.4203,0.0261
1623961201450,-2.1836,-5.3271,7.8775,-0.6038,0.4216,0.0187
1623961201461,-2.2076,-5.2936,7.6861,-0.6112,0.4216,0.0114
1623961201470,-2.2530,-5.3439,7.4587,-0.6380,0.4216,0.0029
1623961201482,-2.2458,-5.4085,7.2793,-0.6600,0.4216,-0.0155
1623961201491,-2.2386,-5.3989,7.1788,-0.6588,0.4240,-0.0399
1623961201501,-2.2722,-5.4587,7.1405,-0.6136,0.4130,-0.0729
1623961201510,-2.2793,-5.5736,7.1525,-0.5330,0.4069,-0.1144
1623961201520,-2.3009,-5.5209,7.1716,-0.4584,0.3971,-0.1548
1623961201529,-2.2793,-5.3439,7.1812,-0.4169,0.3923,-0.1853
1623961201539,-2.2937,-5.0998,7.1453,-0.4438,0.3886,-0.2134
1623961201548,-2.3104,-4.9491,6.9443,-0.5489,0.3825,-0.2513
1623961201558,-2.3080,-5.1189,6.7050,-0.6832,0.3923,-0.2952
1623961201568,-2.2817,-5.6860,6.4250,-0.8066,0.3996,-0.3295
1623961201577,-2.1405,-6.3608,6.3580,-0.9031,0.4008,-0.3478
1623961201586,-2.0353,-6.8370,6.3102,-0.9410,0.3923,-0.3514
1623961201597,-1.9874,-7.1337,6.3030,-0.9178,0.3690,-0.3502
1623961201604,-1.9826,-7.1433,6.3461,-0.8873,0.3495,-0.3514
1623961201615,-1.9970,-6.9351,6.3939,-0.8726,0.3336,-0.3441
1623961201624,-1.9635,-6.5857,6.4250,-0.8885,0.3275,-0.3380
1623961201634,-1.9443,-6.3345,6.3580,-0.9227,0.3312,-0.3502
1623961201643,-2.0018,-6.0761,6.1044,-0.9569,0.3446,-0.3808
1623961201653,-2.0448,-5.9588,5.6976,-0.9545,0.3642,-0.4199
1623961201664,-1.9922,-6.3441,5.3650,-0.8860,0.3849,-0.4712
1623961201673,-1.7505,-6.9806,5.2956,-0.8115,0.3996,-0.5029
1623961201681,-1.4825,-7.6338,5.2717,-0.7749,0.3910,-0.4773
1623961201691,-1.4347,-8.1674,5.2908,-0.7199,0.3654,-0.4333
1623961201701,-1.4969,-8.2775,5.3722,-0.6185,0.3300,-0.4199
1623961201710,-1.5256,-8.0023,5.3794,-0.4523,0.2933,-0.4309
1623961201723,-1.4993,-7.5357,5.5182,-0.2715,0.2676,-0.4504
1623961201731,-1.4395,-7.1576,5.5397,-0.1335,0.2481,-0.4773
1623961201741,-1.3629,-6.9590,5.3004,-0.1200,0.2273,-0.4980
1623961201750,-1.2935,-6.7150,5.0970,-0.2617,0.2005,-0.4810
1623961201759,-1.2552,-6.7891,4.9319,-0.4609,0.1711,-0.4480
1623961201769,-1.3246,-7.1696,4.6448,-0.6600,0.1467,-0.4455
1623961201779,-1.2791,-7.6793,4.5874,-0.7981,0.1272,-0.4577
1623961201789,-1.1738,-8.1530,4.7836,-0.8140,0.0978,-0.4590
1623961201798,-1.0829,-8.3277,4.8195,-0.7223,0.0538,-0.4675
1623961201808,-1.0638,-8.3588,5.0037,-0.5721,0.0294,-0.4858
1623961201818,-1.1475,-8.3325,5.1425,-0.3705,0.0160,-0.4980
1623961201827,-1.2289,-8.2440,5.3124,-0.1799,0.0111,-0.5017
1623961201837,-1.1858,-8.0717,5.2908,-0.0369,0.0074,-0.5029
1623961201846,-1.0255,-8.0454,5.1353,0.0180,0.0013,-0.4944
1623961201856,-0.8747,-8.0095,4.8410,-0.0736,-0.0072,-0.4577
1623961201865,-0.7742,-8.1028,4.7046,-0.2385,-0.0182,-0.4089
1623961201875,-0.7623,-8.3134,4.7979,-0.3839,-0.0353,-0.3918
1623961201885,-0.7838,-8.4737,4.9559,-0.4609,-0.0439,-0.3905
1623961201894,-0.7790,-8.7058,5.1616,-0.3864,-0.0439,-0.3820
1623961201904,-0.7336,-8.8470,5.2837,-0.2190,-0.0463,-0.3759
1623961201913,-0.6618,-8.8996,5.2597,-0.0626,-0.0500,-0.3490
1623961201922,-0.7072,-8.8063,5.3531,0.0180,-0.0585,-0.3014
1623961201931,-0.8484,-8.6866,5.1856,-0.0027,-0.0695,-0.2574
1623961201941,-0.9441,-8.3636,5.0061,-0.1127,-0.0695,-0.2256
1623961201950,-1.0063,-7.8731,4.9152,-0.2556,-0.0659,-0.2036
1623961201960,-0.9059,-7.7463,4.8171,-0.3485,-0.0720,-0.1877
1623961201971,-0.7503,-7.9832,5.0085,-0.3913,-0.0683,-0.1731
1623961201981,-0.6953,-8.2511,5.2143,-0.3778,-0.0573,-0.1499
1623961201990,-0.6738,-8.5598,5.3578,-0.2776,-0.0536,-0.1291
1623961202000,-0.6761,-8.6962,5.3339,-0.1579,-0.0512,-0.1156
1623961202010,-0.7192,-8.6723,5.3746,-0.0406,-0.0390,-0.1047
1623961202019,-0.8197,-8.4785,5.3578,0.0437,-0.0304,-0.0937
1623961202028,-0.8460,-8.1961,5.2191,0.0620,-0.0353,-0.0704
1623961202039,-0.8723,-7.9712,5.0731,0.0119,-0.0341,-0.0436
1623961202048,-0.9011,-8.0166,5.0085,-0.0687,-0.0304,-0.0253
1623961202058,-0.9154,-8.1674,5.1090,-0.1237,-0.0243,-0.0216
1623961202067,-0.9130,-8.2057,5.2191,-0.0956,-0.0243,-0.0350
1623961202077,-0.9035,-8.1554,5.2932,0.0033,-0.0255,-0.0509
1623961202086,-0.9130,-8.0406,5.2286,0.0950,-0.0329,-0.0619
1623961202096,-0.9154,-7.9544,5.2789,0.1280,-0.0304,-0.0668
1623961202107,-0.9035,-7.9592,5.3411,0.1048,-0.0243,-0.0692
1623961202113,-0.8915,-8.0430,5.3507,0.0571,-0.0195,-0.0680
1623961202123,-0.9011,-8.0908,5.3219,0.0229,-0.0170,-0.0656
1623961202134,-0.9322,-8.1076,5.2645,0.0192,-0.0170,-0.0656
1623961202145,-0.9489,-8.1243,5.1760,0.0449,-0.0195,-0.0692
1623961202152,-0.9250,-8.0621,5.1257,0.0644,-0.0231,-0.0680
1623961202162,-0.8221,-8.0143,5.0396,0.0742,-0.0341,-0.0668
1623961202171,-0.7599,-8.0693,5.1377,0.0705,-0.0390,-0.0766
1623961202181,-0.7503,-8.2200,5.1329,0.0791,-0.0414,-0.0814
1623961202190,-0.7671,-8.2966,5.2310,0.1096,-0.0353,-0.0839
1623961202203,-0.8101,-8.2200,5.2861,0.1671,-0.0414,-0.0900
1623961202211,-0.8149,-8.2033,5.2813,0.2196,-0.0536,-0.0851
1623961202221,-0.8987,-8.3038,5.2526,0.2208,-0.0549,-0.0680
1623961202229,-0.8604,-8.1674,5.3339,0.1793,-0.0524,-0.0472
1623961202240,-0.7838,-7.9999,5.3267,0.1451,-0.0585,-0.0497
1623961202250,-0.7407,-7.9162,5.2932,0.1158,-0.0610,-0.0533
1623961202259,-0.7216,-7.8515,5.2550,0.0864,-0.0549,-0.0460
1623961202269,-0.7288,-8.0238,5.1664,0.0950,-0.0500,-0.0485
1623961202278,-0.7025,-8.1578,5.2334,0.1292,-0.0414,-0.0533
1623961202288,-0.6283,-8.1674,5.3459,0.1915,-0.0353,-0.0558
1623961202298,-0.5780,-8.1578,5.3961,0.2770,-0.0378,-0.0570
1623961202307,-0.5206,-8.1315,5.3937,0.3100,-0.0353,-0.0448
1623961202316,-0.5302,-8.0143,5.4033,0.2758,-0.0292,-0.0277
1623961202326,-0.5302,-7.9496,5.4416,0.2281,-0.0292,-0.0216
1623961202336,-0.5158,-7.9042,5.4392,0.1548,-0.0292,-0.0167
1623961202346,-0.4967,-7.9114,5.3889,0.1023,-0.0292,-0.0130
1623961202356,-0.5254,-7.9473,5.3602,0.0876,-0.0280,-0.0143
1623961202365,-0.4991,-7.9233,5.3435,0.0852,-0.0280,-0.0204
1623961202375,-0.4321,-7.9138,5.3100,0.0840,-0.0292,-0.0216
1623961202384,-0.3818,-7.9281,5.3818,0.0730,-0.0268,-0.0216
1623961202394,-0.3651,-7.9712,5.3746,0.0596,-0.0255,-0.0216
1623961202402,-0.4177,-8.0190,5.3267,0.0424,-0.0268,-0.0167
1623961202411,-0.4345,-8.0501,5.3172,0.0412,-0.0304,-0.0130
1623961202421,-0.4177,-8.0956,5.2980,0.0559,-0.0329,-0.0081
1623961202431,-0.3723,-8.1578,5.3243,0.0889,-0.0329,-0.0033
1623961202441,-0.3053,-8.2248,5.3913,0.1475,-0.0292,-0.0020
1623961202450,-0.2095,-8.1100,5.4559,0.2098,-0.0268,0.0016
1623961202461,-0.2861,-7.9449,5.4344,0.2562,-0.0304,0.0053
1623961202471,-0.3746,-7.8515,5.4799,0.2721,-0.0255,0.0078
1623961202480,-0.4895,-7.7487,5.4296,0.2502,-0.0268,0.0151
1623961202490,-0.5756,-7.7941,5.5325,0.2061,-0.0207,0.0236
1623961202499,-0.6426,-7.7391,5.5828,0.1646,-0.0170,0.0199
1623961202509,-0.6498,-7.7319,5.5708,0.1426,-0.0207,0.0187
1623961202519,-0.6450,-7.7104,5.6091,0.1145,-0.0195,0.0212
1623961202528,-0.6187,-7.6625,5.6880,0.1084,-0.0207,0.0126
1623961202538,-0.5996,-7.6099,5.6617,0.0828,-0.0195,0.0065
1623961202548,-0.5756,-7.6481,5.5708,0.0461,-0.0170,0.0126
1623961202557,-0.5613,-7.7151,5.5660,0.0192,-0.0109,0.0114
1623961202566,-0.5924,-7.7678,5.5301,-0.0003,-0.0097,0.0029
1623961202577,-0.6283,-7.8276,5.5253,0.0082,-0.0011,0.0029
1623961202586,-0.7264,-7.8372,5.5588,0.0486,-0.0085,-0.0008
1623961202596,-0.7360,-7.7343,5.5900,0.0852,-0.0134,-0.0057
1623961202605,-0.7575,-7.6171,5.6019,0.1133,-0.0121,-0.0106
1623961202613,-0.7695,-7.6338,5.5397,0.1390,-0.0195,-0.0155
1623961202623,-0.8173,-7.6673,5.5660,0.1500,-0.0195,-0.0228
1623961202632,-0.8532,-7.6888,5.6043,0.1573,-0.0207,-0.0277
1623961202643,-0.7599,-7.6601,5.6976,0.1695,-0.0304,-0.0350
1623961202652,-0.7431,-7.5500,5.6833,0.1573,-0.0427,-0.0436
1623961202661,-0.7503,-7.3921,5.6330,0.1231,-0.0524,-0.0509
1623961202671,-0.7910,-7.3634,5.5947,0.0669,-0.0573,-0.0656
1623961202680,-0.7336,-7.4184,5.5923,0.0009,-0.0585,-0.0814
1623961202694,-0.6642,-7.5381,5.5995,-0.0394,-0.0598,-0.0937
1623961202700,-0.5685,-7.5213,5.7431,-0.0406,-0.0671,-0.1108
1623961202711,-0.5206,-7.5453,5.8938,-0.0064,-0.0683,-0.1303
1623961202721,-0.5015,-7.7582,5.9393,0.0412,-0.0659,-0.1389
1623961202728,-0.4919,-7.8468,5.7814,0.0657,-0.0549,-0.1389
1623961202740,-0.4560,-7.8252,5.8364,0.0473,-0.0561,-0.1242
1623961202750,-0.3507,-8.0956,5.9943,-0.0199,-0.0427,-0.0851
1623961202759,-0.4488,-8.0478,6.0111,-0.1090,-0.0109,-0.0436
1623961202769,-0.3938,-7.8180,6.1188,-0.1347,0.0147,-0.0411
1623961202778,-0.4464,-7.8204,6.0087,-0.0944,0.0270,-0.0533
1623961202788,-0.5039,-7.8180,5.9369,-0.0309,0.0551,-0.0509
1623961202797,-0.5541,-7.8563,5.7670,0.0290,0.0587,-0.0558
1623961202807,-0.5493,-7.9616,5.6928,0.0583,0.0600,-0.0607
1623961202817,-0.5732,-7.8755,5.6737,0.0620,0.0575,-0.0521
1623961202827,-0.4991,-7.7223,5.7096,0.0388,0.0502,-0.0423
1623961202836,-0.4488,-7.6266,5.7359,-0.0137,0.0526,-0.0387
1623961202846,-0.3866,-7.6553,5.6976,-0.0760,0.0538,-0.0313
1623961202855,-0.3938,-7.8444,5.5900,-0.1200,0.0514,-0.0289
1623961202865,-0.3531,-8.1722,5.6019,-0.1371,0.0551,-0.0191
1623961202874,-0.2095,-8.3516,5.6952,-0.0907,0.0538,-0.0045
1623961202884,-0.1952,-8.3229,5.7048,-0.0089,0.0490,0.0004
1623961202892,-0.2765,-8.1841,5.7240,0.0571,0.0502,0.0041
1623961202902,-0.3675,-8.2320,5.7790,0.0803,0.0538,0.0199
1623961202911,-0.3914,-8.2416,5.7551,0.0644,0.0587,0.0419
1623961202921,-0.2909,-8.2368,5.6976,0.0180,0.0636,0.0725
1623961202930,-0.1354,-8.3181,5.7000,-0.0479,0.0746,0.1152
1623961202940,0.0178,-8.2535,5.6498,-0.1286,0.0893,0.1556
1623961202951,0.1015,-8.4067,5.5564,-0.2153,0.1027,0.1971
1623961202961,0.1159,-8.7752,5.5158,-0.2874,0.1210,0.2386
1623961202971,0.0776,-9.0671,5.6067,-0.3179,0.1540,0.2814
1623961202980,0.0632,-9.1843,5.7622,-0.2703,0.1821,0.3217
1623961202988,0.0058,-9.0216,5.7742,-0.1860,0.1968,0.3584
1623961202999,-0.0588,-8.8493,5.6737,-0.1408,0.2115,0.4023
1623961203009,-0.0444,-8.7967,5.6043,-0.1921,0.2249,0.4573
1623961203019,0.0728,-8.7512,5.4895,-0.3277,0.2322,0.5294
1623961203028,0.1590,-8.7321,5.2837,-0.5195,0.2395,0.6039
1623961203038,0.1925,-8.6675,5.0564,-0.7345,0.2481,0.6674
1623961203048,0.1996,-8.7249,4.9535,-0.9166,0.2554,0.7298
1623961203057,0.0800,-8.9881,4.8577,-1.0571,0.2603,0.7860
1623961203067,-0.0755,-9.3399,4.7788,-1.1463,0.2566,0.8361
1623961203076,-0.1712,-9.4188,4.6902,-1.1805,0.2383,0.8837
1623961203086,-0.2263,-9.2968,4.5586,-1.1585,0.2127,0.9216
1623961203095,-0.3651,-8.9738,4.4103,-1.1011,0.1943,0.9411
1623961203104,-0.5852,-8.6555,4.1973,-1.0253,0.1736,0.9521
1623961203113,-0.7072,-8.5479,4.0514,-0.9581,0.1455,0.9680
1623961203123,-0.8125,-8.5144,4.0179,-0.9239,0.1161,0.9924
1623961203133,-0.9800,-8.4186,3.9102,-0.9276,0.0795,1.0169
1623961203142,-1.2169,-8.2966,3.8528,-0.9435,0.0404,1.0181
1623961203151,-1.4753,-8.1219,3.6853,-0.9618,-0.0072,1.0010
1623961203161,-1.6931,-7.8515,3.6159,-0.9410,-0.0610,0.9582
1623961203171,-1.8917,-7.5500,3.5656,-0.8689,-0.1208,0.8959
1623961203180,-2.0472,-7.3706,3.6302,-0.7639,-0.1734,0.8165
1623961203189,-2.1358,-7.2390,3.6254,-0.6698,-0.2198,0.7383
1623961203201,-2.1740,-7.1863,3.7379,-0.5855,-0.2516,0.6736
1623961203211,-2.2698,-7.0882,3.8073,-0.5195,-0.2809,0.6149
1623961203220,-2.4157,-6.9710,3.7714,-0.4450,-0.3102,0.5392
1623961203230,-2.6071,-6.8298,3.6685,-0.3888,-0.3383,0.4646
1623961203240,-2.7794,-6.7245,3.6039,-0.3375,-0.3750,0.3865
1623961203249,-2.9924,-6.6599,3.7307,-0.2862,-0.4189,0.2961
1623961203259,-3.1766,-6.7724,3.7738,-0.2434,-0.4666,0.1995
1623961203267,-3.1671,-7.0404,3.8839,-0.2055,-0.5106,0.1189
1623961203278,-3.1120,-7.3347,3.9939,-0.1750,-0.5252,0.0603
1623961203288,-3.0809,-7.4735,4.2356,-0.1176,-0.5228,0.0065
1623961203297,-3.1049,-7.3873,4.2619,-0.0528,-0.5179,-0.0423
1623961203307,-3.2006,-7.3251,4.1590,-0.0076,-0.5130,-0.0912
1623961203316,-3.3465,-7.3012,3.8815,-0.0089,-0.5106,-0.1205
1623961203326,-3.4111,-7.3419,3.8910,-0.0516,-0.5240,-0.1438
1623961203335,-3.3370,-7.5285,4.1112,-0.1041,-0.5411,-0.1731
1623961203343,-3.2006,-7.7582,4.4103,-0.1616,-0.5362,-0.1926
1623961203354,-3.1407,-8.0119,4.6137,-0.1726,-0.5057,-0.2024
1623961203365,-3.1360,-8.2799,4.5993,-0.1139,-0.4556,-0.2134
1623961203374,-3.1838,-8.5239,4.4342,-0.0040,-0.4043,-0.2195
1623961203383,-3.1096,-8.5670,4.3696,0.1060,-0.3689,-0.2085
1623961203392,-3.0594,-8.4426,4.4294,0.2306,-0.3505,-0.1938
1623961203401,-2.9637,-8.2655,4.5802,0.3039,-0.3371,-0.1853
1623961203411,-2.8704,-8.0860,4.7285,0.3076,-0.3212,-0.1682
1623961203420,-2.8081,-8.0765,4.7381,0.2685,-0.2919,-0.1474
1623961203432,-2.7172,-8.2703,4.6663,0.2220,-0.2540,-0.1352
1623961203442,-2.6574,-8.5479,4.6591,0.1768,-0.2113,-0.1156
1623961203451,-2.5473,-8.7393,4.7261,0.1390,-0.1758,-0.0766
1623961203460,-2.4875,-8.7704,4.8003,0.1060,-0.1453,-0.0277
1623961203468,-2.4397,-8.5526,4.8410,0.0730,-0.1172,0.0102
1623961203480,-2.3750,-8.1435,4.8195,-0.0015,-0.0927,0.0407
1623961203490,-2.3176,-7.9975,4.7501,-0.1127,-0.0524,0.0700
1623961203499,-2.3559,-8.1554,4.7142,-0.2165,0.0001,0.0871
1623961203509,-2.4420,-8.6053,4.7237,-0.2666,0.0526,0.1018
1623961203518,-2.4803,-9.0264,4.7309,-0.2397,0.0954,0.1299
1623961203528,-2.4923,-9.0838,4.7716,-0.1469,0.1235,0.1714
1623961203538,-2.4971,-8.6436,4.7836,-0.0247,0.1382,0.2020
1623961203547,-2.4660,-8.1315,4.7907,0.0681,0.1540,0.2142
1623961203556,-2.3942,-7.9353,4.8458,0.0986,0.1882,0.2154
1623961203566,-2.3990,-7.9209,4.9343,0.0779,0.2334,0.2142
1623961203576,-2.4875,-8.0813,4.9726,0.0803,0.2811,0.2105
1623961203585,-2.5928,-8.0884,4.9104,0.0986,0.3165,0.2032
1623961203594,-2.6239,-7.9233,4.8003,0.1243,0.3373,0.1971
1623961203605,-2.6024,-7.8802,4.7285,0.1463,0.3556,0.1788
1623961203615,-2.5928,-7.8802,4.6974,0.1524,0.3764,0.1470
1623961203622,-2.6430,-7.8372,4.5084,0.1280,0.3861,0.1262
1623961203637,-2.6024,-7.9544,4.5419,0.1219,0.3874,0.1042
1623961203643,-2.5473,-7.9257,4.5730,0.1194,0.3861,0.0688
1623961203651,-2.5641,-7.8300,4.5204,0.1292,0.3813,0.0456
1623961203661,-2.5378,-7.8228,4.5228,0.1548,0.3739,0.0199
1623961203670,-2.4995,-7.8180,4.5156,0.1707,0.3776,-0.0130
1623961203680,-2.4564,-7.7893,4.4773,0.1939,0.3813,-0.0399
1623961203692,-2.4205,-7.8611,4.3720,0.2416,0.3813,-0.0668
1623961203701,-2.4277,-7.9305,4.4079,0.3198,0.3886,-0.1034
1623961203710,-2.4588,-7.9138,4.4366,0.4322,0.3923,-0.1401
1623961203720,-2.5019,-7.7917,4.4031,0.5531,0.3837,-0.1755
1623961203728,-2.4995,-7.6410,4.3768,0.6386,0.3764,-0.2097
1623961203739,-2.4971,-7.5094,4.3457,0.6692,0.3715,-0.2378
1623961203748,-2.4779,-7.4160,4.2978,0.6228,0.3678,-0.2561
1623961203758,-2.4875,-7.3084,4.1758,0.5323,0.3605,-0.2733
1623961203768,-2.4779,-7.3802,4.1471,0.4346,0.3556,-0.3001
1623961203778,-2.3942,-7.6242,4.2117,0.3772,0.3568,-0.3392
1623961203787,-2.2865,-7.8420,4.2906,0.3992,0.3642,-0.3722
1623961203797,-2.1693,-8.0310,4.2883,0.5043,0.3629,-0.4040
1623961203806,-2.1525,-8.1459,4.3289,0.6374,0.3556,-0.4345
1623961203816,-2.1597,-8.1507,4.4342,0.7828,0.3434,-0.4614
1623961203825,-2.1764,-8.0645,4.5347,0.8745,0.3153,-0.4700
1623961203835,-2.1860,-7.8611,4.4916,0.8793,0.2823,-0.4663
1623961203845,-2.2698,-7.6864,4.4510,0.8353,0.2664,-0.4712
1623961203855,-2.3679,-7.6290,4.4725,0.7669,0.2530,-0.4858
1623961203864,-2.3559,-7.5740,4.5204,0.7119,0.2420,-0.5005
1623961203874,-2.3511,-7.5692,4.6161,0.7034,0.2334,-0.5262
1623961203883,-2.3415,-7.5165,4.6639,0.7376,0.2115,-0.5652
1623961203893,-2.2745,-7.3466,4.6496,0.7718,0.1846,-0.5946
1623961203901,-2.1669,-7.1887,4.6735,0.7865,0.1638,-0.6043
1623961203910,-2.1310,-7.0978,4.6568,0.7462,0.1406,-0.6251
1623961203920,-2.0712,-7.2725,4.6328,0.6484,0.1198,-0.6496
1623961203930,-1.9587,-7.7319,4.5347,0.4994,0.0978,-0.6447
1623961203941,-1.8438,-8.2535,4.5850,0.3454,0.0771,-0.6227
1623961203951,-1.7888,-8.4426,4.6759,0.2770,0.0661,-0.6031
1623961203960,-1.8103,-8.2918,4.8697,0.3210,0.0441,-0.6043
1623961203970,-1.6740,-7.9425,4.9511,0.4212,-0.0060,-0.6361
1623961203980,-1.5304,-7.7319,5.0133,0.4994,-0.0427,-0.6459
1623961203989,-1.4753,-7.7199,4.9702,0.5177,-0.0646,-0.6275
1623961203999,-1.4610,-7.9233,4.9678,0.4969,-0.0927,-0.6043
1623961204008,-1.4203,-8.2033,4.9893,0.4334,-0.1147,-0.5726
1623961204018,-1.3342,-8.3301,5.1066,0.3687,-0.1331,-0.5237
1623961204027,-1.2863,-8.3564,5.2502,0.3515,-0.1477,-0.4980
1623961204037,-1.3126,-8.2846,5.4009,0.3906,-0.1526,-0.4956
1623961204047,-1.3102,-8.1602,5.4009,0.4138,-0.1587,-0.4834
1623961204057,-1.1714,-8.2176,5.2908,0.3882,-0.1636,-0.4443
1623961204066,-0.9585,-8.1602,5.2502,0.2746,-0.1550,-0.3979
1623961204076,-0.8006,-8.1076,5.3004,0.1524,-0.1416,-0.3527
1623961204085,-0.7384,-8.0406,5.4296,0.0510,-0.1294,-0.3282
1623961204095,-0.7072,-8.0190,5.5900,0.0168,-0.1160,-0.3233
1623961204104,-0.6977,-8.0932,5.6498,0.0767,-0.1013,-0.3160
1623961204114,-0.6977,-8.2870,5.7072,0.2049,-0.0940,-0.3148
1623961204122,-0.7360,-8.3110,5.7168,0.3063,-0.0879,-0.2965
1623961204133,-0.7384,-8.1483,5.7455,0.3528,-0.0854,-0.2451
1623961204141,-0.7096,-7.8779,5.7240,0.3589,-0.0952,-0.2036
1623961204151,-0.7072,-7.5811,5.6880,0.3125,-0.1062,-0.1926
1623961204161,-0.7934,-7.3371,5.6904,0.2440,-0.1037,-0.1938
1623961204170,-0.8077,-7.2079,5.8292,0.2281,-0.1001,-0.2134
1623961204179,-0.7336,-7.2533,5.9776,0.2758,-0.1001,-0.2500
1623961204192,-0.5852,-7.4065,6.0063,0.3503,-0.1001,-0.2769
1623961204200,-0.3555,-7.4735,6.0374,0.3723,-0.0903,-0.2696
1623961204210,-0.2311,-7.3873,6.0278,0.3247,-0.0805,-0.2464
1623961204220,-0.2167,-7.3299,6.1044,0.2404,-0.0695,-0.2391
1623961204229,-0.2622,-7.3371,6.2599,0.1451,-0.0610,-0.2415
1623961204239,-0.2885,-7.4950,6.3796,0.0901,-0.0573,-0.2427
1623961204249,-0.3172,-7.7247,6.4227,0.1060,-0.0549,-0.2464
1623961204258,-0.3746,-7.7989,6.3341,0.1829,-0.0561,-0.2488
1623961204267,-0.3890,-7.7104,6.1666,0.2843,-0.0549,-0.2391
1623961204278,-0.3196,-7.6147,6.1236,0.3882,-0.0561,-0.2293
1623961204287,-0.1521,-7.4519,6.1523,0.4334,-0.0561,-0.2281
1623961204297,0.0154,-7.4376,6.2432,0.4175,-0.0475,-0.2171
1623961204306,0.1039,-7.4998,6.3317,0.3552,-0.0329,-0.1999
1623961204314,0.0872,-7.5668,6.3557,0.2611,-0.0219,-0.1804
1623961204323,-0.0684,-7.6266,6.2910,0.1854,-0.0158,-0.1608
1623961204335,-0.1521,-7.6123,6.1786,0.1353,-0.0219,-0.1523
1623961204345,-0.1545,-7.5740,6.0542,0.1096,-0.0280,-0.1462
1623961204354,-0.1545,-7.6027,6.0589,0.0962,-0.0292,-0.1376
1623961204364,-0.1880,-7.7822,6.0637,0.1121,-0.0292,-0.1266
1623961204372,-0.1736,-7.9281,6.2336,0.1328,-0.0268,-0.1181
1623961204383,-0.1090,-7.8492,6.3557,0.1597,-0.0280,-0.1047
1623961204391,-0.0803,-7.6027,6.5088,0.1927,-0.0353,-0.0863
1623961204400,-0.1162,-7.4807,6.4107,0.2025,-0.0365,-0.0729
1623961204410,-0.1904,-7.4759,6.3293,0.1646,-0.0304,-0.0533
1623961204420,-0.2813,-7.5429,6.3341,0.1145,-0.0195,-0.0277
1623961204432,-0.3651,-7.5740,6.3628,0.1096,-0.0146,-0.0204
1623961204439,-0.4321,-7.6218,6.4442,0.1671,-0.0146,-0.0216
1623961204448,-0.4584,-7.5859,6.5088,0.2453,-0.0195,-0.0191
1623961204458,-0.5374,-7.5070,6.4250,0.3296,-0.0292,-0.0179
1623961204467,-0.6115,-7.3610,6.3341,0.3882,-0.0365,-0.0155
1623961204477,-0.5780,-7.2844,6.3174,0.4175,-0.0463,-0.0057
1623961204487,-0.5493,-7.1505,6.3724,0.4090,-0.0622,-0.0008
1623961204498,-0.5374,-6.8920,6.3652,0.3650,-0.0756,-0.0033
1623961204508,-0.4775,-6.7102,6.3891,0.3027,-0.0854,-0.0094
1623961204517,-0.3579,-6.8490,6.3748,0.2379,-0.0818,-0.0143
1623961204527,-0.3172,-7.1145,6.3557,0.1829,-0.0646,-0.0204
1623961204536,-0.3124,-7.4113,6.2647,0.1744,-0.0536,-0.0228
1623961204546,-0.2957,-7.6864,6.3628,0.2330,-0.0427,-0.0228
1623961204556,-0.3770,-7.5429,6.5878,0.3381,-0.0402,-0.0094
1623961204566,-0.4321,-7.1792,6.7074,0.4468,-0.0488,0.0004
1623961204575,-0.4057,-6.8824,6.6715,0.5104,-0.0610,0.0090
1623961204584,-0.4416,-6.7126,6.6045,0.4945,-0.0585,0.0187
1623961204594,-0.4823,-6.6671,6.5495,0.4517,-0.0500,0.0261
1623961204603,-0.4991,-6.8154,6.4753,0.4151,-0.0451,0.0224
1623961204614,-0.5708,-6.7724,6.6284,0.3943,-0.0500,0.0224
1623961204622,-0.6211,-6.6599,6.6404,0.3931,-0.0634,0.0199
1623961204637,-0.5254,-6.6767,6.6572,0.4004,-0.0756,0.0114
1623961204641,-0.4823,-6.6145,6.7959,0.3784,-0.0793,0.0029
1623961204650,-0.5278,-6.3943,6.7959,0.3234,-0.0952,-0.0045
1623961204660,-0.4632,-6.3967,6.6619,0.2220,-0.1111,-0.0069
1623961204669,-0.2717,-6.9997,6.4657,0.0889,-0.0818,0.0029
1623961204679,-0.3603,-7.3849,7.0256,0.0217,-0.0414,0.0090
1623961204737,-0.5948,-6.7963,7.2171,0.0938,-0.0598,-0.0057
1623961204737,-0.5350,-6.3321,7.1309,0.2453,-0.1062,-0.0253
1623961204738,-0.3723,-6.3536,7.0663,0.2892,-0.1025,-0.0069
1623961204739,-0.2119,-6.4326,7.3152,0.2477,-0.0524,-0.0008
1623961204740,-0.2311,-6.6695,7.4300,0.2831,-0.0170,-0.0240
1623961204741,-0.3196,-6.9614,7.3200,0.3503,-0.0134,-0.0362
1623961204751,-0.3292,-7.1935,7.2817,0.4175,-0.0255,-0.0167
1623961204757,-0.3603,-7.0954,7.2625,0.4615,-0.0390,0.0053
1623961204767,-0.4536,-6.6862,7.1716,0.4493,-0.0695,0.0175
1623961204777,-0.4057,-6.2484,7.1070,0.3540,-0.0903,0.0273
1623961204786,-0.3555,-6.0186,7.0544,0.2245,-0.0854,0.0187
1623961204796,-0.2813,-6.0665,7.2482,0.0754,-0.0561,-0.0008
1623961204806,-0.2167,-6.2531,7.3606,-0.0357,-0.0317,-0.0143
1623961204815,-0.1952,-6.4446,7.3965,-0.0980,-0.0207,-0.0240
1623961204825,-0.2215,-6.4852,7.4229,-0.1188,-0.0146,-0.0265
1623961204834,-0.1952,-6.4206,7.3702,-0.1212,-0.0195,-0.0240
1623961204843,-0.1521,-6.3847,7.3343,-0.1237,-0.0146,-0.0265
1623961204854,-0.1545,-6.6073,7.3080,-0.1347,0.0013,-0.0265
1623961204863,-0.1569,-6.9207,7.1692,-0.1445,0.0111,-0.0216
1623961204873,-0.1689,-7.1289,7.1214,-0.1359,0.0257,-0.0094
1623961204881,-0.1832,-7.0739,7.0520,-0.1066,0.0233,-0.0008
1623961204890,-0.1090,-6.7604,7.1429,-0.0577,0.0111,-0.0057
1623961204900,-0.0755,-6.5020,7.1979,-0.0541,0.0087,-0.0106
1623961204910,0.0250,-6.4493,7.1453,-0.1481,0.0123,-0.0033
1623961204923,0.1231,-6.4685,7.0759,-0.3399,0.0270,0.0126
1623961204931,0.2188,-6.7006,7.1190,-0.5586,0.0587,0.0346
1623961204940,0.2403,-6.9614,7.1166,-0.7688,0.0978,0.0578
1623961204949,0.2882,-7.2916,7.1740,-0.9166,0.1333,0.0871
1623961204958,0.2523,-7.6458,7.1931,-0.9838,0.1748,0.1152
1623961204969,0.2092,-7.8946,7.2625,-0.9606,0.2066,0.1360
1623961204979,0.1422,-7.9377,7.2601,-0.8909,0.2249,0.1702
1623961204988,0.1398,-7.9664,7.1596,-0.8005,0.2273,0.2117
1623961204998,0.1972,-7.9616,6.9347,-0.7333,0.2310,0.2496
1623961205007,0.2882,-8.0478,6.8055,-0.7113,0.2518,0.2997
1623961205017,0.2762,-8.3181,6.6356,-0.6942,0.2823,0.3498
1623961205027,0.3241,-8.5909,6.5088,-0.6894,0.3080,0.4060
1623961205035,0.3241,-8.8326,6.3509,-0.6784,0.3251,0.4744
1623961205046,0.3145,-8.9570,6.2934,-0.6600,0.3324,0.5490
1623961205055,0.2307,-8.8828,6.2552,-0.6564,0.3275,0.6210
1623961205065,0.1183,-8.7752,6.1307,-0.6417,0.3177,0.6797
1623961205075,0.0130,-8.6125,5.9704,-0.6454,0.3092,0.7310
1623961205084,-0.1258,-8.5096,5.8053,-0.6478,0.2994,0.7750
1623961205094,-0.2048,-8.4689,5.6450,-0.6295,0.2909,0.8153
1623961205107,-0.2694,-8.4904,5.5373,-0.6148,0.2799,0.8666
1623961205111,-0.4321,-8.4880,5.4942,-0.5659,0.2689,0.8996
1623961205123,-0.6283,-8.3469,5.4918,-0.4926,0.2481,0.9362
1623961205131,-0.8628,-8.1483,5.4440,-0.4071,0.2163,0.9753
1623961205140,-1.0829,-7.9449,5.3004,-0.3192,0.1797,0.9900
1623961205150,-1.2528,-7.8037,5.1951,-0.2569,0.1406,0.9973
1623961205159,-1.3246,-7.7534,5.1377,-0.2202,0.1003,1.0022
1623961205169,-1.3892,-7.7056,5.0851,-0.2007,0.0563,1.0059
1623961205180,-1.4706,-7.5118,5.1401,-0.2080,0.0099,1.0132
1623961205188,-1.6668,-7.1145,5.1927,-0.2324,-0.0365,1.0059
1623961205200,-1.8462,-6.8777,5.1736,-0.2666,-0.0818,0.9802
1623961205209,-2.0831,-6.7532,5.1257,-0.3277,-0.1221,0.9521
1623961205219,-2.2698,-6.7915,5.0707,-0.3754,-0.1599,0.9252
1623961205229,-2.3750,-6.9997,5.0779,-0.3631,-0.1954,0.8849
1623961205238,-2.3439,-7.1361,5.1760,-0.3021,-0.2296,0.8446
1623961205249,-2.3009,-7.1002,5.2861,-0.2129,-0.2614,0.8214
1623961205257,-2.2769,-6.9973,5.2980,-0.1212,-0.2870,0.7982
1623961205267,-2.2817,-6.9112,5.3219,-0.0626,-0.2980,0.7774
1623961205277,-2.3798,-6.7604,5.2693,-0.0675,-0.3102,0.7603
1623961205286,-2.5856,-6.5786,5.1784,-0.0858,-0.3334,0.7395
1623961205296,-2.7244,-6.3656,5.0731,-0.1102,-0.3579,0.7114
1623961205306,-2.7531,-6.2555,5.0181,-0.1249,-0.3811,0.6699
1623961205315,-2.7124,-6.1837,5.0037,-0.1408,-0.4018,0.6186
1623961205324,-2.6000,-6.1502,5.1425,-0.1591,-0.4226,0.5758
1623961205334,-2.4707,-6.1957,5.3363,-0.1664,-0.4299,0.5306
1623961205344,-2.4085,-6.2699,5.4440,-0.1652,-0.4251,0.4793
1623961205353,-2.5090,-6.4350,5.4416,-0.1408,-0.4079,0.4427
1623961205363,-2.6454,-6.6336,5.4081,-0.1225,-0.3921,0.4109
1623961205371,-2.6789,-6.7030,5.3483,-0.0895,-0.3835,0.3926
1623961205381,-2.7531,-6.5307,5.3626,-0.0602,-0.3737,0.3767
1623961205390,-2.8488,-6.1670,5.3339,-0.0394,-0.3786,0.3510
1623961205400,-2.8727,-5.9421,5.1975,-0.0589,-0.3909,0.3193
1623961205413,-2.7842,-5.9875,5.1568,-0.1420,-0.3982,0.2924
1623961205421,-2.6430,-6.2388,5.4009,-0.2740,-0.3872,0.2728
1623961205430,-2.6143,-6.5427,5.7048,-0.3815,-0.3579,0.2557
1623961205440,-2.7029,-6.7317,5.9058,-0.3974,-0.3261,0.2252
1623961205450,-2.8943,-6.8418,5.9010,-0.3338,-0.3004,0.1934
1623961205459,-2.9972,-6.9351,5.8244,-0.2141,-0.2846,0.1727
1623961205469,-3.0881,-6.9207,5.7263,-0.0944,-0.2687,0.1568
1623961205478,-3.0977,-6.8083,5.6258,0.0192,-0.2650,0.1372
1623961205488,-3.1001,-6.6456,5.6402,0.0986,-0.2736,0.1116
1623961205498,-3.0115,-6.6145,5.8197,0.1463,-0.2846,0.0810
1623961205507,-2.8512,-6.7508,5.9824,0.1500,-0.2931,0.0468
1623961205517,-2.8153,-6.8801,6.2025,0.1316,-0.2858,0.0261
1623961205527,-2.8775,-6.9614,6.3150,0.1328,-0.2870,0.0248
1623961205535,-2.7507,-6.7891,6.5519,0.1145,-0.2821,0.0102
1623961205546,-2.6813,-6.2484,6.5662,0.0339,-0.2565,-0.0179
1623961205556,-2.6143,-6.1215,6.5255,-0.0907,-0.2149,-0.0350
1623961205565,-2.5138,-6.4972,6.5112,-0.2434,-0.1380,-0.0375
1623961205575,-2.5401,-7.3897,6.6260,-0.3375,-0.0329,-0.0301
1623961205584,-2.5593,-8.0501,6.7481,-0.3363,0.0551,-0.0289
1623961205593,-2.6311,-8.1243,6.8007,-0.2446,0.1003,-0.0069
1623961205603,-2.6454,-7.8324,6.6906,-0.0919,0.1186,0.0199
1623961205618,-2.5952,-7.4304,6.5255,0.0400,0.1333,0.0334
1623961205619,-2.5449,-7.0475,6.4227,0.0559,0.1687,0.0395
1623961205631,-2.5521,-6.8753,6.3341,-0.0247,0.2078,0.0456
1623961205640,-2.5521,-6.9614,6.2958,-0.1396,0.2481,0.0517
1623961205650,-2.5736,-7.1217,6.1355,-0.2373,0.2774,0.0468
1623961205663,-2.5569,-7.2533,5.9704,-0.2935,0.2945,0.0444
1623961205669,-2.5354,-7.3658,5.8484,-0.2996,0.3067,0.0383
1623961205678,-2.5617,-7.4376,5.7766,-0.2642,0.3116,0.0212
1623961205689,-2.5569,-7.4615,5.7048,-0.2251,0.3055,0.0065
1623961205697,-2.5234,-7.4208,5.5947,-0.2104,0.2933,0.0065
1623961205709,-2.5162,-7.3466,5.5182,-0.2031,0.2823,-0.0008
1623961205719,-2.5689,-7.3060,5.4440,-0.1958,0.2738,-0.0216
1623961205728,-2.5832,-7.3275,5.3531,-0.1921,0.2542,-0.0362
1623961205738,-2.5617,-7.3897,5.3267,-0.1994,0.2408,-0.0313
1623961205748,-2.5449,-7.3945,5.2813,-0.2031,0.2285,-0.0313
1623961205757,-2.5569,-7.3132,5.2645,-0.1762,0.2115,-0.0472
1623961205766,-2.4947,-7.3538,5.1592,-0.1359,0.1956,-0.0668
1623961205775,-2.4564,-7.3754,5.0683,-0.0980,0.1919,-0.0704
1623961205786,-2.4971,-7.4496,5.0013,-0.0382,0.1907,-0.0827
1623961205796,-2.5713,-7.3849,4.9056,0.0131,0.1797,-0.1034
1623961205805,-2.5808,-7.3012,4.8482,0.0534,0.1589,-0.1156
1623961205815,-2.5282,-7.2773,4.8936,0.0803,0.1369,-0.1205
1623961205824,-2.4707,-7.2509,4.9008,0.0547,0.1284,-0.1266
1623961205834,-2.4420,-7.2462,4.9128,-0.0064,0.1272,-0.1303
1623961205844,-2.4540,-7.2198,4.9774,-0.0565,0.1259,-0.1340
1623961205853,-2.4827,-7.2366,4.9870,-0.0919,0.1308,-0.1486
1623961205861,-2.5330,-7.2390,4.9511,-0.1017,0.1308,-0.1670
1623961205870,-2.5545,-7.2605,4.8434,-0.0932,0.1174,-0.1767
1623961205880,-2.5832,-7.2174,4.8051,-0.0748,0.1015,-0.1902
1623961205890,-2.6263,-7.1672,4.8051,-0.0406,0.0893,-0.2146
1623961205899,-2.6406,-7.1433,4.7764,-0.0064,0.0819,-0.2403
1623961205909,-2.6095,-7.2127,4.7572,0.0095,0.0844,-0.2610
1623961205921,-2.5856,-7.3156,4.7572,-0.0076,0.0893,-0.2720
1623961205930,-2.5473,-7.4041,4.8219,-0.0504,0.0881,-0.2708
1623961205940,-2.5401,-7.4902,4.9319,-0.1029,0.0868,-0.2733
1623961205949,-2.5880,-7.4591,4.9965,-0.1518,0.0856,-0.2806
1623961205959,-2.5952,-7.4424,5.0731,-0.1726,0.0795,-0.2879
1623961205969,-2.6095,-7.4591,5.1281,-0.1726,0.0771,-0.2977
1623961205978,-2.5928,-7.4974,5.0779,-0.1212,0.0746,-0.3172
1623961205988,-2.6359,-7.5405,5.1592,-0.0357,0.0746,-0.3356
1623961205997,-2.6789,-7.3921,5.0970,0.0363,0.0636,-0.3368
1623961206007,-2.6765,-7.1983,5.0133,0.0754,0.0465,-0.3331
1623961206016,-2.6646,-7.2103,4.9846,0.1219,0.0453,-0.3527
1623961206026,-2.6143,-7.4567,5.1042,0.1622,0.0502,-0.3771
1623961206035,-2.5114,-7.8324,5.1856,0.2171,0.0477,-0.3881
1623961206045,-2.4038,-8.1483,5.3531,0.3063,0.0331,-0.3832
1623961206055,-2.3415,-8.1243,5.4655,0.4114,0.0184,-0.3759
1623961206064,-2.3344,-7.8037,5.5182,0.5372,0.0050,-0.3734
1623961206074,-2.3607,-7.4089,5.5158,0.6765,-0.0134,-0.3844
1623961206083,-2.3272,-7.2533,5.5349,0.8195,-0.0134,-0.3954
1623961206093,-2.3104,-7.3682,5.6378,0.9893,0.0160,-0.4186
1623961206104,-2.3966,-7.8109,5.7240,1.1725,0.0245,-0.4492
1623961206111,-2.2841,-7.9903,5.7527,1.2544,0.0013,-0.4528
1623961206124,-2.1764,-7.9233,5.7144,1.2165,-0.0317,-0.3967
1623961206130,-2.1166,-7.5668,5.6450,1.0699,-0.0720,-0.3404
1623961206140,-2.0520,-7.1720,5.5804,0.8378,-0.0964,-0.3246
1623961206149,-2.0927,-7.1098,5.7909,0.6081,-0.0818,-0.3270
1623961206159,-2.0903,-7.1145,6.0183,0.4468,-0.0573,-0.3331
1623961206169,-2.0568,-7.1265,6.3006,0.4261,-0.0402,-0.3514
1623961206179,-1.9898,-7.1122,6.4753,0.5482,-0.0280,-0.3734
1623961206187,-2.0137,-7.1433,6.4418,0.7498,-0.0134,-0.3954
1623961206199,-2.0329,-7.3323,6.5255,0.9917,0.0025,-0.4137
1623961206209,-1.9874,-7.3945,6.5184,1.1835,0.0025,-0.4125
1623961206218,-2.0089,-7.2318,6.5231,1.3008,-0.0121,-0.3869
1623961206228,-2.1190,-7.0284,6.4633,1.3375,-0.0500,-0.3661
1623961206237,-2.1166,-6.6934,6.4274,1.2935,-0.0952,-0.3649
1623961206247,-2.0089,-6.3680,6.4370,1.1689,-0.1172,-0.3502
1623961206257,-1.9539,-6.2651,6.6308,1.0577,-0.1172,-0.3368
1623961206266,-1.8749,-6.0928,6.8199,1.0052,-0.1184,-0.3600
1623961206276,-1.7768,-6.1120,7.0807,1.0602,-0.1184,-0.4040
1623961206285,-1.6787,-6.3441,7.1261,1.1848,-0.1147,-0.4419
1623961206295,-1.5447,-6.6623,7.1692,1.3045,-0.1135,-0.4492
1623961206305,-1.5304,-6.7102,7.0783,1.3753,-0.1294,-0.4272
1623961206314,-1.6117,-6.6767,7.0902,1.4511,-0.1526,-0.4015
1623961206324,-1.6333,-6.6575,7.1668,1.5708,-0.1746,-0.4003
1623961206334,-1.7146,-6.4852,7.3271,1.7321,-0.2161,-0.4101
1623961206343,-1.6309,-6.1263,7.4611,1.8958,-0.2687,-0.4027
1623961206351,-1.4658,-5.7674,7.5784,2.0155,-0.3151,-0.3844
1623961206361,-1.2097,-5.7100,7.6238,1.9984,-0.3371,-0.3502
1623961206370,-1.0279,-5.6382,7.7507,1.7773,-0.3395,-0.2965
1623961206380,-0.9752,-5.4922,7.6884,1.4108,-0.3359,-0.2427
1623961206392,-0.9513,-5.4994,7.7387,1.0162,-0.3090,-0.2122
1623961206401,-0.9896,-5.7291,7.7650,0.7229,-0.2638,-0.2109
1623961206410,-1.0518,-5.8966,7.9421,0.6093,-0.2332,-0.2256
1623961206420,-1.0733,-5.8440,8.2173,0.6997,-0.2369,-0.2415
1623961206430,-1.0231,-5.7770,8.5762,0.9258,-0.2516,-0.2537
1623961206439,-0.8484,-5.6023,8.7030,1.1261,-0.2724,-0.2391
1623961206449,-0.6091,-5.3439,8.5642,1.1628,-0.2736,-0.1914
1623961206458,-0.5350,-5.2386,8.3489,1.0186,-0.2504,-0.1315
1623961206468,-0.5493,-5.1644,8.1239,0.7559,-0.2186,-0.0790
1623961206478,-0.5876,-5.0256,8.0139,0.4774,-0.1819,-0.0570
1623961206487,-0.5589,-4.9897,8.0737,0.2734,-0.1563,-0.0582
1623961206497,-0.5948,-4.8868,8.1957,0.1512,-0.1294,-0.0594
1623961206506,-0.6426,-4.8462,8.3154,0.1096,-0.1147,-0.0656
1623961206516,-0.6714,-4.7337,8.4087,0.0962,-0.0927,-0.0729
1623961206525,-0.7192,-4.8079,8.5020,0.1475,-0.0744,-0.0827
1623961206535,-0.7407,-4.8868,8.5523,0.2575,-0.0671,-0.0998
1623961206545,-0.7312,-4.8390,8.6767,0.3919,-0.0646,-0.1120
1623961206554,-0.7288,-4.7193,8.4805,0.5348,-0.0756,-0.1132
1623961206564,-0.6690,-4.5088,8.2699,0.6484,-0.0940,-0.0998
1623961206574,-0.6809,-4.3006,8.2053,0.7535,-0.1037,-0.0949
1623961206583,-0.6761,-4.0948,8.2388,0.8830,-0.1221,-0.1047
1623961206592,-0.6044,-4.0182,8.4350,1.0039,-0.1441,-0.1047
1623961206601,-0.5637,-4.0159,8.7413,1.0882,-0.1599,-0.1108
1623961206612,-0.4847,-4.0781,8.9375,1.1237,-0.1795,-0.1156
1623961206620,-0.4680,-4.0900,8.9566,1.0895,-0.1905,-0.1095
1623961206632,-0.3962,-3.9680,8.7341,0.9991,-0.2039,-0.1034
1623961206639,-0.3363,-3.6856,8.5810,0.8647,-0.2076,-0.1010
1623961206649,-0.2861,-3.5086,8.6001,0.7217,-0.1941,-0.1108
1623961206658,-0.2526,-3.5062,8.6312,0.6032,-0.1807,-0.1205
1623961206670,-0.2933,-3.7263,8.7604,0.5153,-0.1673,-0.1279
1623961206679,-0.3029,-3.8627,8.9758,0.5006,-0.1599,-0.1279
1623961206689,-0.2550,-3.9584,9.3323,0.5763,-0.1599,-0.1364
1623961206697,-0.1330,-3.9345,9.4783,0.6997,-0.1648,-0.1389
1623961206708,-0.1282,-3.8148,9.5309,0.8073,-0.1722,-0.1279
1623961206718,-0.1928,-3.6282,9.3658,0.8805,-0.1819,-0.1120
1623961206728,-0.1689,-3.5421,9.2270,0.9172,-0.1819,-0.0973
1623961206737,-0.1712,-3.4224,9.1074,0.9160,-0.1746,-0.0827
1623961206747,-0.1760,-3.3147,9.0284,0.8977,-0.1819,-0.0766
1623961206756,-0.1330,-3.2813,9.0045,0.8830,-0.1832,-0.0668
1623961206765,-0.0253,-3.2717,9.0835,0.8451,-0.1758,-0.0570
1623961206775,0.0465,-3.2190,9.1864,0.7816,-0.1685,-0.0558
1623961206785,0.0585,-3.1114,9.2366,0.6936,-0.1697,-0.0521
1623961206795,0.0609,-3.0755,9.2462,0.5959,-0.1648,-0.0423
1623961206804,0.0920,-3.1401,9.1888,0.4774,-0.1465,-0.0277
1623961206814,-0.0325,-3.2501,9.3395,0.4077,-0.1318,-0.0155
1623961206824,-0.1712,-3.2717,9.5142,0.4053,-0.1538,0.0004
1623961206833,-0.2048,-3.0707,9.4017,0.4053,-0.1978,0.0395
1623961206841,-0.1545,-3.0444,9.2438,0.4065,-0.2125,0.0639
1623961206851,-0.2909,-2.9199,9.1050,0.4175,-0.2308,0.0761
1623961206860,-0.3411,-2.6136,8.9471,0.4334,-0.2638,0.0761
1623961206870,-0.4201,-2.2858,8.8442,0.4322,-0.3041,0.0700
1623961206882,-0.2717,-2.1064,8.7413,0.3687,-0.3444,0.0737
1623961206891,-0.2167,-2.0513,8.8059,0.2636,-0.3591,0.0774
1623961206900,-0.1019,-2.1231,8.9901,0.1512,-0.3774,0.0725
1623961206908,-0.0420,-2.2284,9.2223,0.0315,-0.3835,0.0786
1623961206919,-0.0516,-2.3313,9.4328,-0.0577,-0.3982,0.0859
1623961206930,-0.0277,-2.3481,9.6195,-0.1273,-0.4189,0.0859
1623961206939,-0.0349,-2.3241,9.6219,-0.1518,-0.4458,0.0798
1623961206949,-0.0660,-2.3217,9.6889,-0.1322,-0.4702,0.0676
1623961206958,-0.0468,-2.3193,9.6601,-0.1005,-0.4947,0.0615
1623961206968,-0.0732,-2.1710,9.4831,-0.0809,-0.5130,0.0578
1623961206977,-0.1019,-1.8408,9.0595,-0.0809,-0.5484,0.0456
1623961206987,-0.0636,-1.8168,8.7413,-0.0907,-0.5594,0.0322
1623961206997,-0.0325,-1.9772,8.6575,-0.0932,-0.5704,0.0163
1623961207006,0.0393,-2.2643,8.7389,-0.0895,-0.5888,-0.0130
1623961207015,0.2020,-2.5586,9.0260,-0.0528,-0.6144,-0.0240
1623961207025,0.3121,-2.7022,9.2246,0.0205,-0.6535,-0.0289
1623961207034,0.5107,-2.7883,9.2342,0.1255,-0.6963,-0.0326
1623961207044,0.6591,-2.7381,9.4855,0.2477,-0.7207,-0.0436
1623961207054,0.7548,-2.4533,9.6003,0.2953,-0.7427,-0.0533
1623961207064,0.9055,-2.1566,9.6171,0.2465,-0.7317,-0.0594
1623961207073,1.0180,-2.1088,9.4639,0.1353,-0.6853,-0.0656
1623961207081,0.9270,-2.3074,9.0213,0.0095,-0.6474,-0.0717
1623961207091,0.9199,-2.2404,9.3610,-0.0956,-0.5961,-0.0741
1623961207102,0.8505,-2.2475,9.2175,-0.0895,-0.5814,-0.0985
1623961207110,0.8170,-2.3528,9.0141,-0.0113,-0.6034,-0.1291
1623961207121,0.9821,-2.4390,9.3036,0.0461,-0.6217,-0.1438
1623961207129,0.9270,-2.3528,9.9760,0.0693,-0.6022,-0.1499
1623961207141,0.9390,-2.0753,10.6579,0.0596,-0.5619,-0.1584
1623961207148,1.2381,-2.1470,11.0264,-0.0309,-0.4715,-0.1450
1623961207159,1.3602,-2.2763,11.1676,-0.1860,-0.3371,-0.1474
1623961207169,1.5037,-2.4055,10.9762,-0.3351,-0.2320,-0.1743
1623961207179,1.2955,-2.5969,10.6627,-0.4487,-0.1245,-0.1890
1623961207187,1.3027,-2.5730,10.2727,-0.5525,-0.0708,-0.1853
1623961207198,1.3027,-2.4964,9.7894,-0.6661,-0.0219,-0.1780
1623961207208,1.5540,-2.6472,9.6697,-0.6686,-0.0378,-0.2427
1623961207217,1.3745,-2.6304,9.5046,-0.5623,-0.1147,-0.3429
1623961207227,1.3386,-2.8793,9.1696,-0.6686,-0.0952,-0.2940
1623961207237,1.4750,-2.9558,8.9040,-0.6527,-0.0769,-0.3466
1623961207246,1.5564,-3.0324,8.8346,-0.6002,-0.0671,-0.3600
1623961207256,1.4918,-3.2023,8.9112,-0.5317,-0.0830,-0.3417
1623961207266,1.5205,-3.5373,9.1170,-0.4536,-0.1160,-0.3197
1623961207275,1.4989,-3.7120,9.2701,-0.3717,-0.1465,-0.3014
1623961207285,1.5612,-3.6761,9.3395,-0.2984,-0.1722,-0.2794
1623961207294,1.7334,-3.6521,9.3898,-0.2300,-0.1599,-0.2366
1623961207304,1.8818,-3.5995,9.4113,-0.1799,-0.1221,-0.1914
1623961207314,1.8363,-3.4894,9.2677,-0.1664,-0.0683,-0.1425
1623961207322,1.6640,-3.5660,9.0835,-0.1469,-0.0255,-0.0888
1623961207333,1.5947,-3.6115,8.9925,-0.0980,0.0038,-0.0582
1623961207341,1.5612,-3.3578,8.8849,-0.0431,0.0099,-0.0460
1623961207350,1.4726,-3.0037,8.8609,0.0046,-0.0048,-0.0448
1623961207360,1.4487,-2.7907,8.9255,0.0241,-0.0255,-0.0570
1623961207369,1.4989,-2.6208,8.9758,0.0168,-0.0353,-0.0827
1623961207382,1.6281,-2.5562,9.0907,-0.0015,-0.0243,-0.1022
1623961207389,1.6664,-2.6830,9.3539,-0.0602,0.0025,-0.1047
1623961207399,1.5731,-3.1161,9.4496,-0.1347,0.0380,-0.0998
1623961207410,1.5229,-3.5038,9.3084,-0.1652,0.0697,-0.1022
1623961207419,1.4559,-3.5564,9.1768,-0.1591,0.0771,-0.0937
1623961207429,1.4487,-3.5492,9.1194,-0.1066,0.0575,-0.0753
1623961207438,1.4870,-3.5301,9.1720,-0.0455,0.0306,-0.0656
1623961207448,1.5659,-3.6186,9.2246,0.0021,0.0135,-0.0607
1623961207458,1.5875,-3.4248,9.1959,0.0205,-0.0011,-0.0497
1623961207467,1.6186,-2.9893,9.1170,0.0082,-0.0085,-0.0338
1623961207477,1.6521,-2.6304,9.1553,-0.0296,0.0087,-0.0216
1623961207487,1.6210,-2.5586,9.1959,-0.0956,0.0416,-0.0130
1623961207497,1.5564,-2.7931,9.1624,-0.1579,0.0807,-0.0094
1623961207506,1.5133,-3.0707,9.1002,-0.1994,0.1100,-0.0167
1623961207515,1.4702,-3.3746,9.1217,-0.2068,0.1174,-0.0216
1623961207525,1.4559,-3.6545,9.2581,-0.1713,0.1051,-0.0191
1623961207535,1.4487,-3.7957,9.2605,-0.1237,0.0771,-0.0155
1623961207544,1.4176,-3.7598,9.2270,-0.0773,0.0477,-0.0081
1623961207554,1.4104,-3.6306,9.1792,-0.0333,0.0172,0.0016
1623961207563,1.4319,-3.4105,9.1744,-0.0040,-0.0085,0.0102
1623961207573,1.4798,-3.2262,9.1505,0.0009,-0.0219,0.0114
1623961207581,1.4822,-3.0731,9.1385,-0.0101,-0.0207,0.0102
1623961207591,1.4463,-3.1042,9.1241,-0.0284,-0.0109,0.0114
1623961207601,1.4678,-3.2047,9.1959,-0.0528,0.0001,0.0065
1623961207610,1.4319,-3.3554,9.2199,-0.0858,0.0013,0.0004
1623961207624,1.4319,-3.5134,9.1840,-0.1078,-0.0097,-0.0057
1623961207632,1.3960,-3.5253,9.1624,-0.1102,-0.0243,-0.0167
1623961207639,1.4726,-3.4727,9.1098,-0.0956,-0.0439,-0.0216
1623961207648,1.5324,-3.4918,9.1241,-0.0699,-0.0549,-0.0228
1623961207659,1.5947,-3.4224,9.1289,-0.0504,-0.0524,-0.0179
1623961207669,1.5970,-3.2142,9.0380,-0.0382,-0.0463,-0.0106
1623961207679,1.6210,-3.0587,9.0069,-0.0431,-0.0341,-0.0045
1623961207688,1.6066,-3.0802,9.0189,-0.0504,-0.0195,-0.0045
1623961207696,1.6377,-3.2406,9.0476,-0.0626,0.0001,-0.0069
1623961207707,1.6569,-3.3387,9.0404,-0.0699,0.0196,-0.0045
1623961207715,1.6018,-3.3219,8.9830,-0.0699,0.0367,0.0041
1623961207727,1.5444,-3.3459,8.9566,-0.0724,0.0575,0.0126
1623961207736,1.5348,-3.5038,8.9854,-0.0736,0.0734,0.0212
1623961207746,1.5133,-3.6593,8.9925,-0.0565,0.0844,0.0273
1623961207755,1.4367,-3.7120,9.0021,-0.0259,0.0832,0.0248
1623961207765,1.4200,-3.7526,9.0141,0.0217,0.0710,0.0224
1623961207774,1.3960,-3.7144,9.0907,0.0754,0.0587,0.0175
1623961207784,1.3936,-3.6665,9.1911,0.1219,0.0441,0.0114
1623961207794,1.4224,-3.5756,9.1361,0.1475,0.0380,0.0016
1623961207804,1.3936,-3.4511,9.1241,0.1732,0.0343,-0.0081
1623961207813,1.3889,-3.3889,9.1744,0.1817,0.0282,-0.0118
1623961207823,1.4152,-3.3578,9.1241,0.1866,0.0147,-0.0143
1623961207831,1.4296,-3.2095,9.1337,0.1817,0.0050,-0.0228
1623961207841,1.4894,-3.0228,9.1481,0.1683,-0.0011,-0.0240
1623961207850,1.5181,-2.9439,9.1744,0.1377,0.0013,-0.0253
1623961207860,1.5109,-2.9175,9.1433,0.0962,0.0050,-0.0228
1623961207869,1.5253,-2.9965,9.1481,0.0620,0.0099,-0.0130
1623961207880,1.4870,-3.0037,9.1481,0.0253,0.0135,0.0016
1623961207890,1.4630,-2.9845,9.1935,-0.0125,0.0160,0.0090
1623961207900,1.4367,-3.0707,9.2007,-0.0394,0.0221,0.0138
1623961207909,1.4391,-3.1975,9.2079,-0.0589,0.0270,0.0114
1623961207919,1.4272,-3.3339,9.1959,-0.0809,0.0257,0.0090
1623961207927,1.4415,-3.5301,9.1600,-0.0773,0.0184,0.0029
1623961207937,1.4248,-3.6569,9.1840,-0.0541,0.0099,-0.0081
1623961207946,1.4296,-3.6019,9.1194,-0.0272,-0.0011,-0.0094
1623961207958,1.4032,-3.4344,9.0835,0.0156,-0.0085,-0.0143
1623961207967,1.3625,-3.3004,9.1074,0.0449,-0.0109,-0.0204
1623961207977,1.3578,-3.2430,9.1289,0.0547,-0.0109,-0.0240
1623961207987,1.4008,-3.2095,9.1289,0.0424,-0.0121,-0.0265
1623961207996,1.4272,-3.2597,9.1529,0.0376,-0.0146,-0.0277
1623961208006,1.4750,-3.2836,9.1074,0.0229,-0.0170,-0.0289
1623961208015,1.4678,-3.2286,9.0332,0.0143,-0.0170,-0.0277
1623961208025,1.4630,-3.2286,9.1146,0.0192,-0.0170,-0.0228
1623961208034,1.4894,-3.2310,9.1146,0.0253,-0.0195,-0.0155
1623961208044,1.4966,-3.2286,9.1529,0.0424,-0.0219,-0.0118
1623961208054,1.4774,-3.2382,9.1864,0.0522,-0.0255,-0.0045
1623961208063,1.4894,-3.1784,9.1409,0.0559,-0.0280,0.0041
1623961208071,1.4774,-3.1688,9.1289,0.0498,-0.0292,0.0126
1623961208081,1.4678,-3.2860,9.2127,0.0327,-0.0268,0.0199
1623961208090,1.4439,-3.1951,9.2031,0.0253,-0.0255,0.0187
1623961208101,1.4391,-2.9510,9.0811,0.0058,-0.0329,0.0126
1623961208110,1.4248,-2.9702,9.0978,-0.0223,-0.0353,0.0102
1623961208119,1.4535,-3.1449,9.2079,-0.0431,-0.0341,0.0041
1623961208129,1.4606,-3.2286,9.1457,-0.0675,-0.0378,0.0029
1623961208143,1.4415,-3.2358,9.0954,-0.0712,-0.0378,0.0102
1623961208148,1.4343,-3.2166,9.1672,-0.0626,-0.0365,0.0151
1623961208159,1.4511,-3.2262,9.1768,-0.0724,-0.0378,0.0163
1623961208169,1.4774,-3.3363,9.1624,-0.0846,-0.0353,0.0175
1623961208178,1.5037,-3.3865,9.1194,-0.0797,-0.0402,0.0126
1623961208187,1.5612,-3.3339,9.0883,-0.0834,-0.0378,0.0078
1623961208197,1.5899,-3.3267,9.0428,-0.0785,-0.0365,0.0078
1623961208207,1.5659,-3.3147,9.0141,-0.0675,-0.0255,0.0065
1623961208217,1.5731,-3.3602,9.0356,-0.0577,-0.0195,0.0102
1623961208227,1.5420,-3.3602,9.0308,-0.0418,-0.0134,0.0102
1623961208236,1.5372,-3.3602,9.0643,-0.0259,-0.0072,0.0114
1623961208246,1.5133,-3.3483,9.0954,-0.0089,-0.0023,0.0114
1623961208255,1.5253,-3.4009,9.1217,-0.0003,0.0025,0.0065
1623961208265,1.5492,-3.4296,9.0739,0.0070,0.0099,-0.0008
1623961208274,1.5348,-3.4823,9.0476,0.0229,0.0135,-0.0057
1623961208284,1.5420,-3.5205,9.0763,0.0437,0.0147,-0.0057
1623961208294,1.5348,-3.5157,9.0595,0.0779,0.0111,-0.0081
1623961208303,1.5085,-3.4464,9.0907,0.1035,0.0087,-0.0106
1623961208313,1.4702,-3.4033,9.1672,0.1268,0.0038,-0.0106
1623961208321,1.4583,-3.3363,9.2103,0.1353,-0.0011,-0.0118
1623961208331,1.4439,-3.1927,9.1648,0.1219,-0.0048,-0.0155
1623961208342,1.4032,-3.0826,9.1457,0.1023,-0.0072,-0.0167
1623961208350,1.4176,-3.0133,9.1816,0.0791,-0.0146,-0.0167
1623961208359,1.4846,-3.0635,9.1720,0.0547,-0.0219,-0.0216
1623961208370,1.5037,-3.1736,9.2151,0.0302,-0.0255,-0.0277
1623961208379,1.4989,-3.2454,9.1696,0.0143,-0.0317,-0.0313
1623961208390,1.5037,-3.2717,9.1313,0.0058,-0.0329,-0.0375
1623961208399,1.4894,-3.2501,9.0739,0.0168,-0.0427,-0.0399
1623961208409,1.5181,-3.2334,9.0930,0.0363,-0.0488,-0.0423
1623961208419,1.5085,-3.2478,9.1122,0.0486,-0.0549,-0.0436
1623961208428,1.5013,-3.3315,9.2246,0.0437,-0.0610,-0.0423
1623961208438,1.5348,-3.3291,9.1864,0.0486,-0.0683,-0.0411
1623961208448,1.5492,-3.2047,9.1146,0.0534,-0.0671,-0.0411
1623961208457,1.5229,-3.0970,9.1600,0.0522,-0.0610,-0.0375
1623961208467,1.5229,-3.0994,9.1529,0.0400,-0.0585,-0.0326
1623961208476,1.5707,-3.1903,9.1074,0.0180,-0.0573,-0.0375
1623961208486,1.6042,-3.2956,9.1361,0.0021,-0.0573,-0.0387
1623961208496,1.6162,-3.1592,9.1194,0.0107,-0.0585,-0.0350
1623961208505,1.5923,-3.0970,9.1672,0.0107,-0.0622,-0.0313
1623961208515,1.6162,-3.2334,9.1935,0.0009,-0.0646,-0.0313
1623961208525,1.6664,-3.2621,9.1481,-0.0076,-0.0659,-0.0423
1623961208534,1.6521,-3.2238,9.0859,-0.0101,-0.0585,-0.0448
1623961208544,1.5851,-3.1568,9.0787,-0.0003,-0.0561,-0.0387
1623961208553,1.5133,-3.1066,9.1241,0.0131,-0.0573,-0.0326
1623961208562,1.5324,-3.0970,9.1624,0.0192,-0.0646,-0.0350
1623961208571,1.6066,-3.0994,9.1505,0.0095,-0.0671,-0.0436
1623961208581,1.6760,-3.0659,9.1050,-0.0027,-0.0634,-0.0509
1623961208590,1.6999,-3.1233,9.0332,-0.0101,-0.0512,-0.0509
1623961208600,1.6688,-3.2358,9.0547,-0.0113,-0.0488,-0.0485
1623961208611,1.6951,-3.3147,9.1050,-0.0040,-0.0500,-0.0423
1623961208619,1.7669,-3.2717,9.1146,0.0046,-0.0488,-0.0375
1623961208630,1.7645,-3.2478,9.0715,0.0131,-0.0365,-0.0277
1623961208638,1.7215,-3.2549,9.1122,0.0229,-0.0268,-0.0167
1623961208649,1.6712,-3.2262,9.1289,0.0339,-0.0207,-0.0081
1623961208658,1.6808,-3.1353,9.1241,0.0424,-0.0231,-0.0081
1623961208669,1.7047,-3.0659,9.1529,0.0351,-0.0121,-0.0069
1623961208678,1.6617,-3.0491,9.1911,0.0241,-0.0060,-0.0057
1623961208687,1.6377,-3.0491,9.1217,0.0033,-0.0023,-0.0069
1623961208696,1.6760,-3.1161,9.1481,-0.0150,-0.0023,-0.0130
1623961208707,1.7167,-3.1951,9.1026,-0.0284,-0.0060,-0.0155
1623961208717,1.7406,-3.2525,9.1074,-0.0223,-0.0048,-0.0167
1623961208726,1.7382,-3.2478,9.1002,-0.0101,-0.0036,-0.0155
1623961208736,1.6951,-3.2932,9.1146,0.0046,0.0025,-0.0094
1623961208745,1.6856,-3.2573,9.1122,0.0241,0.0025,-0.0094
1623961208755,1.6784,-3.2478,9.1361,0.0388,0.0013,-0.0094
1623961208765,1.6880,-3.2119,9.1241,0.0424,0.0013,-0.0045
1623961208774,1.7023,-3.1401,9.1217,0.0363,0.0013,-0.0057
1623961208782,1.6760,-3.0922,9.1337,0.0327,0.0038,-0.0045
1623961208793,1.6688,-3.1353,9.1600,0.0229,0.0087,0.0016
1623961208803,1.6186,-3.1688,9.1409,0.0180,0.0062,0.0041
1623961208811,1.6162,-3.1257,9.1553,0.0143,0.0025,0.0078
1623961208820,1.5994,-3.0563,9.1792,0.0070,-0.0072,0.0078
1623961208830,1.6186,-3.0587,9.1385,-0.0064,-0.0158,0.0041
1623961208840,1.6425,-3.0491,9.1241,-0.0186,-0.0195,0.0016
1623961208852,1.6545,-3.0994,9.1720,-0.0284,-0.0207,0.0029
1623961208861,1.6808,-3.1520,9.1505,-0.0394,-0.0219,0.0029
1623961208870,1.6712,-3.1879,9.1553,-0.0455,-0.0195,0.0029
1623961208880,1.7047,-3.2071,9.1146,-0.0479,-0.0207,0.0016
1623961208890,1.7047,-3.2358,9.1146,-0.0528,-0.0219,0.0029
1623961208899,1.7334,-3.2406,9.0907,-0.0443,-0.0231,0.0041
1623961208908,1.7263,-3.2310,9.0595,-0.0345,-0.0170,0.0065
1623961208919,1.7358,-3.2142,9.0619,-0.0259,-0.0109,0.0090
1623961208928,1.7358,-3.1999,9.0619,-0.0186,-0.0097,0.0090
1623961208938,1.7287,-3.2047,9.0619,-0.0125,-0.0072,0.0065
1623961208947,1.6832,-3.2358,9.1122,-0.0125,-0.0060,0.0065
1623961208957,1.7071,-3.2932,9.1098,-0.0015,-0.0023,0.0041
1623961208967,1.6904,-3.3100,9.1217,0.0058,0.0025,0.0016
1623961208976,1.6760,-3.3195,9.1265,0.0192,0.0050,-0.0008
1623961208985,1.7119,-3.2884,9.1074,0.0278,0.0074,0.0029
1623961208996,1.6904,-3.2382,9.0739,0.0388,0.0123,0.0004
1623961209005,1.6688,-3.1903,9.1026,0.0424,0.0135,-0.0008
1623961209015,1.6617,-3.2166,9.1624,0.0534,0.0111,0.0016
1623961209024,1.6593,-3.1760,9.1505,0.0510,0.0074,-0.0008
1623961209033,1.6521,-3.1544,9.1002,0.0437,0.0050,-0.0033
1623961209041,1.6545,-3.1042,9.0907,0.0302,0.0038,-0.0020
1623961209053,1.6401,-3.1066,9.1529,0.0302,0.0013,-0.0020
1623961209061,1.6928,-3.0970,9.1792,0.0266,-0.0036,0.0004
1623961209070,1.7263,-3.0396,9.1194,0.0082,-0.0036,-0.0008
1623961209080,1.6999,-3.0635,9.0571,-0.0064,0.0038,-0.0033
1623961209089,1.6832,-3.1472,9.1098,-0.0076,0.0062,-0.0020
1623961209103,1.6808,-3.2525,9.1553,0.0021,0.0013,-0.0008
1623961209110,1.7167,-3.2478,9.1553,0.0046,0.0001,0.0041
1623961209118,1.7119,-3.1808,9.0954,0.0009,-0.0011,0.0053
1623961209129,1.6688,-3.1496,9.0739,0.0021,0.0013,0.0016
1623961209138,1.6736,-3.1520,9.1265,0.0021,0.0001,0.0065
1623961209149,1.6784,-3.1855,9.1840,0.0046,-0.0023,0.0102
1623961209159,1.6951,-3.2047,9.1744,0.0082,-0.0011,0.0114
1623961209167,1.6593,-3.2382,9.1529,0.0021,0.0013,0.0090
1623961209177,1.6617,-3.2669,9.1265,0.0033,-0.0023,0.0041
1623961209187,1.6688,-3.1879,9.1505,0.0241,-0.0085,0.0029
1623961209197,1.6928,-3.1161,9.1457,0.0229,-0.0097,0.0078
1623961209206,1.7047,-3.0755,9.1672,0.0217,-0.0060,0.0090
1623961209217,1.7071,-3.1018,9.1265,-0.0015,-0.0048,0.0090
1623961209225,1.6904,-3.0515,9.1146,-0.0137,-0.0011,0.0053
1623961209236,1.7215,-3.0683,9.0954,-0.0235,0.0013,0.0090
1623961209245,1.7191,-3.1520,9.1409,-0.0284,0.0013,0.0102
1623961209255,1.6951,-3.2813,9.1816,-0.0333,0.0038,0.0114
1623961209264,1.6784,-3.3171,9.1457,-0.0333,0.0074,0.0114
1623961209272,1.6664,-3.2310,9.1074,-0.0223,0.0050,0.0090
1623961209283,1.6760,-3.1808,9.1050,-0.0162,0.0038,0.0114
1623961209293,1.6521,-3.1760,9.1122,-0.0064,0.0050,0.0078
1623961209301,1.6305,-3.2142,9.1313,-0.0027,0.0001,0.0053
1623961209310,1.6258,-3.1951,9.1265,-0.0052,-0.0048,0.0041
1623961209321,1.6497,-3.1425,9.1098,-0.0113,-0.0121,0.0041
1623961209331,1.6880,-3.1401,9.1529,-0.0186,-0.0134,0.0053
1623961209342,1.6569,-3.1712,9.1313,-0.0321,-0.0134,0.0065
1623961209350,1.6856,-3.1616,9.1026,-0.0394,-0.0121,0.0090
1623961209358,1.6928,-3.1592,9.1002,-0.0369,-0.0085,0.0126
1623961209370,1.6784,-3.2358,9.1170,-0.0333,-0.0097,0.0163
1623961209380,1.6856,-3.2549,9.1768,-0.0284,-0.0121,0.0212
1623961209389,1.7143,-3.2813,9.1265,-0.0321,-0.0146,0.0212
1623961209399,1.7023,-3.1760,9.1002,-0.0345,-0.0146,0.0163
1623961209408,1.7023,-3.1305,9.0883,-0.0369,-0.0158,0.0163
1623961209418,1.7047,-3.1616,9.1002,-0.0406,-0.0182,0.0163
1623961209428,1.7023,-3.2334,9.0859,-0.0382,-0.0158,0.0151
1623961209437,1.6904,-3.2214,9.1122,-0.0369,-0.0109,0.0187
1623961209447,1.6951,-3.1879,9.0930,-0.0296,-0.0085,0.0236
1623961209457,1.6928,-3.2071,9.1241,-0.0369,-0.0085,0.0297
1623961209466,1.6760,-3.1927,9.1026,-0.0504,-0.0072,0.0322
1623961209476,1.6664,-3.1927,9.0763,-0.0528,-0.0072,0.0273
1623961209485,1.6664,-3.2142,9.0859,-0.0650,-0.0072,0.0261
1623961209495,1.6664,-3.2597,9.0930,-0.0650,-0.0072,0.0273
1623961209505,1.6593,-3.3195,9.0883,-0.0663,-0.0109,0.0261
1623961209514,1.6473,-3.3339,9.1074,-0.0602,-0.0121,0.0248
1623961209524,1.6449,-3.3291,9.0547,-0.0577,-0.0146,0.0224
1623961209533,1.6664,-3.3052,9.0811,-0.0406,-0.0146,0.0212
1623961209541,1.6904,-3.2884,9.0811,-0.0309,-0.0158,0.0212
1623961209551,1.6904,-3.2693,9.0739,-0.0309,-0.0146,0.0224
1623961209560,1.7239,-3.2836,9.0691,-0.0345,-0.0109,0.0224
1623961209570,1.7430,-3.3004,9.0643,-0.0382,-0.0060,0.0248
1623961209580,1.7526,-3.2478,9.0356,-0.0394,0.0025,0.0236
1623961209591,1.7478,-3.2860,9.0452,-0.0394,0.0062,0.0199
1623961209600,1.7143,-3.3961,9.0332,-0.0296,0.0087,0.0187
1623961209610,1.7095,-3.4176,9.0907,-0.0125,0.0087,0.0175
1623961209622,1.6999,-3.4033,9.1050,0.0021,0.0087,0.0175
1623961209628,1.6975,-3.3554,9.0930,0.0070,0.0099,0.0163
1623961209637,1.6425,-3.3004,9.0835,0.0119,0.0123,0.0187
1623961209647,1.6353,-3.2430,9.0763,0.0131,0.0172,0.0175
1623961209657,1.6234,-3.2334,9.0859,0.0033,0.0160,0.0151
1623961209667,1.6401,-3.2908,9.0715,-0.0027,0.0147,0.0126
1623961209677,1.6688,-3.3602,9.1146,-0.0199,0.0135,0.0114
1623961209685,1.6377,-3.4057,9.0859,-0.0137,0.0099,0.0114
1623961209749,1.6545,-3.3770,9.0571,-0.0101,0.0087,0.0102
1623961209750,1.6377,-3.3841,9.0667,0.0021,0.0050,0.0053
1623961209751,1.6497,-3.4057,9.1002,0.0131,0.0001,0.0004
1623961209752,1.6760,-3.4248,9.1289,0.0241,-0.0072,-0.0020
1623961209753,1.6880,-3.3459,9.1098,0.0315,-0.0072,-0.0033
1623961209753,1.6856,-3.2836,9.0859,0.0388,-0.0060,-0.0045
1623961209754,1.6569,-3.2358,9.0787,0.0302,-0.0036,-0.0033
1623961209764,1.6521,-3.2501,9.0883,0.0278,-0.0011,-0.0069
1623961209773,1.6760,-3.2980,9.1002,0.0192,-0.0036,-0.0081
1623961209782,1.6832,-3.3004,9.0907,0.0131,-0.0011,-0.0106
1623961209791,1.6832,-3.2836,9.0835,0.0156,-0.0023,-0.0094
1623961209801,1.6473,-3.3004,9.0643,0.0143,-0.0011,-0.0057
1623961209810,1.6210,-3.3052,9.1026,0.0156,-0.0023,-0.0045
1623961209820,1.6305,-3.3195,9.1098,0.0180,-0.0072,-0.0069
1623961209831,1.6497,-3.2597,9.0883,0.0229,-0.0121,-0.0081
1623961209840,1.6617,-3.2095,9.0835,0.0266,-0.0109,-0.0106
1623961209848,1.6736,-3.2047,9.0883,0.0266,-0.0109,-0.0106
1623961209859,1.6593,-3.2669,9.1241,0.0143,-0.0072,-0.0094
1623961209869,1.6999,-3.2980,9.0907,0.0046,-0.0072,-0.0081
1623961209879,1.6951,-3.2813,9.0332,0.0046,-0.0060,-0.0094
1623961209889,1.6880,-3.3004,9.0691,0.0070,-0.0011,-0.0069
1623961209898,1.6712,-3.3219,9.0643,0.0095,0.0001,-0.0033
1623961209908,1.7023,-3.3483,9.0691,0.0143,0.0001,-0.0033
1623961209918,1.6928,-3.3554,9.0571,0.0143,-0.0011,-0.0045
1623961209927,1.6569,-3.3243,9.0739,0.0241,0.0001,-0.0069
1623961209937,1.6688,-3.2908,9.0978,0.0449,-0.0023,-0.0094
1623961209946,1.6760,-3.3100,9.1170,0.0583,-0.0023,-0.0118
1623961209956,1.6688,-3.3076,9.1409,0.0596,-0.0036,-0.0118
1623961209964,1.6617,-3.2836,9.1600,0.0559,-0.0048,-0.0081
1623961209975,1.6617,-3.2454,9.1146,0.0534,-0.0048,-0.0069
1623961209985,1.6808,-3.1233,9.1050,0.0473,-0.0036,-0.0069
1623961209995,1.6712,-3.0850,9.0930,0.0412,-0.0023,-0.0081
1623961210004,1.6856,-3.1520,9.0978,0.0253,0.0013,-0.0094
1623961210013,1.6904,-3.2573,9.1098,0.0168,0.0001,-0.0106
1623961210023,1.7023,-3.2860,9.0787,0.0156,-0.0011,-0.0106
1623961210031,1.7071,-3.2836,9.0715,0.0229,-0.0023,-0.0081
1623961210041,1.6640,-3.2956,9.1026,0.0290,-0.0023,-0.0069
1623961210051,1.6808,-3.2789,9.1888,0.0376,-0.0060,-0.0008
1623961210061,1.6736,-3.2382,9.1888,0.0327,-0.0085,0.0041
1623961210070,1.6521,-3.1377,9.1337,0.0229,-0.0097,0.0041
1623961210079,1.6258,-3.0587,9.1122,0.0082,-0.0109,0.0029
1623961210089,1.6401,-3.0779,9.1337,-0.0064,-0.0121,0.0041
1623961210100,1.6688,-3.1257,9.1624,-0.0199,-0.0158,0.0053
1623961210110,1.6640,-3.1855,9.1289,-0.0357,-0.0158,0.0041
1623961210119,1.6808,-3.1999,9.1170,-0.0504,-0.0182,0.0041
1623961210131,1.6736,-3.2310,9.0595,-0.0492,-0.0207,0.0041
1623961210137,1.6880,-3.2501,9.1146,-0.0492,-0.0219,0.0090
1623961210146,1.7239,-3.2884,9.0835,-0.0492,-0.0231,0.0138
1623961210156,1.7215,-3.2693,9.0571,-0.0479,-0.0195,0.0175
1623961210166,1.6999,-3.2166,9.0476,-0.0541,-0.0170,0.0199
1623961210177,1.6999,-3.2166,9.0739,-0.0589,-0.0146,0.0212
1623961210186,1.7215,-3.2047,9.0428,-0.0589,-0.0097,0.0199
1623961210196,1.6856,-3.2406,9.0547,-0.0602,-0.0048,0.0175
1623961210205,1.6640,-3.3124,9.0452,-0.0589,0.0013,0.0175
1623961210215,1.6999,-3.3746,9.0619,-0.0553,0.0025,0.0163
1623961210225,1.6999,-3.4105,9.0117,-0.0406,0.0038,0.0163
1623961210235,1.7023,-3.4057,9.0165,-0.0247,0.0062,0.0126
1623961210244,1.7047,-3.3722,9.0189,-0.0040,0.0087,0.0138
1623961210254,1.6951,-3.3267,9.0284,0.0107,0.0111,0.0163
1623961210263,1.6904,-3.3435,9.0404,0.0119,0.0135,0.0138
1623961210273,1.6951,-3.3459,9.0595,0.0229,0.0172,0.0138
1623961210282,1.6593,-3.3076,9.0859,0.0339,0.0184,0.0151
1623961210291,1.6640,-3.3124,9.1289,0.0388,0.0160,0.0138
1623961210300,1.6808,-3.2669,9.1122,0.0315,0.0160,0.0138
1623961210310,1.6832,-3.2454,9.0978,0.0266,0.0184,0.0126
1623961210319,1.6904,-3.2478,9.0978,0.0290,0.0233,0.0114
1623961210331,1.6999,-3.2238,9.1074,0.0241,0.0245,0.0151
1623961210341,1.6808,-3.2478,9.0715,0.0192,0.0282,0.0151
1623961210350,1.6880,-3.2693,9.0835,0.0180,0.0306,0.0151
1623961210360,1.6928,-3.2956,9.0930,0.0156,0.0294,0.0175
1623961210369,1.6593,-3.2813,9.0954,0.0266,0.0257,0.0187
1623961210379,1.6449,-3.2932,9.1122,0.0315,0.0233,0.0212
1623961210389,1.6377,-3.2741,9.1337,0.0266,0.0184,0.0236
1623961210398,1.6042,-3.2501,9.1624,0.0192,0.0160,0.0261
1623961210408,1.5899,-3.2382,9.1505,0.0070,0.0135,0.0248
1623961210418,1.5994,-3.2166,9.1337,-0.0015,0.0099,0.0248
1623961210427,1.5947,-3.2047,9.1505,-0.0137,0.0074,0.0236
1623961210437,1.5851,-3.2214,9.1146,-0.0259,0.0038,0.0212
1623961210446,1.6066,-3.3004,9.1361,-0.0309,-0.0036,0.0175
1623961210455,1.6210,-3.3243,9.0930,-0.0443,-0.0085,0.0126
1623961210466,1.6449,-3.3506,9.0763,-0.0394,-0.0146,0.0102
1623961210475,1.6449,-3.3602,9.0739,-0.0321,-0.0195,0.0090
1623961210485,1.6569,-3.3435,9.0883,-0.0247,-0.0195,0.0090
1623961210494,1.6521,-3.3243,9.0619,-0.0113,-0.0158,0.0078
1623961210504,1.6497,-3.3219,9.0643,-0.0027,-0.0158,0.0090
1623961210513,1.6736,-3.3315,9.1265,-0.0027,-0.0146,0.0126
1623961210523,1.7023,-3.2884,9.0500,-0.0040,-0.0121,0.0151
1623961210531,1.6736,-3.2549,9.0500,-0.0137,-0.0023,0.0138
1623961210541,1.7095,-3.2884,9.0404,-0.0137,0.0038,0.0126
1623961210550,1.7095,-3.3770,9.0428,-0.0089,0.0074,0.0138
1623961210560,1.6832,-3.4153,9.0787,-0.0003,0.0123,0.0151
1623961210569,1.6664,-3.4368,9.1002,0.0095,0.0123,0.0163
1623961210579,1.6281,-3.4224,9.0954,0.0217,0.0123,0.0126
1623961210590,1.5923,-3.3722,9.1313,0.0339,0.0087,0.0090
1623961210599,1.5779,-3.3004,9.1098,0.0400,0.0025,0.0065
1623961210609,1.5779,-3.2597,9.1170,0.0424,-0.0036,0.0004
1623961210620,1.5875,-3.2119,9.1170,0.0376,-0.0060,-0.0020
1623961210627,1.6090,-3.2166,9.1265,0.0253,-0.0072,-0.0020
1623961210639,1.6473,-3.2717,9.1074,0.0119,-0.0060,-0.0033
1623961210646,1.6377,-3.3171,9.0978,0.0046,-0.0036,-0.0045
1623961210657,1.6401,-3.3291,9.0811,0.0046,-0.0072,-0.0057
1623961210666,1.6688,-3.3147,9.0715,0.0082,-0.0109,-0.0069
1623961210675,1.6760,-3.3076,9.0571,0.0119,-0.0097,-0.0081
1623961210686,1.6808,-3.2836,9.0907,0.0156,-0.0060,-0.0057
1623961210696,1.6545,-3.2621,9.0667,0.0266,-0.0036,-0.0033
1623961210706,1.6593,-3.2142,9.0978,0.0229,0.0001,-0.0020
1623961210713,1.6281,-3.2501,9.1385,0.0266,0.0013,-0.0020
1623961210725,1.6305,-3.2406,9.1337,0.0168,0.0013,0.0029
1623961210735,1.6545,-3.2214,9.0978,0.0143,0.0050,0.0029
1623961210744,1.6593,-3.2190,9.0930,0.0058,0.0099,0.0016
1623961210754,1.6521,-3.2813,9.0763,0.0021,0.0111,0.0041
1623961210763,1.6281,-3.3435,9.0787,0.0009,0.0111,0.0041
1623961210771,1.6114,-3.3722,9.0954,0.0009,0.0111,0.0016
1623961210781,1.6090,-3.3602,9.1098,0.0095,0.0050,-0.0008
1623961210791,1.6114,-3.3530,9.0954,0.0205,-0.0011,-0.0069
1623961210800,1.6329,-3.3435,9.0859,0.0315,-0.0036,-0.0106
