1623960788747,-0.1114,0.7459,9.7822,0.0083,-0.0676,-0.0007
1623960788751,-0.1234,0.9205,9.7750,0.0157,-0.0676,-0.0215
1623960788752,-0.1138,0.9301,9.7726,-0.0161,-0.0493,-0.0313
1623960788752,-0.0372,0.7985,9.8157,-0.0491,-0.0285,-0.0301
1623960788753,-0.0061,0.7722,10.0095,-0.0662,-0.0139,-0.0350
1623960788787,0.0226,0.8416,10.1818,-0.0503,-0.0053,-0.0423
1623960788788,0.0800,0.9205,10.2512,-0.0283,0.0130,-0.0545
1623960788789,0.1039,0.9086,10.2703,-0.0100,0.0460,-0.0789
1623960788790,0.0752,0.8966,10.1961,-0.0075,0.0814,-0.1070
1623960788821,0.0202,0.9947,10.1387,-0.0149,0.1180,-0.1327
1623960788823,-0.0827,1.1287,10.0550,-0.0222,0.1498,-0.1632
1623960788824,-0.0923,1.1933,10.0478,-0.0381,0.1791,-0.1938
1623960788850,-0.0875,1.2460,9.9904,-0.0796,0.2097,-0.2256
1623960788858,-0.0875,1.1790,10.0334,-0.1297,0.2378,-0.2500
1623960788859,-0.1210,1.0593,10.1196,-0.1517,0.2598,-0.2695
1623960788860,-0.0540,1.1335,10.1339,-0.1443,0.2683,-0.2927
1623960788874,0.0872,1.2220,10.0885,-0.1211,0.2854,-0.3172
1623960788893,0.1781,1.0976,10.0095,-0.1065,0.3135,-0.3526
1623960788895,0.1805,0.9349,10.0956,-0.1224,0.3465,-0.3856
1623960788896,0.0585,0.8129,10.0573,-0.1346,0.3722,-0.4076
1623960788918,-0.1162,0.7172,9.9975,-0.1199,0.3856,-0.4344
1623960788920,-0.2143,0.6861,9.8779,-0.1040,0.3880,-0.4699
1623960788920,-0.1378,0.7961,9.7870,-0.1199,0.4003,-0.4955
1623960788936,-0.1186,0.7698,9.7941,-0.1334,0.4296,-0.5261
1623960788937,-0.1042,0.7148,9.9090,-0.1517,0.4614,-0.5786
1623960788948,-0.1569,0.6861,9.9760,-0.1895,0.4870,-0.6250
1623960788955,-0.2024,0.6238,9.8707,-0.2336,0.5151,-0.6495
1623960788965,-0.2622,0.4994,9.7965,-0.2849,0.5505,-0.6849
1623960788974,-0.4081,0.2936,9.8324,-0.3252,0.5909,-0.7289
1623960788985,-0.5469,0.1812,9.8564,-0.3459,0.6214,-0.7521
1623960788993,-0.6905,0.0807,9.8755,-0.3398,0.6434,-0.7643
1623960789003,-0.8245,0.1309,9.7702,-0.3398,0.6593,-0.7741
1623960789018,-0.8197,0.1453,9.5836,-0.3630,0.6678,-0.7814
1623960789023,-0.7886,-0.1323,9.3706,-0.3997,0.7008,-0.7912
1623960789033,-0.8891,-0.3524,9.3682,-0.4461,0.7399,-0.7973
1623960789041,-1.1164,-0.3477,9.5190,-0.4522,0.7521,-0.7985
1623960789053,-1.3174,-0.3333,9.5237,-0.4131,0.7362,-0.7888
1623960789060,-1.3940,-0.3883,9.2940,-0.3826,0.7216,-0.7839
1623960789070,-1.3820,-0.4697,9.2797,-0.4009,0.7362,-0.7875
1623960789087,-1.4873,-0.6611,9.1553,-0.4424,0.7485,-0.7802
1623960789091,-1.5376,-0.9722,9.2294,-0.4925,0.7607,-0.7765
1623960789102,-1.7074,-0.9913,9.3826,-0.5353,0.7643,-0.7607
1623960789109,-1.8391,-0.7999,9.3204,-0.5512,0.7558,-0.7387
1623960789119,-1.8821,-0.7688,9.2916,-0.5365,0.7619,-0.7387
1623960789128,-1.9395,-0.7161,9.4185,-0.5121,0.7778,-0.7570
1623960789140,-1.9132,-0.5032,9.3634,-0.5255,0.7851,-0.7619
1623960789149,-1.8654,-0.5056,9.0476,-0.5622,0.7961,-0.7594
1623960789157,-1.8654,-0.9674,8.5379,-0.6343,0.8169,-0.7741
1623960789166,-1.8127,-1.5441,8.0713,-0.7601,0.8230,-0.7875
1623960789176,-1.7649,-1.8001,8.2771,-0.8933,0.8218,-0.7643
1623960789186,-1.7744,-1.3933,8.6049,-0.9983,0.7949,-0.7509
1623960789196,-1.7673,-0.6970,8.8370,-1.1266,0.7668,-0.7985
1623960789208,-1.8008,-0.4051,8.8920,-1.3416,0.7827,-0.8499
1623960789217,-1.9132,-0.7688,8.9686,-1.6483,0.8486,-0.8645
1623960789226,-2.1429,-1.4507,9.1002,-1.9452,0.9207,-0.8547
1623960789236,-2.2865,-2.0107,9.3539,-2.0893,0.9891,-0.8462
1623960789245,-2.3415,-2.3337,9.5285,-2.0136,1.0343,-0.8535
1623960789255,-2.5162,-2.4844,9.5118,-1.7656,1.0368,-0.8743
1623960789265,-2.4851,-2.4533,8.9088,-1.5286,0.9940,-0.9024
1623960789274,-2.3368,-2.7333,7.9301,-1.3869,0.9659,-0.9134
1623960789284,-2.2674,-3.1353,7.2817,-1.3807,0.9708,-0.8987
1623960789293,-2.5880,-3.0779,7.6023,-1.5029,0.9598,-0.8902
1623960789303,-3.0163,-2.4581,7.9804,-1.7179,0.8670,-0.9170
1623960789312,-3.1216,-1.6924,8.2771,-2.0759,0.7558,-0.9586
1623960789322,-2.9637,-1.2330,8.3991,-2.6428,0.7314,-0.9842
1623960789332,-2.7555,-1.4220,8.6623,-3.3245,0.7949,-0.9977
1623960789341,-2.7172,-2.2787,8.8346,-3.9549,0.9024,-0.9952
1623960789349,-2.8034,-3.3817,8.7844,-4.4021,1.0050,-0.9696
1623960789360,-3.1790,-4.5782,8.5331,-4.5450,1.0685,-0.9207
1623960789370,-3.6217,-5.7530,7.6382,-4.3728,1.0490,-0.8718
1623960789379,-3.7677,-7.1145,7.1214,-3.9757,1.0185,-0.8071
1623960789389,-4.2295,-8.2607,7.2912,-3.3672,0.9830,-0.7264
1623960789398,-4.5214,-8.5814,7.8464,-2.6868,0.9061,-0.6910
1623960789407,-4.7104,-7.8156,8.3369,-2.0295,0.8034,-0.7277
1623960789417,-4.7080,-6.7508,8.4637,-1.5090,0.7094,-0.7497
1623960789426,-4.4855,-5.7554,8.3226,-1.2867,0.6727,-0.7362
1623960789438,-4.3970,-5.3510,7.9445,-1.3160,0.7033,-0.7130
1623960789447,-4.4831,-5.5975,7.4779,-1.4528,0.7521,-0.6813
1623960789457,-4.6650,-6.3871,7.1764,-1.5237,0.7741,-0.6092
1623960789466,-4.8229,-6.9949,6.6619,-1.4418,0.7265,-0.5432
1623960789476,-4.7726,-7.2797,6.4825,-1.2219,0.6629,-0.5249
1623960789485,-4.7272,-7.2055,6.2193,-0.9592,0.6031,-0.5334
1623960789494,-4.4640,-7.1792,6.4538,-0.7002,0.5676,-0.5383
1623960789504,-4.4185,-7.6601,6.8629,-0.3936,0.5725,-0.5298
1623960789514,-4.3874,-7.6936,6.8390,-0.1334,0.5835,-0.5432
1623960789524,-4.4281,-7.1026,6.1092,0.0645,0.5994,-0.5334
1623960789533,-4.3252,-6.9423,5.9561,0.2600,0.5982,-0.4980
1623960789543,-4.3611,-6.9160,5.6857,0.3565,0.5909,-0.4931
1623960789553,-4.6315,-6.6815,5.2143,0.3651,0.5786,-0.4748
1623960789562,-4.5381,-6.7173,4.8219,0.3907,0.5505,-0.4430
1623960789573,-4.1529,-6.9303,4.8649,0.4066,0.5493,-0.4442
1623960789581,-3.9974,-7.0882,5.1114,0.4213,0.5676,-0.4503
1623960789591,-4.0596,-7.0523,5.1377,0.4518,0.5518,-0.4577
1623960789600,-4.1338,-6.8154,5.0898,0.4628,0.5285,-0.4601
1623960789608,-4.2103,-6.5379,5.0851,0.4421,0.5200,-0.4503
1623960789619,-4.2295,-6.3010,4.9343,0.3797,0.5127,-0.4479
1623960789629,-4.2654,-6.2579,4.6256,0.3126,0.5005,-0.4516
1623960789639,-4.2654,-6.2460,4.3409,0.2014,0.4748,-0.4406
1623960789647,-4.1218,-6.2675,4.2476,0.0316,0.4479,-0.4210
1623960789657,-3.8658,-6.6599,4.2859,-0.1101,0.4565,-0.4088
1623960789666,-3.7126,-7.3395,4.8099,-0.1150,0.5359,-0.3966
1623960789676,-4.0405,-7.8563,4.9702,0.0890,0.5664,-0.3819
1623960789685,-3.9567,-7.6410,5.1880,0.3736,0.5273,-0.4100
1623960789697,-3.7246,-7.2940,5.1832,0.6522,0.5224,-0.4418
1623960789706,-3.6672,-6.7772,5.1257,0.8281,0.5457,-0.4503
1623960789716,-3.5212,-6.4087,5.1880,0.9124,0.5493,-0.4577
1623960789726,-3.4231,-6.3345,4.9989,0.9882,0.5493,-0.4760
1623960789735,-3.4566,-6.4613,5.1138,1.0981,0.5737,-0.5102
1623960789745,-3.4422,-6.7341,5.2478,1.2936,0.5872,-0.5640
1623960789754,-3.4614,-7.0523,5.3961,1.5624,0.5823,-0.6312
1623960789764,-3.5164,-7.1792,5.2861,1.8324,0.5530,-0.6837
1623960789774,-3.6337,-6.9877,5.0635,2.0132,0.4785,-0.6825
1623960789783,-3.5715,-6.7341,4.9247,2.0682,0.3722,-0.6629
1623960789793,-3.5284,-6.4781,4.8242,1.9399,0.2573,-0.6580
1623960789802,-3.2843,-6.2148,4.9511,1.6479,0.1693,-0.6397
1623960789812,-3.0187,-6.1167,5.1497,1.3229,0.1315,-0.6263
1623960789822,-2.9063,-6.1215,5.4942,1.1152,0.1168,-0.6458
1623960789830,-2.9709,-6.1455,5.7431,1.0725,0.0900,-0.7069
1623960789839,-3.2341,-6.1263,5.8532,1.1922,0.0252,-0.7594
1623960789850,-3.2604,-6.2053,5.7909,1.3694,-0.0774,-0.7802
1623960789860,-3.0953,-6.2771,5.7670,1.4414,-0.1764,-0.7594
1623960789871,-2.9350,-6.0473,5.9417,1.3400,-0.2497,-0.7118
1623960789880,-2.7052,-5.7387,6.0278,1.1006,-0.2876,-0.6935
1623960789888,-2.4301,-5.8416,5.9249,0.8025,-0.2729,-0.6739
1623960789897,-2.2482,-6.1455,5.9465,0.5313,-0.2155,-0.6458
1623960789907,-2.3033,-6.5020,6.2145,0.3920,-0.1776,-0.6446
1623960789916,-2.3870,-6.7724,6.5375,0.4249,-0.2008,-0.6507
1623960789926,-2.2745,-6.7628,6.7074,0.5496,-0.2668,-0.6299
1623960789935,-2.0377,-6.5881,6.7888,0.6559,-0.3266,-0.5908
1623960789945,-1.8127,-6.3991,6.8558,0.6571,-0.3743,-0.5408
1623960789955,-1.6333,-6.4039,6.9826,0.5337,-0.3804,-0.4833
1623960789966,-1.6380,-6.2579,7.1955,0.3150,-0.3596,-0.4369
1623960789975,-1.7003,-6.4374,7.2984,0.1281,-0.3474,-0.3880
1623960789985,-1.7960,-6.7293,7.3319,0.0218,-0.3413,-0.3489
1623960789994,-1.9683,-6.9806,7.3463,0.0413,-0.3389,-0.3343
1623960790004,-1.9013,-7.1887,7.3176,0.2148,-0.3523,-0.3404
1623960790013,-1.7386,-7.1768,7.1764,0.4579,-0.3670,-0.3233
1623960790023,-1.4634,-6.8824,7.2482,0.6546,-0.3828,-0.2512
1623960790032,-1.2720,-6.3393,7.4085,0.7365,-0.4073,-0.1865
1623960790042,-1.1619,-5.7602,7.7531,0.6950,-0.4048,-0.1559
1623960790052,-1.2217,-5.4563,7.9062,0.5874,-0.3731,-0.1351
1623960790062,-1.3605,-5.5137,7.7722,0.4922,-0.3413,-0.1217
1623960790071,-1.4945,-5.7100,7.5233,0.4335,-0.3242,-0.1327
1623960790079,-1.4059,-6.0545,7.5186,0.4579,-0.2851,-0.1413
1623960790090,-1.1810,-6.3130,7.6765,0.5581,-0.2521,-0.1058
1623960790101,-1.1068,-6.1622,7.6765,0.6705,-0.2423,-0.0545
1623960790110,-1.2050,-5.6860,7.9277,0.7793,-0.2582,-0.0472
1623960790119,-1.2145,-5.1788,7.8081,0.8281,-0.2814,-0.0521
1623960790129,-1.1380,-4.9132,7.9349,0.8122,-0.2558,-0.0460
1623960790137,-1.1332,-4.8892,8.1000,0.7707,-0.2204,-0.0484
1623960790147,-1.1667,-5.1261,8.3010,0.7524,-0.1971,-0.0557
1623960790156,-1.2528,-5.2170,8.3824,0.7316,-0.1935,-0.0423
1623960790166,-1.2672,-5.1237,8.4542,0.7108,-0.2179,-0.0069
1623960790176,-1.1691,-4.9323,8.2244,0.6840,-0.2521,0.0127
1623960790187,-1.1356,-4.9179,8.0402,0.6901,-0.2497,0.0103
1623960790197,-1.3150,-4.8677,8.2101,0.7548,-0.2411,-0.0020
1623960790206,-1.4442,-4.7193,8.1742,0.8746,-0.2631,-0.0166
1623960790216,-1.4921,-4.6930,8.2986,1.0444,-0.2778,-0.0215
1623960790225,-1.5352,-4.4825,8.4159,1.1824,-0.2949,-0.0203
1623960790235,-1.4969,-4.2432,8.5929,1.2545,-0.3205,-0.0105
1623960790244,-1.4059,-3.9417,8.7102,1.2240,-0.3340,0.0041
1623960790254,-1.2720,-3.6928,8.8107,1.0896,-0.3376,0.0139
1623960790264,-1.3581,-3.7670,8.7939,0.9430,-0.3193,0.0176
1623960790273,-1.2361,-3.9632,8.9255,0.8354,-0.2924,0.0103
1623960790283,-1.2600,-4.2240,8.9734,0.8196,-0.2704,0.0066
1623960790292,-1.2552,-4.3054,9.0356,0.9173,-0.2668,0.0029
1623960790302,-1.2720,-4.1642,9.1217,1.0993,-0.2668,-0.0032
1623960790312,-1.2241,-3.7957,9.1983,1.2826,-0.2814,-0.0056
1623960790321,-1.2217,-3.3770,9.2629,1.3938,-0.3010,0.0005
1623960790331,-1.0087,-3.1472,9.2270,1.3632,-0.3108,0.0127
1623960790341,-0.8915,-3.1999,9.1768,1.2093,-0.2924,0.0322
1623960790350,-0.8747,-3.3698,9.1361,0.9955,-0.2753,0.0567
1623960790360,-0.9633,-3.4799,9.1050,0.8354,-0.2655,0.0762
1623960790369,-1.0016,-3.4368,9.2869,0.7793,-0.2619,0.0823
1623960790379,-0.9346,-3.2454,9.3634,0.8196,-0.2631,0.0738
1623960790387,-0.8508,-3.0276,9.5477,0.9039,-0.2582,0.0652
1623960790396,-0.8101,-2.8721,9.5381,0.9466,-0.2448,0.0664
1623960790406,-0.8843,-2.8745,9.4926,0.9613,-0.2204,0.0701
1623960790416,-0.8723,-2.8649,9.4280,0.9723,-0.2008,0.0738
1623960790429,-0.9250,-2.6208,9.3515,0.9918,-0.1935,0.0738
1623960790437,-0.9992,-2.2643,9.3371,1.0163,-0.1947,0.0591
1623960790446,-0.9561,-2.1638,9.4328,1.0016,-0.1947,0.0396
1623960790456,-0.7719,-2.1758,9.5190,0.9124,-0.1849,0.0347
1623960790466,-0.7025,-2.0944,9.3706,0.7731,-0.1739,0.0420
1623960790476,-0.5948,-2.0585,9.3132,0.6693,-0.1678,0.0286
1623960790485,-0.6139,-1.9604,9.2677,0.5679,-0.1764,0.0200
1623960790494,-0.5780,-1.9054,9.2294,0.4616,-0.1678,0.0188
1623960790505,-0.5541,-1.7594,9.3299,0.3932,-0.1434,-0.0142
1623960790514,-0.5110,-1.8719,9.5429,0.3541,-0.1397,-0.0276
1623960790523,-0.5517,-2.0035,9.6434,0.2857,-0.1397,-0.0105
1623960790532,-0.6283,-2.0107,9.5860,0.1782,-0.1287,-0.0044
1623960790542,-0.7934,-1.9556,9.4137,0.1452,-0.1373,-0.0203
1623960790552,-0.7790,-1.8599,9.1577,0.1440,-0.1642,-0.0264
1623960790562,-0.7790,-1.8049,9.1265,0.1049,-0.1666,-0.0215
1623960790571,-0.6570,-1.8695,9.2342,0.0279,-0.1422,-0.0142
1623960790581,-0.6953,-2.1662,9.5237,-0.0002,-0.1006,-0.0203
1623960790590,-0.7623,-2.3361,9.9114,0.0609,-0.0823,-0.0337
1623960790600,-0.9011,-2.2595,10.0478,0.1830,-0.1006,-0.0252
1623960790610,-0.9082,-2.0633,10.0047,0.2759,-0.1190,-0.0020
1623960790619,-0.8484,-1.8743,9.7774,0.3174,-0.1128,-0.0032
1623960790628,-0.8867,-1.9317,9.4759,0.3284,-0.1031,0.0041
1623960790637,-0.9968,-2.0920,9.4400,0.3797,-0.1080,0.0139
1623960790647,-1.1356,-1.9149,9.2175,0.4738,-0.1446,0.0078
1623960790656,-0.9752,-1.4603,8.9925,0.5532,-0.1959,-0.0081
1623960790666,-0.9106,-1.1229,9.1074,0.5581,-0.2130,-0.0179
1623960790677,-0.7120,-1.0248,9.3060,0.4640,-0.2045,-0.0337
1623960790687,-0.6546,-1.3526,9.6553,0.3517,-0.1788,-0.0460
1623960790696,-0.6522,-1.3574,9.8492,0.2185,-0.1654,-0.0460
1623960790706,-0.5350,-1.4268,9.9042,0.1061,-0.1519,-0.0533
1623960790716,-0.5493,-1.5560,9.7343,0.0096,-0.1324,-0.0741
1623960790725,-0.5302,-1.7307,9.8181,-0.0564,-0.1116,-0.0973
1623960790734,-0.4847,-1.7690,9.8922,-0.0808,-0.0957,-0.1046
1623960790771,-0.4680,-1.7068,9.8851,-0.0906,-0.0615,-0.1156
1623960790772,-0.5780,-1.4029,9.8252,-0.0759,-0.0457,-0.1461
1623960790773,-0.5206,-1.1229,9.6290,-0.0943,-0.0285,-0.1583
1623960790777,-0.4584,-1.3096,9.6195,-0.1517,0.0252,-0.1693
1623960790781,-0.4345,-1.5297,9.6889,-0.2323,0.0667,-0.1803
1623960790791,-0.5565,-1.6517,9.9281,-0.3068,0.0765,-0.1742
1623960790802,-0.4536,-1.8168,9.9664,-0.3606,0.0765,-0.1620
1623960790810,-0.4488,-1.9437,9.9497,-0.3679,0.0802,-0.1596
1623960790819,-0.5134,-2.0226,9.8827,-0.3410,0.0851,-0.1608
1623960790829,-0.5708,-2.0513,9.8587,-0.2787,0.0887,-0.1559
1623960790839,-0.6355,-1.9532,9.7271,-0.2189,0.0900,-0.1523
1623960790849,-0.6738,-1.8958,9.5788,-0.1847,0.0924,-0.1437
1623960790857,-0.8077,-1.8121,9.4711,-0.2103,0.0851,-0.1461
1623960790868,-0.8245,-1.6709,9.3850,-0.3178,0.0753,-0.1425
1623960790880,-0.8221,-1.6589,9.1529,-0.5035,0.0508,-0.1266
1623960790887,-0.6833,-1.7546,9.1672,-0.7308,0.0386,-0.1107
1623960790897,-0.6809,-1.9078,9.2605,-0.9397,0.0350,-0.1058
1623960790906,-0.6474,-2.1806,9.4831,-1.1010,0.0350,-0.1022
1623960790916,-0.5852,-2.3528,9.6410,-1.2085,0.0484,-0.1119
1623960790926,-0.6235,-2.4844,9.7008,-1.2586,0.0570,-0.1290
1623960790935,-0.7312,-2.5323,9.4735,-1.2818,0.0484,-0.1425
1623960790948,-0.6283,-2.7142,9.2773,-1.3209,0.0545,-0.1437
1623960790957,-0.6833,-2.7955,9.3395,-1.3697,0.0802,-0.1498
1623960790967,-0.8652,-2.5562,9.3586,-1.4211,0.0802,-0.1767
1623960790973,-0.8030,-2.3481,9.1744,-1.5103,0.0570,-0.1840
1623960790984,-0.6881,-2.4390,8.9806,-1.7082,0.0545,-0.1767
1623960790992,-0.5517,-2.7453,8.7556,-2.0221,0.0704,-0.1669
1623960791002,-0.3794,-3.2549,8.6384,-2.3618,0.1070,-0.1657
1623960791013,-0.3244,-3.9129,8.6288,-2.6428,0.1559,-0.1681
1623960791021,-0.2741,-4.5088,8.8442,-2.8040,0.2146,-0.1828
1623960791034,-0.3794,-4.7696,9.1170,-2.8102,0.2646,-0.2060
1623960791040,-0.4488,-4.8509,9.2007,-2.6953,0.2744,-0.2256
1623960791053,-0.4153,-4.9945,9.0428,-2.5536,0.2830,-0.2231
1623960791060,-0.2263,-5.2146,8.7652,-2.4986,0.2976,-0.1877
1623960791070,0.0417,-5.7339,8.4039,-2.5096,0.3416,-0.1400
1623960791078,0.3169,-6.4493,8.2268,-2.5597,0.4088,-0.0851
1623960791090,0.5346,-7.1002,8.1335,-2.6000,0.4748,-0.0166
1623960791098,0.6854,-7.4711,8.0282,-2.6391,0.5224,0.0701
1623960791110,0.7524,-7.9544,7.8201,-2.6550,0.5603,0.1752
1623960791117,0.6830,-8.4545,7.5257,-2.7039,0.5957,0.2961
1623960791129,0.5059,-8.9331,7.2482,-2.8236,0.6202,0.4415
1623960791137,0.3934,-9.1987,6.9706,-2.9836,0.6275,0.5930
1623960791146,0.3241,-9.4045,6.7720,-3.1070,0.6128,0.7323
1623960791156,0.3336,-9.6366,6.5255,-3.1730,0.5909,0.8532
1623960791165,0.4054,-9.8591,6.3293,-3.2133,0.5664,0.9742
1623960791175,0.3791,-9.7203,6.1212,-3.2585,0.5408,1.1000
1623960791184,0.0824,-9.3136,5.7144,-3.2598,0.4943,1.2185
1623960791196,-0.3148,-8.8613,5.2310,-3.1901,0.4369,1.3053
1623960791206,-0.7719,-8.4067,4.5874,-3.0594,0.3697,1.3431
1623960791215,-1.2983,-8.2966,3.8408,-2.8383,0.2940,1.3395
1623960791225,-1.7362,-8.4856,3.5848,-2.5304,0.2158,1.3102
1623960791234,-2.0592,-8.6795,3.6542,-2.1724,0.1254,1.2759
1623960791244,-2.1549,-8.5167,4.0633,-1.8059,0.0179,1.2344
1623960791253,-2.1740,-7.8420,4.2691,-1.4638,-0.0823,1.1831
1623960791263,-2.2219,-7.1265,4.3553,-1.1620,-0.1532,1.1037
1623960791273,-2.3511,-6.7820,4.4438,-0.8859,-0.1715,0.9901
1623960791283,-2.6000,-6.6886,4.3744,-0.6355,-0.1703,0.8691
1623960791292,-2.9469,-6.5499,4.2930,-0.3911,-0.1898,0.7665
1623960791300,-3.4183,-6.2747,3.9198,-0.1590,-0.2472,0.6797
1623960791309,-3.8131,-6.0473,3.3574,0.0780,-0.3376,0.5796
1623960791321,-4.0811,-6.2220,3.0727,0.2967,-0.4183,0.4452
1623960791330,-4.1218,-6.3273,3.1206,0.4531,-0.4757,0.3047
1623960791340,-3.8706,-6.3847,3.3814,0.5105,-0.5331,0.2265
1623960791349,-3.5045,-6.3824,3.7881,0.5044,-0.5722,0.1788
1623960791359,-3.2724,-6.1814,4.1734,0.4030,-0.5918,0.1226
1623960791369,-3.2676,-6.0497,4.5060,0.2637,-0.6003,0.0652
1623960791377,-3.4327,-6.1143,4.6950,0.1195,-0.5991,-0.0032
1623960791386,-3.5954,-6.3847,4.6137,0.0047,-0.5771,-0.0789
1623960791396,-3.6385,-6.8777,4.4031,-0.0222,-0.5490,-0.1461
1623960791405,-3.5834,-7.4615,4.2356,0.0584,-0.5184,-0.1913
1623960791416,-3.5499,-7.8874,4.1782,0.2429,-0.4977,-0.2194
1623960791427,-3.5451,-8.0166,4.2141,0.4848,-0.4940,-0.2341
1623960791436,-3.5069,-7.9233,4.4462,0.7304,-0.4977,-0.2341
1623960791446,-3.3202,-7.6912,4.7644,0.9088,-0.4952,-0.2268
1623960791456,-3.0761,-7.4328,5.0252,0.9589,-0.4781,-0.2060
1623960791465,-2.9230,-7.1337,5.1305,0.8513,-0.4451,-0.1706
1623960791475,-2.8943,-7.0069,5.1664,0.6534,-0.3999,-0.1413
1623960791484,-2.9733,-7.0835,5.0898,0.4164,-0.3511,-0.1302
1623960791494,-3.0474,-7.3132,5.0851,0.1830,-0.3108,-0.1266
1623960791503,-3.1072,-7.6171,5.1664,0.0059,-0.2790,-0.1180
1623960791513,-3.0977,-7.8444,5.3315,-0.0759,-0.2546,-0.1168
1623960791522,-2.9780,-7.9377,5.5014,-0.1101,-0.2387,-0.1205
1623960791532,-2.8464,-7.9018,5.4990,-0.1627,-0.2094,-0.1156
1623960791542,-2.7292,-7.8994,5.3411,-0.2103,-0.1788,-0.0948
1623960791550,-2.6502,-8.0023,5.2454,-0.2616,-0.1385,-0.0728
1623960791561,-2.6454,-8.1219,5.2238,-0.2824,-0.1006,-0.0545
1623960791571,-2.7459,-8.2081,5.1257,-0.2494,-0.0872,-0.0386
1623960791580,-2.7411,-8.1913,5.0444,-0.1688,-0.0945,-0.0240
1623960791590,-2.6000,-8.1794,5.1090,-0.0552,-0.1006,-0.0093
1623960791599,-2.5234,-8.2822,5.1257,0.0755,-0.1043,0.0029
1623960791610,-2.4612,-8.3540,5.1712,0.1916,-0.1116,0.0139
1623960791618,-2.3655,-8.3110,5.2956,0.2563,-0.1190,0.0359
1623960791627,-2.2985,-8.2081,5.5349,0.3187,-0.1080,0.0554
1623960791636,-2.3056,-8.0430,5.5373,0.3773,-0.0970,0.0505
1623960791646,-2.2674,-7.8898,5.4153,0.3920,-0.0847,0.0408
1623960791655,-2.2530,-7.7702,5.3219,0.3639,-0.0627,0.0383
1623960791665,-2.2339,-7.6888,5.2238,0.3077,-0.0457,0.0396
1623960791676,-2.1597,-7.5740,5.1736,0.2331,-0.0383,0.0444
1623960791686,-2.1262,-7.5883,5.2191,0.1525,-0.0371,0.0579
1623960791695,-2.1597,-7.6266,5.3459,0.0633,-0.0359,0.0664
1623960791705,-2.1166,-7.7869,5.5158,-0.0258,-0.0298,0.0664
1623960791715,-2.0855,-7.9281,5.6306,-0.0857,-0.0200,0.0701
1623960791724,-2.0975,-8.1746,5.6067,-0.0857,-0.0078,0.0774
1623960791734,-2.1142,-8.3134,5.6019,-0.0552,-0.0005,0.0762
1623960791743,-2.0951,-8.2679,5.4631,-0.0124,0.0032,0.0847
1623960791753,-2.1094,-8.2607,5.4057,0.0548,0.0032,0.1019
1623960791763,-2.2147,-8.0956,5.3315,0.1305,0.0032,0.1153
1623960791772,-2.2626,-7.7750,5.3172,0.1843,-0.0053,0.1177
1623960791782,-2.2458,-7.5357,5.3148,0.2136,-0.0163,0.1165
1623960791792,-2.1932,-7.5118,5.3196,0.1782,-0.0151,0.1202
1623960791801,-2.2028,-7.5189,5.4296,0.0731,-0.0005,0.1287
1623960791810,-2.1740,-7.6697,5.4392,-0.0686,0.0179,0.1471
1623960791820,-2.2123,-7.9640,5.5253,-0.1895,0.0399,0.1605
1623960791831,-2.3080,-8.1411,5.5277,-0.2458,0.0570,0.1678
1623960791839,-2.4205,-8.2176,5.4703,-0.2323,0.0667,0.1800
1623960791849,-2.5497,-8.2464,5.4679,-0.1737,0.0753,0.1898
1623960791859,-2.6000,-8.1578,5.5086,-0.1040,0.0924,0.2057
1623960791867,-2.6167,-8.0573,5.5206,-0.0295,0.1058,0.2216
1623960791876,-2.6550,-7.9401,5.4823,0.0279,0.1132,0.2350
1623960791886,-2.7076,-7.7510,5.4416,0.0633,0.1205,0.2387
1623960791896,-2.7388,-7.6218,5.3770,0.0658,0.1364,0.2424
1623960791905,-2.7651,-7.6075,5.4320,0.0584,0.1620,0.2460
1623960791915,-2.8249,-7.6864,5.4512,0.0523,0.1816,0.2460
1623960791926,-2.8369,-7.6984,5.4966,0.0633,0.1938,0.2448
1623960791936,-2.8584,-7.6936,5.5349,0.1000,0.2036,0.2546
1623960791946,-2.8943,-7.5596,5.5062,0.1464,0.2085,0.2546
1623960791955,-2.9182,-7.5261,5.5325,0.1916,0.2194,0.2485
1623960791965,-2.9996,-7.4783,5.5660,0.2246,0.2402,0.2424
1623960791974,-3.0953,-7.3826,5.5086,0.2625,0.2500,0.2387
1623960791984,-3.0307,-7.3323,5.4033,0.2881,0.2414,0.2375
1623960791993,-3.0522,-7.2725,5.4009,0.3040,0.2463,0.2350
1623960792003,-3.1455,-7.2079,5.4129,0.3064,0.2536,0.2240
1623960792013,-3.1910,-7.1744,5.4272,0.3028,0.2622,0.2057
1623960792020,-3.2412,-7.1193,5.4847,0.2710,0.2683,0.1959
1623960792031,-3.2484,-7.0188,5.5038,0.2344,0.2757,0.1886
1623960792041,-3.2412,-7.0093,5.5564,0.2185,0.2793,0.1740
1623960792049,-3.2388,-7.0643,5.5732,0.1953,0.2928,0.1556
1623960792061,-3.2149,-7.1792,5.5923,0.1830,0.3050,0.1397
1623960792070,-3.2245,-7.2964,5.5349,0.1977,0.3208,0.1373
1623960792079,-3.2652,-7.3658,5.4918,0.2466,0.3392,0.1312
1623960792089,-3.3298,-7.3778,5.3818,0.3468,0.3453,0.1214
1623960792101,-3.4351,-7.3323,5.2861,0.4482,0.3453,0.1165
1623960792107,-3.5116,-7.2151,5.2597,0.5276,0.3416,0.1116
1623960792116,-3.5739,-7.0475,5.2717,0.5862,0.3331,0.1055
1623960792126,-3.6241,-6.8705,5.2861,0.6180,0.3208,0.0933
1623960792136,-3.6935,-6.6958,5.3196,0.6131,0.3025,0.0750
1623960792146,-3.6959,-6.6001,5.3291,0.5667,0.2805,0.0603
1623960792156,-3.6815,-6.5283,5.3052,0.5092,0.2695,0.0444
1623960792164,-3.6672,-6.4158,5.3291,0.4579,0.2634,0.0188
1623960792176,-3.6720,-6.3560,5.2980,0.4042,0.2610,-0.0081
1623960792186,-3.7294,-6.4661,5.2956,0.4005,0.2585,-0.0313
1623960792195,-3.7126,-6.6599,5.2956,0.4335,0.2598,-0.0630
1623960792205,-3.6528,-6.6791,5.4344,0.4995,0.2536,-0.1022
1623960792214,-3.5284,-6.5953,5.5349,0.5874,0.2488,-0.1413
1623960792224,-3.4853,-6.5187,5.3578,0.6937,0.2366,-0.1706
1623960792233,-3.4638,-6.5546,5.1688,0.7817,0.2243,-0.1938
1623960792243,-3.4829,-6.5427,5.1449,0.8257,0.2158,-0.2109
1623960792253,-3.4709,-6.5786,5.2693,0.8904,0.2085,-0.2329
1623960792262,-3.5403,-6.6145,5.4177,1.0175,0.1926,-0.2817
1623960792271,-3.5691,-6.4613,5.5876,1.1580,0.1535,-0.3282
1623960792279,-3.4662,-6.4087,5.8053,1.2716,0.0997,-0.3465
1623960792290,-3.2460,-6.4924,6.0039,1.2985,0.0826,-0.3575
1623960792300,-3.0067,-6.6527,6.2169,1.2716,0.1107,-0.3441
1623960792310,-3.0426,-6.8824,6.5016,1.2533,0.1608,-0.3196
1623960792320,-3.3417,-7.0428,6.4777,1.3351,0.1498,-0.3270
1623960792329,-3.2412,-6.8226,6.8127,1.4097,0.1144,-0.3489
1623960792340,-3.1479,-6.1000,6.6715,1.3938,0.1180,-0.3514
1623960792349,-3.0379,-5.8296,6.5471,1.4097,0.1413,-0.3575
1623960792357,-3.0235,-5.7889,6.5088,1.3840,0.1645,-0.3697
1623960792366,-3.1288,-5.5497,6.2145,1.2765,0.1596,-0.3636
1623960792376,-3.1742,-5.6597,6.3700,1.2411,0.1657,-0.3563
1623960792385,-3.2317,-5.8583,6.6284,1.2826,0.1693,-0.3746
1623960792398,-3.1192,-5.7195,6.7864,1.3339,0.1535,-0.3746
1623960792407,-3.1431,-5.5449,7.1333,1.3877,0.1339,-0.3844
1623960792416,-2.9996,-5.6789,7.3032,1.4023,0.1266,-0.4112
1623960792426,-2.8704,-5.7052,7.2769,1.2631,0.1254,-0.4149
1623960792435,-2.7842,-5.5927,7.3247,1.0089,0.1254,-0.3807
1623960792445,-2.7005,-5.5233,7.5736,0.7438,0.1229,-0.3575
1623960792453,-2.7699,-5.3893,7.4013,0.5227,0.1217,-0.3807
1623960792464,-2.8321,-4.9275,7.0161,0.3700,0.1229,-0.4174
1623960792474,-2.9063,-4.6117,6.5590,0.4005,0.1083,-0.4577
1623960792483,-2.8919,-4.6954,6.3341,0.5154,0.0667,-0.5090
1623960792493,-2.7603,-5.2553,6.5327,0.5728,0.0313,-0.5273
1623960792503,-2.6095,-5.7818,6.7864,0.4946,0.0044,-0.4943
1623960792512,-2.4492,-5.8846,7.0759,0.3150,-0.0237,-0.4565
1623960792522,-2.3272,-5.7411,7.2984,0.1159,-0.0591,-0.4308
1623960792530,-2.2769,-5.5161,7.5162,-0.0552,-0.0970,-0.4161
1623960792539,-2.1597,-5.4850,7.4133,-0.1737,-0.1190,-0.4051
1623960792551,-2.1908,-5.7435,7.3726,-0.1810,-0.1116,-0.4027
1623960792560,-2.2363,-5.8057,7.1884,-0.0882,-0.1275,-0.4210
1623960792570,-2.2363,-5.6669,6.9515,0.0755,-0.1629,-0.4198
1623960792580,-2.2315,-5.3869,6.7481,0.2344,-0.2094,-0.4015
1623960792590,-2.0831,-5.2577,6.6882,0.2710,-0.2607,-0.3746
1623960792597,-1.8965,-5.3845,6.7337,0.1720,-0.2668,-0.3416
1623960792607,-1.7433,-5.7171,7.2817,0.0389,-0.2191,-0.3355
1623960792617,-1.7673,-5.8129,7.7100,0.0328,-0.1813,-0.3697
1623960792626,-1.9324,-5.7052,7.8918,0.2050,-0.1849,-0.4149
1623960792636,-1.8343,-5.6262,7.8679,0.4347,-0.1984,-0.4332
1623960792645,-1.7314,-5.4922,7.7531,0.5080,-0.1910,-0.4112
1623960792656,-1.5950,-5.1429,7.5353,0.3785,-0.1776,-0.3807
1623960792666,-1.4227,-4.9945,7.2673,0.1281,-0.1434,-0.3746
1623960792676,-1.3964,-5.0998,7.4994,-0.1431,-0.0811,-0.3966
1623960792685,-1.5304,-5.2553,7.7890,-0.3386,-0.0359,-0.4222
1623960792695,-1.7170,-5.5137,7.8775,-0.3838,-0.0322,-0.4332
1623960792704,-1.8869,-5.5520,7.7818,-0.3679,-0.0457,-0.4406
1623960792714,-1.9013,-5.3798,7.5569,-0.3850,-0.0567,-0.4332
1623960792724,-1.7888,-5.3582,7.4994,-0.4767,-0.0408,-0.4198
1623960792733,-1.6596,-5.3630,7.6406,-0.6465,-0.0139,-0.4137
1623960792743,-1.5328,-5.4850,7.6573,-0.8261,0.0240,-0.4100
1623960792751,-1.6213,-5.5161,7.5736,-0.9519,0.0496,-0.4076
1623960792762,-1.7529,-5.3199,7.0328,-0.9996,0.0411,-0.4308
1623960792772,-1.7792,-5.5784,6.8773,-0.9519,0.0374,-0.4552
1623960792779,-1.7338,-6.2555,6.9897,-0.8945,0.0472,-0.4601
1623960792791,-1.6620,-6.6599,7.3343,-0.8774,0.0545,-0.4491
1623960792800,-1.6476,-6.5714,7.4013,-0.8859,0.0374,-0.4296
1623960792810,-1.7098,-6.2244,7.1908,-0.9275,0.0166,-0.4112
1623960792820,-1.8367,-5.9373,6.9634,-1.0045,0.0130,-0.4027
1623960792829,-1.8773,-5.9301,6.6811,-1.0826,0.0154,-0.4125
1623960792839,-1.8151,-6.2340,6.5160,-1.1327,0.0105,-0.4259
1623960792847,-1.7386,-6.4470,6.4992,-1.2060,-0.0029,-0.4222
1623960792856,-1.6309,-6.6647,6.4059,-1.2879,-0.0224,-0.3954
1623960792866,-1.5950,-6.9829,6.4131,-1.3526,-0.0078,-0.3697
1623960792876,-1.5088,-7.2390,6.5423,-1.3197,0.0301,-0.3697
1623960792885,-1.3940,-7.6721,6.7074,-1.0655,0.0508,-0.3954
1623960792894,-1.3868,-8.0334,6.6787,-0.6452,0.0533,-0.4198
1623960792906,-1.5663,-8.1578,6.5854,-0.1981,0.0484,-0.4088
1623960792916,-1.7481,-7.8372,6.2695,0.1513,0.0203,-0.3709
1623960792926,-1.7792,-7.3347,6.0470,0.2991,-0.0212,-0.3196
1623960792935,-1.6811,-7.0380,6.0972,0.1855,-0.0383,-0.2536
1623960792944,-1.5304,-6.8298,6.3676,-0.1370,-0.0444,-0.2036
1623960792952,-1.4562,-6.8585,6.6093,-0.4877,-0.0395,-0.1803
1623960792962,-1.4227,-7.0284,6.5543,-0.7845,-0.0273,-0.1632
1623960792972,-1.4275,-7.3060,6.3006,-0.9776,-0.0029,-0.1547
1623960792982,-1.4442,-7.6721,6.3174,-1.0081,0.0472,-0.1693
1623960792992,-1.4753,-7.9209,6.3628,-0.8273,0.0741,-0.2084
1623960793002,-1.4658,-8.0597,6.2121,-0.4950,0.0728,-0.2463
1623960793012,-1.5399,-7.9329,6.0781,-0.1199,0.0606,-0.2585
1623960793022,-1.6979,-7.6266,5.7981,0.1660,0.0264,-0.2475
1623960793031,-1.7984,-7.2605,5.6713,0.3016,-0.0066,-0.2280
1623960793041,-1.7242,-7.1744,5.8101,0.2747,-0.0334,-0.2011
1623960793049,-1.5352,-7.0380,5.8962,0.1146,-0.0542,-0.1791
1623960793058,-1.3461,-6.8824,6.0613,-0.0698,-0.0725,-0.1559
1623960793069,-1.2767,-6.8920,6.1427,-0.2262,-0.0945,-0.1461
1623960793081,-1.2887,-7.0236,6.0494,-0.3606,-0.1080,-0.1535
1623960793087,-1.3055,-7.2964,6.0900,-0.4522,-0.0909,-0.1681
1623960793096,-1.2791,-7.5548,6.1331,-0.4644,-0.0750,-0.2036
1623960793106,-1.2696,-7.7845,6.0853,-0.3533,-0.0640,-0.2243
1623960793116,-1.3174,-7.8109,6.0087,-0.1883,-0.0689,-0.2304
1623960793125,-1.4012,-7.6099,5.6857,-0.0527,-0.0823,-0.2182
1623960793137,-1.3988,-7.4543,5.6139,0.0108,-0.0909,-0.1852
1623960793147,-1.2384,-7.4639,5.8125,-0.0051,-0.0970,-0.1486
1623960793156,-1.0901,-7.5788,6.0709,-0.0710,-0.0860,-0.1266
1623960793165,-1.0518,-7.6434,6.1738,-0.1163,-0.0689,-0.1168
1623960793175,-0.9729,-7.5596,6.3915,-0.1346,-0.0493,-0.1302
1623960793185,-0.9513,-7.7271,6.0661,-0.1529,-0.0285,-0.1217
1623960793195,-1.1021,-7.6051,5.7790,-0.1737,-0.0139,-0.1339
1623960793204,-1.2097,-7.5835,5.5732,-0.1712,-0.0163,-0.1437
1623960793214,-1.1954,-7.7175,5.5134,-0.1798,-0.0285,-0.1302
1623960793223,-1.0590,-7.7845,5.6210,-0.1798,-0.0530,-0.1241
1623960793233,-0.9393,-7.7175,5.6019,-0.1443,-0.0823,-0.1180
1623960793240,-0.9178,-7.6745,5.5517,-0.1199,-0.1067,-0.0960
1623960793251,-0.9346,-7.7654,5.7670,-0.1114,-0.1141,-0.0753
1623960793262,-0.9609,-7.5955,5.7216,-0.1040,-0.1251,-0.0741
1623960793271,-0.9226,-7.7487,5.7670,-0.0466,-0.1312,-0.0765
1623960793281,-0.8197,-7.9808,5.8747,0.0108,-0.1324,-0.0777
1623960793291,-0.7001,-8.1363,6.0135,0.0804,-0.1324,-0.0704
1623960793300,-0.6044,-8.1674,6.1475,0.1378,-0.1397,-0.0435
1623960793310,-0.7192,-7.5907,5.7527,0.1134,-0.1409,-0.0179
1623960793319,-0.9082,-7.1792,5.5445,0.0658,-0.1434,-0.0093
1623960793329,-1.0853,-6.9231,5.3531,-0.0356,-0.1422,-0.0044
1623960793337,-1.1092,-6.8250,5.3866,-0.1663,-0.1434,-0.0056
1623960793346,-0.9202,-7.4065,5.9752,-0.2409,-0.1422,-0.0020
1623960793356,-0.8436,-7.7104,5.9465,-0.2726,-0.1361,0.0005
1623960793366,-0.8723,-7.9927,5.9680,-0.1725,-0.1312,-0.0179
1623960793375,-0.9322,-7.8396,6.0015,-0.0356,-0.1226,-0.0337
1623960793385,-0.7336,-7.8970,6.2719,0.0413,-0.1080,-0.0044
1623960793396,-0.5254,-7.8492,6.4298,0.0377,-0.0750,0.0298
1623960793406,-0.5302,-7.5955,6.3748,-0.0002,-0.0383,0.0359
1623960793416,-0.6857,-7.3179,6.1834,-0.0552,-0.0151,0.0542
1623960793425,-0.9705,-7.4639,5.6761,-0.1395,-0.0139,0.0774
1623960793435,-1.1619,-7.6099,5.5517,-0.2201,-0.0029,0.0591
1623960793444,-1.0949,-7.2509,5.5708,-0.2665,-0.0078,0.0212
1623960793454,-0.8676,-7.1528,5.5517,-0.2336,-0.0457,0.0090
1623960793463,-0.8053,-7.2749,5.5660,-0.1920,-0.0554,-0.0056
1623960793473,-0.8053,-7.6242,5.6809,-0.1676,-0.0505,-0.0166
1623960793482,-0.7910,-8.1554,5.8795,-0.0955,-0.0579,-0.0032
1623960793492,-0.7168,-8.1602,5.8532,0.0340,-0.0750,0.0151
1623960793502,-0.6953,-7.8324,5.7407,0.1256,-0.0884,0.0383
1623960793511,-0.8221,-7.5620,5.8316,0.1598,-0.0737,0.0383
1623960793521,-0.9992,-7.3371,5.7240,0.1537,-0.0615,0.0176
1623960793531,-1.0207,-7.2964,5.7024,0.1159,-0.0579,0.0005
1623960793540,-0.8723,-7.3538,5.8005,0.0499,-0.0493,-0.0032
1623960793550,-0.7527,-7.3562,5.9632,0.0218,-0.0298,-0.0117
1623960793560,-0.6953,-7.2366,6.0733,0.0022,-0.0212,-0.0142
1623960793568,-0.7551,-7.0930,5.8867,-0.0491,-0.0127,-0.0166
1623960793577,-0.8221,-7.4807,5.6378,-0.1053,-0.0041,-0.0130
1623960793587,-0.9059,-7.6218,5.6282,-0.1712,0.0264,-0.0472
1623960793596,-0.7790,-8.3516,6.1140,-0.1725,0.0484,-0.0496
1623960793606,-1.0040,-8.3756,5.8197,-0.1175,0.0521,-0.0325
1623960793615,-1.0494,-8.1171,5.6976,0.0120,0.0338,-0.0594
1623960793626,-0.9393,-7.6984,5.9106,0.0377,0.0105,-0.0362
1623960793636,-0.9274,-7.3419,5.8029,-0.0271,0.0032,-0.0081
1623960793646,-0.9226,-7.3179,5.7240,-0.1272,0.0117,-0.0276
1623960793656,-0.9896,-7.4639,5.6665,-0.2238,0.0252,-0.0472
1623960793665,-1.0710,-7.6793,5.6522,-0.2653,0.0301,-0.0582
1623960793675,-1.0853,-7.8109,5.7048,-0.2836,0.0276,-0.0618
1623960793684,-1.1284,-7.7582,5.6019,-0.2702,0.0240,-0.0643
1623960793694,-1.1021,-7.8300,5.5253,-0.2213,0.0276,-0.0716
1623960793704,-1.0159,-8.1171,5.8699,-0.1443,0.0521,-0.0912
1623960793713,-0.8293,-8.1387,6.2863,-0.0222,0.0618,-0.1070
1623960793722,-0.7431,-8.3205,5.6761,0.0768,0.0386,-0.0557
1623960793732,-0.8245,-7.6625,5.4153,0.1122,0.0557,-0.0692
1623960793742,-0.9274,-7.4687,5.6689,0.1879,0.0240,-0.0851
1623960793750,-1.0614,-7.4256,5.3698,0.1256,0.0057,-0.0398
1623960793806,-0.8436,-7.5668,5.6330,-0.0442,0.0191,-0.0179
1623960793807,-0.7551,-7.6601,5.6234,-0.1358,0.0203,-0.0276
1623960793808,-0.9130,-7.8180,5.5038,-0.1492,0.0191,-0.0411
1623960793809,-1.0853,-7.7630,5.4392,-0.1615,0.0166,-0.0423
1623960793809,-1.0901,-7.6386,5.3674,-0.1492,0.0117,-0.0496
1623960793810,-0.9633,-7.6673,5.3315,-0.1480,0.0179,-0.0643
1623960793821,-0.8365,-7.7151,5.4607,-0.1700,0.0362,-0.0728
1623960793827,-0.7719,-7.7582,5.4942,-0.1859,0.0508,-0.0789
1623960793836,-0.7599,-7.7774,5.5588,-0.1908,0.0631,-0.0826
1623960793846,-0.8006,-7.7654,5.6115,-0.1969,0.0594,-0.0741
1623960793856,-0.7623,-7.8635,5.5876,-0.2225,0.0557,-0.0557
1623960793869,-0.7431,-7.9951,5.5517,-0.2690,0.0667,-0.0472
1623960793876,-0.7479,-8.0262,5.4966,-0.2971,0.0777,-0.0460
1623960793886,-0.7886,-7.9616,5.4368,-0.2995,0.0777,-0.0423
1623960793896,-0.8030,-7.8061,5.3291,-0.3142,0.0741,-0.0374
1623960793905,-0.8006,-7.7151,5.1880,-0.3740,0.0728,-0.0325
1623960793915,-0.8006,-7.8204,5.0611,-0.4681,0.0765,-0.0215
1623960793924,-0.8245,-7.9760,5.0420,-0.5756,0.0765,-0.0142
1623960793934,-0.7886,-8.0310,5.1592,-0.6563,0.0777,-0.0069
1623960793944,-0.7551,-8.1698,5.3100,-0.7039,0.0851,0.0029
1623960793953,-0.6977,-8.3301,5.3937,-0.7076,0.0936,0.0127
1623960793963,-0.6833,-8.5383,5.2143,-0.6917,0.1034,0.0322
1623960793972,-0.6953,-8.7608,5.0611,-0.6452,0.1217,0.0481
1623960793982,-0.7312,-8.7536,5.0731,-0.5646,0.1400,0.0530
1623960793991,-0.8053,-8.6316,5.1018,-0.4339,0.1461,0.0567
1623960793999,-0.8508,-8.6149,5.0731,-0.2812,0.1425,0.0591
1623960794009,-0.8389,-8.5861,4.9678,-0.1810,0.1351,0.0725
1623960794020,-0.8317,-8.5646,4.9032,-0.1334,0.1364,0.0909
1623960794028,-0.7862,-8.6507,4.9247,-0.1187,0.1290,0.1116
1623960794039,-0.7264,-8.6220,4.8673,-0.1566,0.1217,0.1446
1623960794049,-0.6929,-8.6866,4.8242,-0.2201,0.1168,0.1800
1623960794060,-0.7001,-8.7967,4.8841,-0.3032,0.1242,0.2057
1623960794067,-0.7360,-8.9834,4.8889,-0.3728,0.1303,0.2387
1623960794077,-0.7575,-9.1796,4.8577,-0.3997,0.1339,0.2643
1623960794086,-0.8556,-9.2226,4.8936,-0.3826,0.1425,0.2851
1623960794096,-0.9250,-9.1245,4.8769,-0.3239,0.1437,0.3083
1623960794107,-0.9370,-9.1676,4.7549,-0.2433,0.1413,0.3364
1623960794117,-0.7934,-9.4069,4.6998,-0.1871,0.1400,0.3792
1623960794126,-0.5924,-9.5696,4.6639,-0.1737,0.1400,0.4427
1623960794136,-0.4536,-9.6007,4.6352,-0.1798,0.1315,0.5136
1623960794146,-0.4249,-9.5648,4.5730,-0.1957,0.1254,0.5820
1623960794155,-0.5350,-9.4571,4.4199,-0.2225,0.1168,0.6492
1623960794164,-0.6953,-9.3973,4.3265,-0.2323,0.1095,0.7030
1623960794175,-0.8245,-9.4619,4.2500,-0.2140,0.0912,0.7384
1623960794184,-0.8389,-9.5935,4.1997,-0.1688,0.0643,0.7787
1623960794193,-0.8006,-9.6055,4.1447,-0.1321,0.0338,0.8373
1623960794203,-0.8245,-9.4978,4.1303,-0.1065,0.0007,0.8948
1623960794213,-0.8867,-9.2992,4.1925,-0.1040,-0.0261,0.9449
1623960794223,-0.9609,-9.0192,4.2117,-0.1163,-0.0481,0.9888
1623960794232,-1.0494,-8.8996,4.1495,-0.1114,-0.0689,1.0157
1623960794240,-1.1140,-8.7991,4.0968,-0.0918,-0.0945,1.0328
1623960794249,-1.2313,-8.5861,3.8910,-0.0894,-0.1299,1.0475
1623960794259,-1.3461,-8.3828,3.5896,-0.0784,-0.1690,1.0487
1623960794271,-1.5495,-8.2655,3.3694,-0.1016,-0.2130,1.0499
1623960794280,-1.9276,-8.1985,3.1612,-0.1358,-0.2668,1.0548
1623960794290,-2.2506,-8.0358,3.3574,-0.1590,-0.3181,1.0414
1623960794298,-2.3463,-7.9855,3.7212,-0.1382,-0.3718,1.0157
1623960794307,-2.2889,-7.9377,4.0011,-0.0845,-0.4195,0.9888
1623960794317,-2.2004,-7.9449,4.0466,-0.0136,-0.4439,0.9729
1623960794327,-2.2004,-7.9832,4.0466,0.0548,-0.4488,0.9497
1623960794336,-2.2267,-7.8731,4.0131,0.0963,-0.4476,0.9339
1623960794347,-2.2698,-7.5644,4.0059,0.0902,-0.4537,0.9241
1623960794357,-2.4612,-7.3754,3.8839,0.0474,-0.4684,0.8984
1623960794367,-2.7220,-7.3251,3.8551,-0.0625,-0.4806,0.8862
1623960794376,-2.9374,-7.2677,3.9676,-0.2091,-0.5014,0.8862
1623960794385,-2.9733,-7.3754,4.0538,-0.2971,-0.5258,0.8740
1623960794396,-2.9565,-7.3730,4.1375,-0.3325,-0.5478,0.8471
1623960794405,-3.0259,-7.3347,4.1901,-0.2885,-0.5515,0.8080
1623960794415,-3.1264,-7.3395,4.2595,-0.1908,-0.5478,0.7543
1623960794424,-3.2508,-7.2246,4.4127,-0.0992,-0.5417,0.7115
1623960794434,-3.3896,-7.1385,4.4223,-0.0185,-0.5429,0.6748
1623960794444,-3.4686,-7.0619,4.2308,0.0267,-0.5429,0.6394
1623960794453,-3.4757,-6.9734,4.1136,0.0132,-0.5417,0.6162
1623960794463,-3.4781,-6.7939,4.0107,-0.0320,-0.5478,0.5893
1623960794472,-3.5356,-6.5953,3.9126,-0.0796,-0.5612,0.5539
1623960794482,-3.6576,-6.3967,3.8863,-0.1187,-0.5808,0.5075
1623960794492,-3.7437,-6.3369,4.2117,-0.1199,-0.6064,0.4439
1623960794501,-3.7796,-6.3847,4.5682,-0.1089,-0.6247,0.3743
1623960794510,-3.7868,-6.5235,4.6759,-0.0894,-0.6199,0.3169
1623960794521,-3.8012,-6.5451,4.7285,-0.0857,-0.6003,0.2692
1623960794530,-3.8634,-6.5211,4.4557,-0.0723,-0.5820,0.2314
1623960794538,-3.8706,-6.5929,4.2476,-0.0649,-0.5637,0.1825
1623960794547,-3.8131,-6.5714,4.0944,-0.0845,-0.5515,0.1458
1623960794557,-3.7294,-6.4972,4.1016,-0.1089,-0.5527,0.1226
1623960794567,-3.5834,-6.4350,4.2691,-0.1224,-0.5612,0.0786
1623960794579,-3.4422,-6.4278,4.5275,-0.1615,-0.5612,0.0334
1623960794588,-3.3346,-6.5379,4.8075,-0.2067,-0.5466,-0.0093
1623960794597,-3.2771,-6.6958,4.8458,-0.2458,-0.5136,-0.0521
1623960794607,-3.3082,-6.9112,4.7285,-0.2323,-0.4647,-0.0924
1623960794616,-3.3082,-7.0930,4.4749,-0.1761,-0.4219,-0.1327
1623960794626,-3.2197,-7.1648,4.1901,-0.0649,-0.3865,-0.1730
1623960794635,-3.1312,-7.0260,4.0394,0.0499,-0.3609,-0.2072
1623960794645,-3.0331,-6.8561,4.4797,0.1476,-0.3609,-0.2329
1623960794655,-2.9110,-6.6982,5.1138,0.1794,-0.3767,-0.2524
1623960794664,-2.8416,-6.7269,5.3770,0.1122,-0.3755,-0.2585
1623960794674,-2.9278,-7.0404,5.2908,0.0010,-0.3535,-0.2536
1623960794684,-3.0642,-7.4017,5.2023,-0.1431,-0.3156,-0.2439
1623960794693,-3.1240,-7.6601,4.9798,-0.2323,-0.2802,-0.2329
1623960794703,-3.2054,-7.7606,4.8769,-0.2445,-0.2655,-0.2292
1623960794711,-3.2508,-7.8204,4.8242,-0.1993,-0.2680,-0.2256
1623960794722,-3.2508,-7.8922,4.9176,-0.1260,-0.2827,-0.2231
1623960794732,-3.1144,-8.0286,5.1808,-0.0540,-0.2888,-0.2292
1623960794742,-2.9302,-8.0669,5.4488,-0.0063,-0.2814,-0.2365
1623960794749,-2.8153,-8.3923,5.5421,0.0584,-0.2509,-0.2365
1623960794759,-2.7507,-8.5718,5.5541,0.1110,-0.2032,-0.2280
1623960794770,-2.8608,-8.5861,5.4153,0.1598,-0.1715,-0.1962
1623960794778,-3.0283,-8.4928,5.3004,0.2295,-0.1666,-0.1620
1623960794788,-3.0833,-8.3277,5.1042,0.2796,-0.1825,-0.1351
1623960794798,-2.9924,-8.2751,5.0874,0.2979,-0.1947,-0.1022
1623960794807,-2.8105,-8.1817,5.1975,0.2686,-0.2032,-0.0704
1623960794819,-2.5976,-8.1219,5.4392,0.2197,-0.2130,-0.0606
1623960794828,-2.5569,-8.1602,5.6187,0.1586,-0.2130,-0.0545
1623960794838,-2.5282,-8.2751,5.6952,0.1061,-0.2032,-0.0362
1623960794847,-2.5473,-8.4043,5.6665,0.0951,-0.1898,-0.0142
1623960794857,-2.4947,-8.4785,5.6139,0.1354,-0.1703,0.0066
1623960794867,-2.4947,-8.5096,5.7240,0.1965,-0.1519,0.0481
1623960794876,-2.5976,-8.2990,5.7527,0.3064,-0.1336,0.0811
1623960794886,-2.6622,-8.1674,5.6426,0.4579,-0.1312,0.0970
1623960794895,-2.6478,-7.9879,5.7000,0.5911,-0.1275,0.0933
1623960794904,-2.6311,-7.8372,5.7622,0.6278,-0.1104,0.0994
1623960794914,-2.5880,-7.9042,5.7909,0.6119,-0.0847,0.1275
1623960794924,-2.5043,-7.8396,6.1044,0.5398,-0.0567,0.1495
1623960794933,-2.4301,-7.6769,6.2073,0.4567,-0.0261,0.1605
1623960794943,-2.3224,-7.7463,6.2049,0.4164,0.0057,0.1715
1623960794951,-2.2650,-7.7702,6.2719,0.4030,0.0447,0.1862
1623960794962,-2.3918,-7.6745,6.1929,0.4384,0.0667,0.1910
1623960794972,-2.5593,-7.6051,5.9943,0.4970,0.0631,0.1874
1623960794981,-2.6574,-7.4208,5.7622,0.4946,0.0496,0.1959
1623960794991,-2.6167,-7.1744,5.7287,0.4457,0.0533,0.2020
1623960795001,-2.5114,-7.0715,5.8962,0.3907,0.0667,0.1898
1623960795010,-2.4971,-7.1744,6.0805,0.3504,0.0887,0.1837
1623960795020,-2.5617,-7.3802,6.2121,0.3309,0.1144,0.1776
1623960795028,-2.5904,-7.5477,6.2671,0.3321,0.1315,0.1800
1623960795037,-2.5736,-7.5381,6.1906,0.3480,0.1474,0.1923
1623960795047,-2.5713,-7.3921,6.0900,0.3834,0.1559,0.2069
1623960795057,-2.5641,-7.1839,6.0398,0.4066,0.1681,0.2142
1623960795067,-2.6071,-7.0739,5.9752,0.4176,0.1852,0.2142
1623960795077,-2.7172,-7.0380,5.9585,0.4127,0.2023,0.2118
1623960795087,-2.7746,-6.9686,5.9561,0.3895,0.2085,0.2142
1623960795097,-2.8105,-6.8801,6.0565,0.3455,0.2194,0.2204
1623960795106,-2.8799,-6.8154,6.0709,0.3309,0.2292,0.2216
1623960795116,-2.9948,-6.7843,6.0039,0.3174,0.2353,0.2069
1623960795126,-3.0498,-6.7461,6.0805,0.2832,0.2512,0.1959
1623960795135,-3.0498,-6.6862,6.1355,0.2319,0.2683,0.1959
1623960795145,-3.1072,-6.5762,6.2599,0.1879,0.2915,0.1862
1623960795154,-3.2054,-6.5068,6.3293,0.1818,0.3147,0.1678
1623960795162,-3.2724,-6.3393,6.2001,0.1855,0.3257,0.1483
1623960795173,-3.2795,-6.2842,6.1212,0.2063,0.3331,0.1275
1623960795184,-3.3178,-6.2747,6.0015,0.2380,0.3355,0.1019
1623960795193,-3.3824,-6.3417,5.9273,0.2625,0.3416,0.0786
1623960795202,-3.4542,-6.3608,6.0254,0.2967,0.3575,0.0542
1623960795213,-3.5308,-6.2436,6.1236,0.3223,0.3771,0.0237
1623960795222,-3.5834,-6.1239,6.1858,0.3529,0.3771,0.0005
1623960795231,-3.5643,-6.1143,6.2384,0.3492,0.3819,-0.0142
1623960795239,-3.5643,-6.1742,6.2575,0.3309,0.3941,-0.0252
1623960795251,-3.5212,-6.1814,6.2240,0.2979,0.4027,-0.0423
1623960795259,-3.5643,-6.1000,6.1690,0.2686,0.4100,-0.0692
1623960795269,-3.6265,-6.0976,6.1546,0.2405,0.4174,-0.0960
1623960795278,-3.6289,-6.1502,6.2025,0.2283,0.4210,-0.1205
1623960795287,-3.6600,-6.3130,6.1259,0.2197,0.4125,-0.1425
1623960795297,-3.6385,-6.4781,6.0350,0.2038,0.4052,-0.1559
1623960795307,-3.6145,-6.4493,6.0111,0.1818,0.4015,-0.1645
1623960795318,-3.6169,-6.3680,5.9178,0.1928,0.3893,-0.1755
1623960795328,-3.6121,-6.2340,5.8197,0.2050,0.3783,-0.1938
1623960795337,-3.6480,-6.2914,5.7981,0.2307,0.3783,-0.2011
1623960795347,-3.6743,-6.3584,5.7718,0.2490,0.3661,-0.1999
1623960795357,-3.6911,-6.2962,5.7886,0.2625,0.3514,-0.2121
1623960795366,-3.7461,-6.2747,5.8532,0.2784,0.3538,-0.2353
1623960795376,-3.7796,-6.3201,5.7909,0.2894,0.3514,-0.2573
1623960795385,-3.6456,-6.5163,5.7814,0.2955,0.3453,-0.2708
1623960795395,-3.6049,-6.6097,5.8149,0.2881,0.3441,-0.2817
1623960795405,-3.5930,-6.6192,5.8532,0.2967,0.3404,-0.2854
1623960795414,-3.6361,-6.4637,5.8340,0.3394,0.3221,-0.2952
1623960795424,-3.6959,-6.2172,5.6641,0.4054,0.2903,-0.3233
1623960795433,-3.7078,-6.1742,5.5756,0.4567,0.2659,-0.3514
1623960795442,-3.7318,-6.1670,5.4751,0.4653,0.2451,-0.3636
1623960795453,-3.7126,-6.0641,5.3866,0.4335,0.2158,-0.3673
1623960795462,-3.6887,-6.0497,5.4679,0.3871,0.1901,-0.3697
1623960795472,-3.7031,-6.0593,5.5253,0.3675,0.1755,-0.3844
1623960795481,-3.6576,-6.1598,5.5564,0.3797,0.1547,-0.4112
1623960795491,-3.4542,-6.4278,5.6617,0.3944,0.1388,-0.4381
1623960795499,-3.3441,-6.6862,5.7287,0.3871,0.1303,-0.4491
1623960795510,-3.2652,-6.6862,5.8340,0.3712,0.1217,-0.4454
1623960795520,-3.2795,-6.4733,5.7838,0.3736,0.1034,-0.4430
1623960795528,-3.3992,-6.1981,5.7120,0.4005,0.0814,-0.4687
1623960795537,-3.4925,-6.1263,5.5852,0.4543,0.0631,-0.4968
1623960795547,-3.5092,-6.2531,5.6187,0.5092,0.0484,-0.5163
1623960795557,-3.4063,-6.3058,5.7072,0.5215,0.0264,-0.5285
1623960795566,-3.2604,-6.1311,5.7335,0.4421,0.0057,-0.5273
1623960795576,-3.1264,-5.9205,5.7120,0.2857,-0.0066,-0.5139
1623960795587,-3.0809,-5.8440,5.6713,0.1024,-0.0017,-0.5188
1623960795597,-3.1096,-5.8535,5.7359,-0.0320,0.0032,-0.5481
1623960795607,-3.1144,-6.0330,5.7527,-0.0637,0.0032,-0.5908
1623960795616,-3.0139,-6.4326,5.8197,0.0034,-0.0053,-0.6348
1623960795626,-2.7531,-6.9949,5.9824,0.1171,-0.0066,-0.6751
1623960795635,-2.5330,-7.1600,6.0470,0.1586,-0.0090,-0.6666
1623960795645,-2.4325,-6.8513,5.9225,0.0865,-0.0261,-0.6177
1623960795654,-2.3774,-6.5307,5.8005,-0.0356,-0.0505,-0.5835
1623960795664,-2.3487,-6.6097,5.7551,-0.1737,-0.0505,-0.5615
1623960795673,-2.3774,-6.8657,5.8579,-0.2775,-0.0285,-0.5615
1623960795683,-2.3368,-7.2557,5.9273,-0.2519,-0.0249,-0.5811
1623960795693,-2.2817,-7.5955,5.9513,-0.1431,-0.0383,-0.5835
1623960795702,-2.2458,-7.7367,5.9082,-0.0747,-0.0567,-0.5481
1623960795712,-2.1693,-7.6027,5.8675,-0.0845,-0.0811,-0.4882
1623960795722,-2.0448,-7.3514,5.9393,-0.1822,-0.1055,-0.4332
1623960795731,-2.0353,-7.2198,6.0159,-0.2934,-0.1116,-0.3978
1623960795741,-2.0233,-7.1648,6.1546,-0.3826,-0.0884,-0.3966
1623960795751,-2.0353,-7.3060,6.2240,-0.3716,-0.0615,-0.4125
1623960795760,-1.9898,-7.7104,6.3006,-0.2836,-0.0371,-0.4271
1623960795769,-1.8941,-7.9855,6.3174,-0.2018,-0.0188,-0.4039
1623960795778,-1.7481,-8.0238,6.1953,-0.1627,-0.0212,-0.3367
1623960795787,-1.6787,-7.8372,6.0350,-0.1676,-0.0334,-0.2695
1623960795797,-1.7386,-7.3945,5.7479,-0.1847,-0.0371,-0.2341
1623960795806,-1.8223,-7.0045,5.6258,-0.1725,-0.0383,-0.2280
1623960795819,-1.8319,-6.8585,5.6019,-0.1211,-0.0493,-0.2488
1623960795828,-1.8606,-6.8154,5.7981,-0.0698,-0.0615,-0.2732
1623960795837,-1.9515,-6.9590,6.0661,-0.0100,-0.0689,-0.2915
1623960795846,-1.9180,-7.1193,6.3198,0.0365,-0.0835,-0.2940
1623960795856,-1.8103,-7.2174,6.4059,0.0303,-0.0884,-0.2720
1623960795866,-1.7314,-7.3084,6.3557,-0.0368,-0.0872,-0.2390
1623960795875,-1.6333,-7.3682,6.3341,-0.1334,-0.0786,-0.2170
1623960795885,-1.5136,-7.2844,6.3293,-0.2103,-0.0567,-0.2146
1623960795895,-1.5328,-7.2773,6.2408,-0.2311,-0.0481,-0.2194
1623960795904,-1.6883,-7.0284,6.1786,-0.1957,-0.0444,-0.2378
1623960795914,-1.7984,-6.9829,6.1068,-0.1077,-0.0554,-0.2426
1623960795923,-1.8606,-6.9710,6.0685,-0.0295,-0.0725,-0.2500
1623960795933,-1.7960,-7.0117,6.1068,-0.0381,-0.0762,-0.2475
1623960795943,-1.7003,-7.1839,6.2240,-0.1138,-0.0676,-0.2353
1623960795952,-1.6165,-7.2390,6.2671,-0.2250,-0.0554,-0.2304
1623960795962,-1.5208,-7.3562,6.2193,-0.3252,-0.0432,-0.2219
1623960795972,-1.5304,-7.4065,6.1953,-0.3435,-0.0200,-0.2256
1623960795980,-1.6524,-7.4663,6.2145,-0.2274,-0.0163,-0.2463
1623960795991,-1.7553,-7.3969,6.1690,-0.0295,-0.0285,-0.2598
1623960796000,-1.7625,-7.2629,6.1427,0.1550,-0.0481,-0.2598
1623960796010,-1.8127,-7.0595,6.0518,0.2551,-0.0615,-0.2561
1623960796018,-1.8199,-6.9112,6.0015,0.2588,-0.0713,-0.2536
1623960796027,-1.7362,-6.8035,6.0853,0.1513,-0.0713,-0.2549
1623960796037,-1.6931,-6.9710,6.1307,-0.0088,-0.0652,-0.2561
1623960796046,-1.6165,-7.1600,6.2480,-0.1578,-0.0493,-0.2695
1623960796056,-1.4969,-7.3419,6.2743,-0.2506,-0.0444,-0.2756
1623960796067,-1.5304,-7.4663,6.2312,-0.2726,-0.0444,-0.2732
1623960796077,-1.5734,-7.4759,6.1092,-0.2628,-0.0457,-0.2671
1623960796087,-1.5399,-7.4998,6.0207,-0.2372,-0.0542,-0.2536
1623960796097,-1.5041,-7.5716,5.9776,-0.2018,-0.0505,-0.2451
1623960796106,-1.4514,-7.6817,6.0422,-0.1627,-0.0457,-0.2402
1623960796116,-1.4059,-7.7487,6.0781,-0.1187,-0.0432,-0.2292
1623960796125,-1.3988,-7.6673,6.0924,-0.0930,-0.0420,-0.2097
1623960796135,-1.3940,-7.6434,5.9441,-0.0772,-0.0469,-0.1926
1623960796144,-1.4131,-7.7558,5.8460,-0.0710,-0.0408,-0.1815
1623960796154,-1.3772,-7.8707,5.8555,-0.0588,-0.0408,-0.1681
1623960796164,-1.2767,-7.9377,5.9369,-0.0161,-0.0420,-0.1547
1623960796173,-1.1380,-7.9185,6.0111,0.0523,-0.0432,-0.1425
1623960796183,-1.0446,-7.8324,5.9967,0.1232,-0.0371,-0.1290
1623960796192,-1.0183,-7.7295,6.0183,0.1965,-0.0359,-0.1156
1623960796202,-1.0279,-7.7534,5.9297,0.2307,-0.0371,-0.0997
1623960796212,-1.1858,-7.6793,5.9058,0.2099,-0.0237,-0.0863
1623960796221,-1.1930,-7.4687,5.9441,0.1843,-0.0212,-0.0826
1623960796231,-1.1308,-7.3945,5.9585,0.1586,-0.0347,-0.0692
1623960796240,-1.1356,-7.5429,6.0757,0.0927,-0.0310,-0.0484
1623960796252,-1.1140,-7.7080,6.2097,0.0597,-0.0176,-0.0374
1623960796258,-1.0422,-7.7534,6.1379,0.0914,-0.0090,-0.0411
1623960796268,-1.0087,-7.7295,5.9872,0.1623,-0.0066,-0.0350
1623960796277,-1.0375,-7.6745,5.9297,0.2539,-0.0090,-0.0313
1623960796287,-1.0710,-7.4639,6.0039,0.3358,-0.0151,-0.0325
1623960796296,-1.0303,-7.3610,6.0924,0.3858,-0.0212,-0.0166
1623960796306,-1.0757,-7.3179,6.2073,0.4127,-0.0212,-0.0056
1623960796315,-1.1404,-7.2629,6.2121,0.3932,-0.0298,0.0078
1623960796327,-1.3772,-7.2222,6.2216,0.3407,-0.0469,0.0298
1623960796337,-1.5304,-7.0571,6.1666,0.2845,-0.0505,0.0273
1623960796346,-1.4275,-7.0117,6.2910,0.2307,-0.0542,0.0310
1623960796356,-1.3892,-6.9542,6.3269,0.1928,-0.0567,0.0261
1623960796365,-1.3844,-7.0188,6.2767,0.1782,-0.0554,0.0127
1623960796375,-1.3772,-7.0691,6.3939,0.1818,-0.0591,0.0017
1623960796385,-1.3820,-6.9160,6.4992,0.1782,-0.0603,-0.0069
1623960796393,-1.3246,-6.7341,6.5423,0.1684,-0.0591,-0.0166
1623960796404,-1.4131,-6.8322,6.4873,0.1598,-0.0530,-0.0276
1623960796414,-1.3868,-6.6503,6.5136,0.1183,-0.0383,-0.0496
1623960796423,-1.3940,-6.7867,6.4442,0.0853,-0.0432,-0.0301
1623960796432,-1.3509,-6.9686,6.4681,0.0768,-0.0334,-0.0325
1623960796442,-1.3701,-7.1624,6.4179,0.0609,-0.0310,-0.0362
1623960796452,-1.3509,-7.2318,6.4705,0.0584,-0.0261,-0.0435
1623960796462,-1.2887,-7.1696,6.4681,0.0584,-0.0261,-0.0496
1623960796471,-1.2815,-7.0499,6.4322,0.0535,-0.0273,-0.0545
1623960796481,-1.1810,-6.9590,6.4490,0.0340,-0.0151,-0.0582
1623960796490,-1.0949,-6.9112,6.5925,0.0034,0.0044,-0.0569
1623960796500,-1.1380,-6.9040,6.5303,-0.0173,0.0203,-0.0582
1623960796508,-1.2026,-7.0595,6.3939,-0.0405,0.0228,-0.0618
1623960796517,-1.2767,-7.2103,6.2887,-0.0491,0.0276,-0.0643
1623960796527,-1.3150,-7.3658,6.1379,-0.0283,0.0154,-0.0606
1623960796537,-1.2863,-7.3658,6.1546,0.0071,-0.0017,-0.0606
1623960796546,-1.1954,-7.3371,6.2312,0.0365,-0.0176,-0.0545
1623960796556,-1.1140,-7.1576,6.3748,0.0401,-0.0200,-0.0484
1623960796567,-1.0686,-7.0093,6.4490,0.0365,-0.0176,-0.0435
1623960796577,-1.0949,-6.9518,6.3461,0.0181,-0.0188,-0.0460
1623960796587,-1.1427,-7.0906,6.2336,-0.0075,-0.0237,-0.0423
1623960796596,-1.1332,-7.2677,6.2049,-0.0393,-0.0176,-0.0276
1623960796606,-1.1930,-7.5094,6.2384,-0.0368,-0.0078,-0.0191
1623960796615,-1.1786,-7.6745,6.4011,0.0083,-0.0053,-0.0117
1623960796625,-1.1667,-7.5716,6.5686,0.0597,-0.0017,-0.0020
1623960796635,-1.1236,-7.5022,6.5710,0.1159,-0.0041,0.0041
1623960796644,-1.1092,-7.4424,6.5231,0.1513,0.0020,0.0200
1623960796654,-1.1021,-7.3012,6.4825,0.1562,0.0105,0.0371
1623960796663,-1.0973,-7.2127,6.3652,0.1513,0.0154,0.0469
1623960796672,-1.0853,-7.2820,6.3604,0.1403,0.0289,0.0505
1623960796683,-1.0087,-7.5046,6.4609,0.1183,0.0484,0.0628
1623960796692,-1.0040,-7.6984,6.5136,0.1061,0.0618,0.0799
1623960796702,-0.9681,-7.6458,6.5375,0.0878,0.0631,0.0982
1623960796711,-0.9130,-7.4974,6.5303,0.0597,0.0606,0.1300
1623960796721,-0.9417,-7.4352,6.5016,0.0169,0.0704,0.1605
1623960796731,-0.9130,-7.5955,6.4968,-0.0307,0.0924,0.1849
1623960796742,-0.8676,-7.8802,6.5351,-0.0454,0.1180,0.2155
1623960796748,-0.9202,-8.0908,6.6189,0.0034,0.1388,0.2424
1623960796758,-0.9609,-8.0501,6.6476,0.0902,0.1437,0.2692
1623960796767,-0.9800,-7.9018,6.5901,0.1513,0.1388,0.3206
1623960796777,-0.9441,-7.8109,6.4825,0.1586,0.1351,0.3755
1623960796789,-0.9082,-7.8324,6.4179,0.1000,0.1376,0.4195
1623960796798,-0.8795,-7.9760,6.3772,0.0108,0.1474,0.4708
1623960796808,-0.7862,-8.0621,6.4011,-0.0723,0.1486,0.5185
1623960796817,-0.6738,-8.0836,6.4298,-0.1114,0.1474,0.5698
1623960796827,-0.6714,-8.1147,6.4442,-0.1260,0.1461,0.6211
1623960796836,-0.8030,-7.9879,6.4059,-0.1016,0.1376,0.6602
1623960796846,-1.0207,-7.8635,6.3485,-0.0613,0.1254,0.6932
1623960796856,-1.2863,-7.7487,6.2839,-0.0271,0.1119,0.7213
1623960796865,-1.4466,-7.5070,6.2910,-0.0283,0.0985,0.7531
1623960796874,-1.5902,-7.2677,6.2982,-0.0454,0.0814,0.7787
1623960796884,-1.6716,-7.0667,6.2408,-0.0833,0.0667,0.7848
1623960796894,-1.7146,-6.9853,6.1594,-0.1419,0.0557,0.7970
1623960796903,-1.7433,-7.1528,5.9943,-0.1957,0.0508,0.8080
1623960796913,-1.7816,-7.1863,5.9393,-0.2372,0.0521,0.8068
1623960796923,-1.9180,-7.1337,5.9537,-0.2421,0.0460,0.8080
1623960796932,-2.0065,-7.0021,6.0231,-0.2079,0.0276,0.8007
1623960796942,-2.1190,-6.8083,6.0494,-0.2091,0.0057,0.7995
1623960796952,-2.1142,-6.8394,6.1427,-0.2482,-0.0017,0.8031
1623960796961,-2.0783,-6.8824,6.2958,-0.3020,-0.0066,0.7934
1623960796969,-2.1094,-6.8274,6.2312,-0.3521,-0.0200,0.7958
1623960796980,-2.1405,-6.7580,6.1307,-0.3850,-0.0322,0.7958
1623960796991,-2.3511,-6.7341,5.8316,-0.4302,-0.0542,0.7970
1623960796998,-2.6694,-6.7365,5.6689,-0.4950,-0.0799,0.8044
1623960797007,-2.9015,-6.6575,5.6785,-0.5255,-0.0970,0.8031
1623960797017,-3.0307,-6.5809,5.6785,-0.4828,-0.1202,0.7787
1623960797027,-2.9589,-6.5259,5.7790,-0.4070,-0.1458,0.7445
1623960797036,-2.8823,-6.4422,5.9417,-0.3154,-0.1617,0.7152
1623960797047,-2.8823,-6.3297,6.0589,-0.2225,-0.1788,0.6858
1623960797057,-2.9158,-6.2005,6.1140,-0.1712,-0.1947,0.6541
1623960797067,-2.9350,-6.1814,5.9824,-0.1725,-0.2008,0.6309
1623960797076,-3.0139,-6.0928,5.8197,-0.2274,-0.2045,0.6089
1623960797086,-3.1384,-5.9636,5.6976,-0.3032,-0.2106,0.5771
1623960797096,-3.3417,-5.8751,5.6282,-0.3508,-0.2216,0.5356
1623960797106,-3.4590,-5.7865,5.5541,-0.3777,-0.2423,0.4879
1623960797115,-3.4901,-5.6908,5.6522,-0.4021,-0.2680,0.4366
1623960797125,-3.4279,-5.7650,5.7909,-0.4009,-0.2912,0.3792
1623960797134,-3.3035,-5.8942,5.9872,-0.4082,-0.2986,0.3230
1623960797144,-3.2963,-5.9971,6.0207,-0.4327,-0.2937,0.2802
1623960797153,-3.2963,-6.0641,5.9824,-0.4314,-0.2888,0.2460
1623960797163,-3.3250,-6.1574,5.8627,-0.4070,-0.2863,0.2179
1623960797170,-3.3322,-6.2005,5.7000,-0.4095,-0.2839,0.1923
1623960797182,-3.3633,-6.2029,5.5588,-0.4082,-0.2863,0.1703
1623960797191,-3.3513,-6.2077,5.4847,-0.3899,-0.2973,0.1385
1623960797201,-3.2724,-6.3010,5.5756,-0.3667,-0.3071,0.0982
1623960797211,-3.1695,-6.3871,5.7192,-0.3582,-0.3071,0.0664
1623960797219,-3.1336,-6.5139,5.8197,-0.3472,-0.3022,0.0457
1623960797230,-3.1766,-6.6384,5.8579,-0.3533,-0.2900,0.0286
1623960797239,-3.2747,-6.6862,5.8125,-0.3496,-0.2729,0.0200
1623960797249,-3.3250,-6.7293,5.7359,-0.3215,-0.2558,0.0103
1623960797257,-3.3489,-6.7700,5.6570,-0.2665,-0.2399,-0.0154
1623960797268,-3.3274,-6.7604,5.6546,-0.2177,-0.2301,-0.0350
1623960797278,-3.2293,-6.7556,5.7694,-0.1737,-0.2253,-0.0472
1623960797288,-3.2412,-6.6264,5.7981,-0.1492,-0.2228,-0.0679
1623960797297,-3.1742,-6.6527,5.7622,-0.1529,-0.2204,-0.0802
1623960797307,-3.1503,-6.7269,5.7503,-0.2042,-0.2155,-0.0802
1623960797317,-3.1049,-6.8202,5.6952,-0.2910,-0.2057,-0.0716
1623960797326,-3.1096,-6.9518,5.6187,-0.3655,-0.1971,-0.0655
1623960797336,-3.1001,-7.1050,5.5684,-0.4241,-0.1874,-0.0643
1623960797346,-3.1360,-7.2486,5.5253,-0.4241,-0.1776,-0.0667
1623960797355,-3.1312,-7.2749,5.6019,-0.3484,-0.1678,-0.0789
1623960797366,-3.1288,-7.2749,5.6019,-0.2348,-0.1678,-0.0960
1623960797375,-3.1312,-7.1528,5.6546,-0.1224,-0.1642,-0.1095
1623960797384,-3.1623,-7.0284,5.7096,-0.0454,-0.1629,-0.1119
1623960797393,-3.1551,-6.9423,5.6761,-0.0002,-0.1666,-0.1192
1623960797403,-3.0953,-6.8681,5.6426,-0.0173,-0.1666,-0.1266
1623960797413,-3.0522,-6.8777,5.5852,-0.0576,-0.1593,-0.1254
1623960797422,-3.0426,-7.0069,5.6258,-0.0930,-0.1458,-0.1315
1623960797432,-3.0259,-7.1122,5.6809,-0.1126,-0.1385,-0.1413
1623960797441,-2.9852,-7.1720,5.6522,-0.1101,-0.1324,-0.1388
1623960797451,-2.9254,-7.2246,5.6809,-0.1138,-0.1251,-0.1364
1623960797461,-2.8680,-7.1983,5.6976,-0.1089,-0.1153,-0.1400
1623960797471,-2.8369,-7.1887,5.6593,-0.0992,-0.1067,-0.1413
1623960797480,-2.8177,-7.2127,5.5373,-0.0906,-0.1019,-0.1449
1623960797488,-2.7675,-7.2749,5.5397,-0.0772,-0.0921,-0.1474
1623960797498,-2.7890,-7.3108,5.6043,-0.0417,-0.0811,-0.1510
1623960797507,-2.7866,-7.3466,5.6570,-0.0112,-0.0713,-0.1547
1623960797517,-2.7531,-7.3634,5.6785,-0.0026,-0.0640,-0.1486
1623960797528,-2.6981,-7.3036,5.6378,-0.0075,-0.0591,-0.1413
1623960797538,-2.6430,-7.3179,5.5541,-0.0124,-0.0530,-0.1388
1623960797547,-2.6024,-7.3586,5.5660,-0.0417,-0.0395,-0.1327
1623960797557,-2.6478,-7.4232,5.5421,-0.0759,-0.0237,-0.1217
1623960797567,-2.6981,-7.4807,5.6282,-0.0894,-0.0151,-0.1180
1623960797576,-2.7388,-7.4687,5.6115,-0.0772,-0.0127,-0.1205
1623960797586,-2.7435,-7.4711,5.6234,-0.0625,-0.0066,-0.1229
1623960797596,-2.6813,-7.4137,5.6809,-0.0515,0.0007,-0.1217
1623960797605,-2.6741,-7.4017,5.6904,-0.0442,0.0057,-0.1217
1623960797615,-2.6502,-7.4137,5.6809,-0.0417,0.0117,-0.1254
1623960797624,-2.6383,-7.4926,5.5469,-0.0368,0.0154,-0.1192
1623960797634,-2.5784,-7.5046,5.4631,-0.0393,0.0228,-0.1095
1623960797643,-2.5736,-7.4950,5.3770,-0.0295,0.0264,-0.1058
1623960797653,-2.5617,-7.4974,5.3267,-0.0197,0.0240,-0.1095
1623960797662,-2.5593,-7.5835,5.3076,-0.0088,0.0154,-0.1046
1623960797672,-2.4947,-7.6625,5.3172,-0.0442,0.0130,-0.0863
1623960797680,-2.4109,-7.6625,5.4033,-0.0894,0.0154,-0.0741
1623960797691,-2.3631,-7.6218,5.4607,-0.1456,0.0252,-0.0692
1623960797701,-2.3224,-7.6314,5.4918,-0.1871,0.0374,-0.0692
1623960797711,-2.3176,-7.7726,5.4679,-0.2189,0.0594,-0.0655
1623960797719,-2.3176,-7.9305,5.4392,-0.2555,0.0887,-0.0496
1623960797730,-2.3655,-8.0645,5.3818,-0.2568,0.1144,-0.0276
1623960797739,-2.4277,-7.9879,5.2550,-0.2348,0.1217,-0.0179
1623960797748,-2.3798,-7.8683,5.1712,-0.2140,0.1217,-0.0105
1623960797758,-2.3750,-7.6936,5.1736,-0.2238,0.1327,0.0017
1623960797767,-2.3583,-7.7199,5.1425,-0.2531,0.1474,0.0188
1623960797777,-2.3320,-7.8276,5.2669,-0.3081,0.1669,0.0383
1623960797785,-2.4014,-7.9353,5.2215,-0.3301,0.1913,0.0457
1623960797797,-2.4923,-7.9951,5.1951,-0.3166,0.2133,0.0603
1623960797807,-2.5401,-8.0765,5.1904,-0.2787,0.2280,0.0762
1623960797816,-2.5617,-8.0860,5.2861,-0.2421,0.2439,0.0847
1623960797826,-2.6406,-7.9760,5.3172,-0.2238,0.2549,0.0982
1623960797835,-2.6622,-7.7463,5.2932,-0.2225,0.2561,0.1092
1623960797845,-2.6598,-7.6003,5.3291,-0.2201,0.2659,0.1068
1623960797855,-2.6646,-7.6362,5.3028,-0.2042,0.2842,0.0970
1623960797864,-2.6981,-7.7606,5.2861,-0.2103,0.3037,0.1031
1623960797874,-2.7770,-7.9425,5.2980,-0.1871,0.3245,0.1177
1623960797883,-2.8895,-8.0717,5.2550,-0.1260,0.3367,0.1287
1623960797893,-2.9828,-7.9377,5.1592,-0.0723,0.3318,0.1361
1623960797902,-3.0235,-7.7295,5.1281,-0.0161,0.3257,0.1434
1623960797912,-3.0379,-7.5405,5.2382,0.0279,0.3245,0.1385
1623960797922,-3.1001,-7.3634,5.3052,0.0267,0.3282,0.1300
1623960797932,-3.1312,-7.2198,5.2765,-0.0014,0.3282,0.1202
1623960797941,-3.1192,-7.2270,5.2741,-0.0258,0.3343,0.1043
1623960797951,-3.1025,-7.3156,5.2693,-0.0295,0.3416,0.0847
1623960797960,-3.0642,-7.4113,5.1616,-0.0002,0.3441,0.0628
1623960797969,-3.0761,-7.5118,5.1042,0.0633,0.3465,0.0457
1623960797978,-3.1551,-7.6290,5.0803,0.1513,0.3538,0.0261
1623960797987,-3.1671,-7.6912,5.0898,0.2551,0.3453,0.0041
1623960797997,-3.0690,-7.7199,5.0851,0.3333,0.3306,-0.0044
1623960798007,-2.9756,-7.6386,5.1234,0.3675,0.3221,-0.0056
1623960798016,-2.9421,-7.5165,5.0755,0.3565,0.3196,-0.0166
1623960798028,-2.9565,-7.4376,4.9989,0.3040,0.3221,-0.0264
1623960798037,-2.9972,-7.3826,4.9391,0.2270,0.3257,-0.0301
1623960798046,-3.0403,-7.4735,4.7381,0.1830,0.3196,-0.0362
1623960798057,-3.0546,-7.6936,4.6759,0.1770,0.3086,-0.0521
1623960798066,-3.0881,-7.7726,4.6879,0.1855,0.2940,-0.0630
1623960798075,-3.0331,-7.6649,4.7764,0.2234,0.2720,-0.0643
1623960798085,-2.9541,-7.4424,4.8051,0.2722,0.2488,-0.0728
1623960798095,-2.9063,-7.3347,4.8458,0.2894,0.2341,-0.0826
1623960798105,-2.9541,-7.2773,4.8314,0.2784,0.2329,-0.0826
1623960798114,-3.0450,-7.2988,4.7453,0.2478,0.2280,-0.0814
1623960798124,-3.0929,-7.3490,4.7118,0.2380,0.2158,-0.0863
1623960798133,-3.1479,-7.3562,4.7740,0.2625,0.2023,-0.1009
1623960798143,-3.1838,-7.3754,4.8290,0.3235,0.1767,-0.1241
1623960798153,-3.1431,-7.3419,4.9176,0.3700,0.1571,-0.1388
1623960798162,-3.0929,-7.2055,4.8601,0.3846,0.1364,-0.1510
1623960798170,-3.0379,-7.1026,4.7907,0.3602,0.1217,-0.1718
1623960798180,-2.9350,-7.1600,4.8003,0.3003,0.1119,-0.1865
1623960798191,-2.8225,-7.2438,4.7812,0.2075,0.1022,-0.1803
1623960798201,-2.8010,-7.2844,4.7285,0.1342,0.0900,-0.1779
1623960798210,-2.8369,-7.4065,4.7979,0.1097,0.0802,-0.1901
1623960798218,-2.8560,-7.6003,4.9104,0.1305,0.0680,-0.1950
1623960798228,-2.8943,-7.7056,4.9989,0.1757,0.0533,-0.1913
1623960798237,-2.9541,-7.6745,5.0492,0.2490,0.0411,-0.1913
1623960798247,-3.0403,-7.5453,5.0276,0.3297,0.0338,-0.1950
1623960798257,-3.0761,-7.4089,4.9463,0.3956,0.0191,-0.1999
1623960798267,-3.0331,-7.3108,4.8266,0.4091,0.0020,-0.1938
1623960798278,-2.9445,-7.3156,4.8338,0.3846,-0.0115,-0.1852
1623960798287,-2.8943,-7.3969,4.9559,0.3419,-0.0188,-0.1803
1623960798297,-2.8440,-7.4328,5.1497,0.2894,-0.0261,-0.1730
1623960798307,-2.8584,-7.4328,5.2645,0.2710,-0.0347,-0.1632
1623960798316,-2.9039,-7.4304,5.3387,0.2808,-0.0371,-0.1645
1623960798326,-2.9421,-7.4328,5.3842,0.3150,-0.0444,-0.1693
1623960798335,-2.9804,-7.3514,5.3770,0.3675,-0.0567,-0.1669
1623960798345,-2.9972,-7.2438,5.2238,0.4262,-0.0689,-0.1632
1623960798354,-2.9541,-7.2007,5.1616,0.4909,-0.0786,-0.1767
1623960798364,-2.9206,-7.2103,5.2262,0.5264,-0.0774,-0.1962
1623960798374,-2.7842,-7.3993,5.2502,0.5349,-0.0835,-0.1999
1623960798383,-2.6143,-7.6290,5.5493,0.4677,-0.0762,-0.1889
1623960798392,-2.5378,-7.5620,5.7790,0.3260,-0.0725,-0.1474
1623960798402,-2.5114,-7.4017,5.7981,0.1733,-0.0737,-0.1107
1623960798412,-2.5473,-7.3323,5.8221,0.0670,-0.0554,-0.0973
1623960798422,-2.6311,-7.4160,5.8221,0.0487,-0.0261,-0.1034
1623960798431,-2.8249,-7.3826,5.6713,0.1378,-0.0066,-0.1144
1623960798441,-2.9326,-7.3419,5.5923,0.3187,-0.0163,-0.1339
1623960798450,-2.9685,-7.3012,5.7240,0.4836,-0.0285,-0.1437
1623960798460,-2.9326,-7.4065,5.7574,0.5545,-0.0285,-0.1315
1623960798468,-2.8871,-7.5046,5.8819,0.5630,-0.0212,-0.1156
1623960798478,-2.8297,-7.3778,5.8986,0.5251,-0.0273,-0.0936
1623960798487,-2.7483,-7.2820,5.8508,0.4812,-0.0359,-0.0704
1623960798497,-2.7507,-7.1433,5.9585,0.4298,-0.0457,-0.0643
1623960798507,-2.6263,-7.1193,6.0135,0.3626,-0.0530,-0.0508
1623960798516,-2.6024,-7.2390,6.0757,0.3272,-0.0383,-0.0398
1623960798527,-2.6837,-7.2557,6.1618,0.3468,-0.0188,-0.0398
1623960798537,-2.8177,-7.1193,6.1882,0.4225,-0.0176,-0.0472
1623960798547,-2.9541,-6.9040,6.0853,0.5276,-0.0298,-0.0508
1623960798556,-2.8991,-6.7796,6.0637,0.6070,-0.0359,-0.0630
1623960798566,-2.8464,-6.6886,6.2791,0.6143,-0.0151,-0.0789
1623960798576,-2.7818,-6.7532,6.4346,0.5569,-0.0066,-0.0716
1623960798585,-2.6837,-6.8274,6.6189,0.4934,-0.0041,-0.0582
1623960798595,-2.7029,-6.6958,6.7002,0.4482,0.0007,-0.0643
1623960798604,-2.7340,-6.5833,6.7409,0.4311,0.0117,-0.0777
1623960798614,-2.6981,-6.4613,6.6356,0.4372,0.0105,-0.0802
1623960798623,-2.7292,-6.3824,6.5901,0.4775,0.0057,-0.0863
1623960798633,-2.8177,-6.1263,6.4729,0.4922,-0.0078,-0.1217
1623960798642,-2.8512,-5.9134,6.3054,0.4628,-0.0273,-0.1498
1623960798652,-2.7148,-5.9181,6.2360,0.3895,-0.0322,-0.1559
1623960798662,-2.6024,-6.1574,6.2934,0.2906,-0.0163,-0.1608
1623960798671,-2.6335,-6.3704,6.3365,0.1928,-0.0078,-0.1730
1623960798681,-2.6335,-6.3608,6.3198,0.1244,-0.0200,-0.1840
1623960798690,-2.6119,-6.3177,6.2815,0.1110,-0.0237,-0.1999
1623960798701,-2.6239,-6.2771,6.1499,0.1537,-0.0322,-0.2243
1623960798708,-2.6335,-6.3345,6.2025,0.2075,-0.0469,-0.2439
1623960798718,-2.5976,-6.6432,6.3796,0.2331,-0.0554,-0.2451
1623960798727,-2.3990,-6.9064,6.6141,0.2185,-0.0432,-0.2451
1623960798737,-2.2937,-6.9710,6.7911,0.1916,-0.0224,-0.2402
1623960798748,-2.4157,-6.7197,6.7481,0.1843,-0.0334,-0.2378
1623960798756,-2.4588,-6.1957,6.5088,0.1525,-0.0627,-0.2353
1623960798814,-2.5043,-5.9349,6.3222,0.1146,-0.0652,-0.2219
1623960798814,-2.5521,-6.1335,6.1092,0.0841,-0.0567,-0.2243
1623960798815,-2.4851,-6.6503,6.1475,0.0377,-0.0603,-0.2390
1623960798816,-2.4492,-7.0499,6.3269,0.0523,-0.0530,-0.2463
1623960798817,-2.4229,-6.9758,6.4179,0.1342,-0.0701,-0.2524
1623960798817,-2.3320,-6.7700,6.4968,0.2331,-0.0945,-0.2524
1623960798828,-2.2339,-6.5546,6.4585,0.2979,-0.1031,-0.2536
1623960798834,-2.1166,-6.4206,6.4346,0.3358,-0.0860,-0.2695
1623960798844,-2.0592,-6.3560,6.4179,0.3529,-0.0737,-0.2769
1623960798853,-2.0831,-6.3584,6.4944,0.3810,-0.0786,-0.2769
1623960798863,-2.2076,-6.4637,6.5351,0.4262,-0.0945,-0.2854
1623960798873,-2.2530,-6.4876,6.5758,0.4604,-0.1153,-0.2879
1623960798882,-2.2458,-6.4565,6.6045,0.4689,-0.1397,-0.2671
1623960798892,-2.1525,-6.3297,6.7002,0.4555,-0.1519,-0.2573
1623960798902,-2.0353,-6.1861,6.8366,0.4396,-0.1483,-0.2744
1623960798911,-1.8558,-6.1957,6.8916,0.4249,-0.1361,-0.2976
1623960798921,-1.7266,-6.5307,6.9850,0.4433,-0.0921,-0.3282
1623960798929,-1.6644,-6.6073,7.2290,0.4726,-0.0542,-0.3697
1623960798940,-1.4801,-6.4733,7.1572,0.4592,-0.0811,-0.3502
1623960798949,-1.5974,-6.5235,7.0376,0.3614,-0.1067,-0.2952
1623960798958,-1.8941,-6.2340,6.8438,0.1696,-0.1141,-0.2842
1623960798967,-2.0401,-5.7674,6.5040,0.0169,-0.1324,-0.2988
1623960798977,-2.1621,-5.4276,6.2767,-0.0552,-0.1532,-0.3318
1623960798987,-2.0424,-5.2816,6.3509,-0.1505,-0.1678,-0.3697
1623960798996,-1.6548,-5.7171,6.6380,-0.3227,-0.1556,-0.3709
1623960799007,-1.3294,-6.3895,6.8438,-0.5292,-0.1226,-0.3587
1623960799017,-1.2911,-6.9590,7.1429,-0.6880,-0.0860,-0.3489
1623960799026,-1.4658,-7.1911,7.2242,-0.6966,-0.0737,-0.3624
1623960799034,-1.5878,-6.9638,7.1908,-0.5854,-0.0835,-0.3966
1623960799046,-1.5878,-6.7317,6.9754,-0.4571,-0.0884,-0.4100
1623960799056,-1.6117,-6.6575,6.6045,-0.3960,-0.0786,-0.4125
1623960799066,-1.6572,-6.4637,6.5758,-0.4314,-0.0457,-0.4125
1623960799075,-1.6141,-6.4302,6.6308,-0.4791,-0.0347,-0.4051
1623960799085,-1.3126,-6.6671,6.6954,-0.5170,-0.0298,-0.3905
1623960799094,-1.0446,-7.3299,7.3008,-0.5585,0.0325,-0.3563
1623960799104,-1.1762,-7.7487,7.4707,-0.5157,0.1022,-0.3257
1623960799113,-1.3007,-7.6553,7.7004,-0.3325,0.1645,-0.3392
1623960799122,-1.3701,-7.3251,7.5856,-0.0356,0.1926,-0.3807
1623960799132,-1.5041,-6.7150,7.2218,0.2319,0.2292,-0.4039
1623960799142,-1.6069,-6.4493,6.8462,0.4726,0.2622,-0.4259
1623960799152,-1.6692,-6.4326,6.4346,0.5728,0.2708,-0.4259
1623960799161,-1.5734,-6.5307,6.4227,0.4677,0.2805,-0.3905
1623960799171,-1.3629,-6.9303,6.7002,0.3016,0.3001,-0.3441
1623960799180,-1.2983,-6.9614,6.9730,0.1256,0.3160,-0.3257
1623960799189,-1.2313,-6.8992,7.1979,0.0108,0.3172,-0.3355
1623960799198,-1.2408,-7.0811,7.2099,0.0267,0.3111,-0.3477
1623960799208,-1.2456,-7.3897,7.2578,0.1134,0.3074,-0.3514
1623960799217,-1.3509,-7.4448,6.9371,0.1904,0.2879,-0.3355
1623960799227,-1.6189,-6.7820,6.3772,0.2393,0.2402,-0.3098
1623960799239,-1.7936,-5.8344,6.0446,0.2515,0.1706,-0.3001
1623960799248,-1.6380,-5.8296,6.1810,0.2148,0.1254,-0.3001
1623960799258,-1.3557,-6.4493,6.6021,0.1036,0.1156,-0.3050
1623960799267,-1.2265,-7.0547,6.8534,0.0474,0.1070,-0.3233
1623960799277,-1.1619,-7.3251,6.8964,0.1684,0.0618,-0.3392
1623960799287,-1.0207,-7.2629,6.7935,0.2771,0.0057,-0.3306
1623960799296,-0.7479,-7.2174,6.8510,0.2906,-0.0200,-0.2976
1623960799306,-0.5158,-7.1576,6.9969,0.2429,-0.0347,-0.2805
1623960799315,-0.7431,-6.6503,6.6739,0.2124,-0.0701,-0.2817
1623960799325,-1.0805,-6.1120,6.1044,0.2503,-0.1373,-0.2927
1623960799334,-1.0398,-6.0833,6.0637,0.3028,-0.1898,-0.2915
1623960799344,-0.6738,-6.6408,6.3269,0.2454,-0.2142,-0.2573
1623960799354,-0.3411,-7.1720,6.6882,0.1024,-0.2032,-0.2329
1623960799363,-0.1808,-7.3730,6.9802,-0.0258,-0.2069,-0.2011
1623960799372,-0.1497,-7.2701,7.0759,-0.0992,-0.2142,-0.1645
1623960799382,-0.2167,-7.1959,7.0376,-0.1150,-0.2118,-0.1413
1623960799392,-0.1808,-7.3993,7.0735,-0.0808,-0.1947,-0.1229
1623960799400,-0.2885,-7.4759,6.9610,0.0218,-0.1874,-0.0997
1623960799411,-0.4680,-7.1385,6.7098,0.1940,-0.2069,-0.0851
1623960799421,-0.5804,-6.5163,6.4681,0.3688,-0.2387,-0.0765
1623960799431,-0.6187,-6.1885,6.4609,0.4347,-0.2546,-0.0655
1623960799440,-0.5134,-6.1670,6.6165,0.3199,-0.2399,-0.0521
1623960799448,-0.3603,-6.4446,6.7911,0.1354,-0.2094,-0.0435
1623960799458,-0.3005,-6.7461,7.0831,0.0010,-0.1752,-0.0435
1623960799467,-0.3890,-6.7030,7.2338,-0.0332,-0.1593,-0.0472
1623960799477,-0.4608,-6.3273,7.2434,0.0145,-0.1605,-0.0618
1623960799486,-0.3675,-6.1311,7.1836,0.0792,-0.1580,-0.0728
1623960799496,-0.2861,-6.3201,7.2195,0.0719,-0.1312,-0.0741
1623960799508,-0.2191,-6.4350,7.0687,0.0132,-0.1043,-0.0765
1623960799517,-0.2454,-6.3297,6.8151,-0.0735,-0.1006,-0.0789
1623960799527,-0.3507,-6.1909,6.6787,-0.1566,-0.1055,-0.0802
1623960799536,-0.3794,-6.1598,6.7720,-0.2714,-0.1141,-0.0704
1623960799546,-0.2981,-6.3895,6.9634,-0.3972,-0.0982,-0.0521
1623960799555,-0.2191,-6.7389,7.2673,-0.4767,-0.0664,-0.0447
1623960799565,-0.2574,-6.8322,7.5162,-0.4473,-0.0395,-0.0582
1623960799575,-0.3053,-6.7221,7.4037,-0.3569,-0.0261,-0.0679
1623960799584,-0.2215,-6.7245,7.3415,-0.2775,-0.0224,-0.0472
1623960799594,-0.1521,-6.7580,7.1764,-0.2714,-0.0017,-0.0288
1623960799603,-0.1258,-6.8729,6.8701,-0.2910,0.0142,-0.0105
1623960799613,-0.1689,-7.0595,6.8366,-0.3374,0.0276,0.0139
1623960799623,-0.3794,-7.0452,6.8869,-0.3704,0.0301,0.0310
1623960799632,-0.6068,-6.7484,6.7505,-0.4278,0.0105,0.0347
1623960799642,-0.6331,-6.4589,6.5806,-0.5109,-0.0005,0.0359
1623960799651,-0.4608,-6.4876,6.5208,-0.5976,0.0264,0.0237
1623960799661,-0.3172,-6.7197,6.6308,-0.6135,0.0508,-0.0020
1623960799669,-0.3100,-6.9423,6.7074,-0.5561,0.0704,-0.0252
1623960799680,-0.4057,-7.0380,6.6859,-0.4314,0.0728,-0.0337
1623960799690,-0.5445,-6.9806,6.6284,-0.2678,0.0618,-0.0362
1623960799698,-0.6139,-6.9399,6.3891,-0.1163,0.0435,-0.0423
1623960799707,-0.5493,-7.0428,6.3102,-0.0222,0.0313,-0.0545
1623960799717,-0.4225,-7.2366,6.4490,0.0108,0.0276,-0.0423
1623960799727,-0.4775,-7.2533,6.4705,-0.0124,0.0154,-0.0044
1623960799737,-0.4967,-7.1552,6.4179,-0.0417,-0.0053,0.0090
1623960799748,-0.5397,-7.0906,6.4729,-0.0735,-0.0176,0.0078
1623960799757,-0.5374,-6.9829,6.5734,-0.0845,-0.0090,-0.0020
1623960799767,-0.4871,-7.0619,6.6236,-0.0820,-0.0066,-0.0069
1623960799777,-0.5900,-7.0595,6.4609,-0.0820,-0.0151,-0.0142
1623960799786,-0.5900,-7.0523,6.5040,-0.1224,-0.0200,-0.0056
1623960799796,-0.7025,-7.1098,6.7074,-0.1700,-0.0127,0.0066
1623960799805,-0.7288,-6.8729,6.6428,-0.2384,0.0057,-0.0044
1623960799815,-0.6068,-6.7676,6.6380,-0.2836,0.0154,-0.0056
1623960799824,-0.5541,-6.9901,6.6117,-0.3362,0.0240,0.0115
1623960799834,-0.5685,-7.2007,6.5184,-0.3777,0.0472,0.0163
1623960799844,-0.6091,-7.4902,6.6260,-0.3667,0.0692,0.0127
1623960799853,-0.6977,-7.7080,6.5399,-0.2897,0.0741,0.0176
1623960799863,-0.6953,-7.6673,6.4298,-0.1920,0.0680,0.0200
1623960799872,-0.6642,-7.7104,6.3389,-0.1163,0.0594,0.0298
1623960799882,-0.6953,-7.5237,6.4250,-0.0882,0.0692,0.0298
1623960799892,-0.7575,-7.2414,6.4490,-0.0723,0.0618,0.0286
1623960799901,-0.7312,-7.2103,6.4203,-0.0662,0.0508,0.0432
1623960799909,-0.7072,-7.3658,6.3604,-0.1016,0.0557,0.0628
1623960799921,-0.6714,-7.4400,6.3030,-0.1505,0.0692,0.0762
1623960799932,-0.7120,-7.5357,6.3150,-0.1578,0.0741,0.0786
1623960799938,-0.7790,-7.4496,6.3365,-0.1407,0.0753,0.0774
1623960799948,-0.7551,-7.4184,6.3844,-0.1236,0.0777,0.0896
1623960799958,-0.7360,-7.4902,6.3939,-0.1236,0.0851,0.1055
1623960799968,-0.7072,-7.7271,6.3485,-0.1382,0.0973,0.1251
1623960799976,-0.6331,-7.9449,6.3461,-0.1456,0.1144,0.1409
1623960799986,-0.5110,-7.8994,6.3245,-0.1285,0.1254,0.1581
1623960799997,-0.3914,-7.8013,6.2528,-0.0906,0.1278,0.1752
1623960800007,-0.3770,-7.7702,6.1188,-0.0759,0.1327,0.1984
1623960800016,-0.4416,-7.7534,6.0542,-0.1309,0.1425,0.2253
1623960800026,-0.4608,-7.8228,6.0924,-0.2189,0.1486,0.2619
1623960800036,-0.3890,-8.0334,6.1188,-0.3129,0.1474,0.3034
1623960800045,-0.3053,-8.2392,6.0829,-0.4046,0.1461,0.3511
1623960800054,-0.1665,-8.3421,5.9895,-0.4706,0.1413,0.4024
1623960800064,-0.0732,-8.3875,5.8460,-0.4913,0.1364,0.4513
1623960800074,-0.0085,-8.4402,5.6785,-0.4828,0.1339,0.5026
1623960800084,-0.0660,-8.6866,5.5493,-0.4828,0.1303,0.5649
1623960800093,-0.1736,-8.9522,5.5397,-0.4718,0.1254,0.6284
1623960800103,-0.1976,-9.1006,5.5876,-0.4486,0.1132,0.6993
1623960800112,-0.1736,-8.9642,5.6378,-0.4144,0.0863,0.7689
1623960800122,-0.1760,-8.6436,5.5708,-0.3740,0.0643,0.8300
1623960800132,-0.1952,-8.5239,5.4416,-0.3435,0.0508,0.8801
1623960800141,-0.1186,-8.5574,5.2789,-0.3606,0.0508,0.9339
1623960800149,-0.2909,-8.5120,5.1616,-0.4021,0.0582,0.9962
1623960800160,-0.7096,-8.4186,5.1568,-0.4082,0.0521,1.0352
1623960800169,-1.1643,-8.2990,5.2119,-0.3936,0.0325,1.0573
1623960800180,-1.4155,-8.1411,5.2238,-0.3679,-0.0078,1.0817
1623960800188,-1.3892,-8.0789,5.2813,-0.3362,-0.0542,1.0976
1623960800198,-1.3437,-8.0430,5.3028,-0.3252,-0.0860,1.1196
1623960800207,-1.3820,-7.9520,5.2765,-0.3166,-0.1031,1.1391
1623960800217,-1.4035,-7.8874,5.2837,-0.2763,-0.1067,1.1391
1623960800228,-1.4347,-7.8085,5.3507,-0.2091,-0.1019,1.1342
1623960800238,-1.5495,-7.6840,5.1975,-0.1297,-0.1055,1.1293
1623960800248,-1.7864,-7.5022,4.9176,-0.0845,-0.1177,1.1245
1623960800256,-2.2458,-7.2031,4.7979,-0.1101,-0.1556,1.1208
1623960800266,-2.7052,-6.8585,4.7955,-0.2274,-0.2081,1.1208
1623960800276,-2.9709,-6.4374,4.9798,-0.3960,-0.2704,1.1049
1623960800285,-3.0690,-6.1526,5.2932,-0.5671,-0.3303,1.0646
1623960800295,-3.0761,-6.0234,5.5301,-0.6893,-0.3755,0.9986
1623960800305,-3.1049,-6.0473,5.6330,-0.7063,-0.3963,0.9106
1623960800315,-3.1982,-6.4111,5.5684,-0.6123,-0.4122,0.8276
1623960800324,-3.2843,-6.6910,5.3291,-0.4327,-0.4256,0.7567
1623960800334,-3.3178,-6.6408,5.1832,-0.2775,-0.4415,0.7164
1623960800343,-3.3824,-6.4470,5.1114,-0.1456,-0.4684,0.6834
1623960800353,-3.5451,-6.1526,5.0061,-0.1211,-0.5026,0.6455
1623960800362,-3.7054,-6.0210,4.9247,-0.2103,-0.5294,0.6150
1623960800372,-3.7509,-6.0737,5.0061,-0.3630,-0.5392,0.5747
1623960800382,-3.6552,-6.2531,5.0994,-0.5035,-0.5294,0.5282
1623960800391,-3.5715,-6.4900,5.1664,-0.5439,-0.5111,0.4818
1623960800400,-3.5762,-6.5666,5.1114,-0.4877,-0.4977,0.4256
1623960800411,-3.6456,-6.5211,5.1138,-0.3691,-0.4928,0.3682
1623960800422,-3.6696,-6.5355,5.2669,-0.2604,-0.4989,0.3132
1623960800428,-3.5379,-6.6551,5.3842,-0.1993,-0.5111,0.2778
1623960800438,-3.3944,-6.7748,5.4918,-0.2018,-0.5124,0.2521
1623960800447,-3.4087,-6.7532,5.4871,-0.2396,-0.4989,0.2301
1623960800457,-3.5930,-6.6791,5.3483,-0.2861,-0.4891,0.2094
1623960800467,-3.7820,-6.6216,5.1281,-0.3117,-0.4830,0.1947
1623960800476,-3.8777,-6.5235,4.9080,-0.2971,-0.4867,0.1715
1623960800488,-3.9041,-6.3871,4.7979,-0.2458,-0.4989,0.1409
1623960800497,-3.8251,-6.3584,5.0444,-0.1639,-0.5172,0.1068
1623960800507,-3.6959,-6.3201,5.4296,-0.1040,-0.5319,0.0664
1623960800517,-3.5858,-6.3369,5.7072,-0.0674,-0.5282,0.0273
1623960800526,-3.5715,-6.4470,5.7766,-0.0405,-0.5062,-0.0044
1623960800536,-3.6337,-6.6743,5.7455,-0.0051,-0.4769,-0.0398
1623960800545,-3.6313,-6.8083,5.5876,0.0450,-0.4488,-0.0692
1623960800555,-3.5786,-6.8130,5.3889,0.0902,-0.4329,-0.0826
1623960800565,-3.5236,-6.6671,5.1736,0.1293,-0.4281,-0.0924
1623960800574,-3.4949,-6.4446,5.0683,0.1329,-0.4366,-0.1107
1623960800584,-3.4063,-6.3584,5.2143,0.0865,-0.4513,-0.1278
1623960800593,-3.2365,-6.4326,5.5421,-0.0295,-0.4598,-0.1413
1623960800602,-3.0618,-6.6025,5.9034,-0.1712,-0.4561,-0.1608
1623960800612,-2.9182,-6.9064,5.9919,-0.2885,-0.4378,-0.1767
1623960800622,-2.8751,-7.2557,6.0015,-0.3423,-0.4012,-0.1913
1623960800632,-2.8369,-7.4424,5.9273,-0.3313,-0.3645,-0.2023
1623960800642,-2.8034,-7.6051,5.7503,-0.2702,-0.3291,-0.1987
1623960800651,-2.7531,-7.6936,5.6019,-0.1676,-0.3010,-0.1901
1623960800661,-2.7364,-7.7104,5.5469,-0.0955,-0.2827,-0.1815
1623960800670,-2.7124,-7.7128,5.6210,-0.0723,-0.2704,-0.1571
1623960800678,-2.6143,-7.7199,5.7335,-0.0967,-0.2643,-0.1302
1623960800687,-2.4851,-7.8133,5.8843,-0.1590,-0.2423,-0.1205
1623960800697,-2.4301,-7.9951,5.9895,-0.2311,-0.2057,-0.1095
1623960800707,-2.3774,-8.1841,5.9034,-0.2678,-0.1788,-0.0826
1623960800720,-2.3535,-8.3421,5.7909,-0.2494,-0.1519,-0.0594
1623960800728,-2.3870,-8.3756,5.6785,-0.1883,-0.1263,-0.0435
1623960800738,-2.4612,-8.2870,5.6019,-0.0979,-0.1141,-0.0228
1623960800747,-2.4731,-8.1363,5.4990,-0.0014,-0.1190,-0.0007
1623960800757,-2.3918,-8.0334,5.6115,0.0804,-0.1190,0.0029
1623960800766,-2.3463,-7.9927,5.8460,0.1354,-0.1067,0.0090
1623960800776,-2.2913,-7.9162,5.9321,0.1317,-0.0811,0.0212
1623960800786,-2.2219,-7.8779,5.9632,0.0792,-0.0530,0.0396
1623960800795,-2.1621,-7.8515,5.9297,-0.0124,-0.0188,0.0640
1623960800805,-2.1190,-7.9712,5.8651,-0.0772,0.0142,0.0835
1623960800814,-2.1310,-8.1004,5.8364,-0.1199,0.0472,0.0994
1623960800824,-2.2291,-8.0406,5.6617,-0.1309,0.0606,0.1177
1623960800833,-2.1932,-7.9999,5.5804,-0.0918,0.0594,0.1361
1623960800843,-2.1908,-7.8635,5.5541,-0.0442,0.0631,0.1385
1623960800853,-2.2745,-7.7463,5.5684,-0.0149,0.0814,0.1397
1623960800862,-2.4014,-7.8611,5.5325,0.0535,0.0863,0.1458
1623960800872,-2.3822,-7.8755,5.4583,0.1159,0.0765,0.1446
1623960800882,-2.3176,-7.7702,5.5062,0.1562,0.0765,0.1458
1623960800891,-2.3248,-7.6338,5.5493,0.1611,0.0826,0.1446
1623960800901,-2.3056,-7.5213,5.5828,0.1329,0.0887,0.1446
1623960800910,-2.2889,-7.4854,5.6402,0.0829,0.1083,0.1495
1623960800918,-2.2865,-7.4448,5.7407,0.0279,0.1303,0.1458
1623960800928,-2.3655,-7.3873,5.7670,-0.0051,0.1498,0.1312
1623960800937,-2.3607,-7.3156,5.7335,-0.0197,0.1620,0.1202
1623960800947,-2.4181,-7.2964,5.6713,-0.0161,0.1755,0.1153
1623960800958,-2.4061,-7.3538,5.6282,0.0108,0.1926,0.1019
1623960800968,-2.4731,-7.4280,5.5923,0.0548,0.2109,0.0847
1623960800978,-2.5282,-7.5381,5.5253,0.1000,0.2194,0.0762
1623960800987,-2.5354,-7.5955,5.4799,0.1329,0.2243,0.0811
1623960800997,-2.5760,-7.4974,5.4990,0.1342,0.2256,0.0860
1623960801007,-2.5928,-7.2127,5.4775,0.1171,0.2280,0.0835
1623960801016,-2.5904,-7.0452,5.4583,0.0975,0.2317,0.0725
1623960801026,-2.6119,-7.0691,5.5469,0.0694,0.2488,0.0567
1623960801035,-2.6454,-7.1002,5.6115,0.0401,0.2695,0.0420
1623960801044,-2.7388,-7.1265,5.5182,0.0438,0.2842,0.0286
1623960801054,-2.7483,-7.1289,5.4512,0.0768,0.2940,0.0103
1623960801064,-2.7603,-7.0667,5.4249,0.1085,0.3086,-0.0117
1623960801074,-2.8177,-7.0739,5.3387,0.1269,0.3160,-0.0325
1623960801083,-2.7986,-7.1337,5.2621,0.1049,0.3245,-0.0460
1623960801093,-2.9086,-7.4113,5.2454,0.0743,0.3343,-0.0435
1623960801103,-2.9924,-7.7056,5.3339,0.1134,0.3380,-0.0447
1623960801112,-2.8967,-7.5094,5.4249,0.1562,0.3245,-0.0557
1623960801122,-2.7914,-7.1887,5.3961,0.1818,0.3013,-0.0594
1623960801131,-2.7794,-6.9686,5.2861,0.1660,0.3013,-0.0667
1623960801141,-2.8584,-6.9279,5.2167,0.1073,0.3172,-0.0826
1623960801149,-2.9589,-7.0619,5.1951,0.0401,0.3318,-0.0960
1623960801158,-3.0115,-7.2294,5.1449,-0.0051,0.3331,-0.0985
1623960801168,-3.0211,-7.2964,5.1210,-0.0075,0.3233,-0.0973
1623960801178,-3.0163,-7.3586,5.1616,0.0267,0.3099,-0.1022
1623960801190,-3.0690,-7.3227,5.3267,0.0927,0.3086,-0.1180
1623960801198,-3.1001,-7.1696,5.4225,0.1574,0.2976,-0.1364
1623960801208,-3.0929,-7.0452,5.4392,0.1953,0.2903,-0.1510
1623960801218,-3.1240,-7.0835,5.3148,0.2026,0.2928,-0.1583
1623960801228,-3.1384,-7.2103,5.2430,0.1660,0.3062,-0.1632
1623960801237,-3.1886,-7.2964,5.2358,0.1342,0.3196,-0.1620
1623960801247,-3.1862,-7.2318,5.2645,0.1464,0.3160,-0.1706
1623960801256,-3.1838,-7.0643,5.3052,0.1696,0.3037,-0.1865
1623960801266,-3.1599,-6.8537,5.3315,0.2038,0.3037,-0.2097
1623960801276,-3.2125,-6.7604,5.3507,0.2417,0.3050,-0.2439
1623960801285,-3.2532,-6.7891,5.2358,0.2527,0.2940,-0.2720
1623960801295,-3.1647,-6.9207,5.1353,0.2221,0.2915,-0.2817
1623960801304,-3.0857,-7.0787,5.0946,0.1770,0.2989,-0.2866
1623960801314,-3.0139,-7.1720,5.1401,0.1623,0.3025,-0.3086
1623960801323,-3.0379,-7.0595,5.1377,0.1794,0.2952,-0.3331
1623960801333,-3.0594,-6.9782,5.1640,0.2356,0.2854,-0.3587
1623960801343,-3.0666,-6.8920,5.1808,0.2991,0.2781,-0.3954
1623960801352,-3.0307,-7.0164,5.1664,0.3260,0.2720,-0.4271
1623960801362,-2.8895,-7.1792,5.1473,0.2942,0.2585,-0.4357
1623960801372,-2.7986,-7.2174,5.2047,0.2185,0.2500,-0.4198
1623960801381,-2.7364,-7.1289,5.2573,0.1391,0.2390,-0.4174
1623960801389,-2.7388,-7.0188,5.3219,0.1085,0.2341,-0.4406
1623960801398,-2.8273,-6.9758,5.3196,0.1293,0.2256,-0.4699
1623960801408,-2.9015,-7.1289,5.1736,0.1928,0.2158,-0.4919
1623960801418,-2.9158,-7.3706,5.1975,0.2796,0.2085,-0.5163
1623960801430,-2.8680,-7.6147,5.1808,0.3419,0.1877,-0.5261
1623960801439,-2.7938,-7.5285,5.1162,0.3565,0.1571,-0.5041
1623960801448,-2.8034,-7.2198,5.0492,0.3614,0.1290,-0.4845
1623960801458,-2.8273,-7.0858,5.0970,0.4091,0.1083,-0.4992
1623960801467,-2.8321,-7.0547,5.2693,0.4579,0.0936,-0.5310
1623960801477,-2.7770,-7.2653,5.4631,0.5422,0.0802,-0.5615
1623960801487,-2.7244,-7.5381,5.6163,0.6424,0.0704,-0.5823
1623960801496,-2.6406,-7.4280,5.6163,0.6876,0.0521,-0.5774
1623960801506,-2.6430,-7.1169,5.4105,0.6681,0.0203,-0.5603
1623960801516,-2.6574,-6.9423,5.1497,0.6058,-0.0127,-0.5627
1623960801525,-2.5330,-6.9925,5.1736,0.4518,-0.0261,-0.5566
1623960801535,-2.4085,-7.1528,5.2502,0.2759,-0.0188,-0.5346
1623960801544,-2.3296,-7.3826,5.6210,0.1782,-0.0176,-0.5359
1623960801554,-2.3080,-7.5381,5.8388,0.1733,-0.0224,-0.5652
1623960801563,-2.2530,-7.6625,6.0326,0.2441,-0.0212,-0.5811
1623960801573,-2.2769,-7.7510,6.0637,0.3651,-0.0188,-0.5713
1623960801583,-2.3368,-7.6218,5.9967,0.4787,-0.0237,-0.5591
1623960801592,-2.3822,-7.3706,5.8699,0.5667,-0.0359,-0.5542
1623960801602,-2.3846,-7.1385,5.7957,0.6082,-0.0481,-0.5505
1623960801612,-2.3152,-7.0356,5.9178,0.6070,-0.0530,-0.5554
1623960801623,-2.2123,-6.9806,6.0422,0.5642,-0.0554,-0.5725
1623960801629,-1.9802,-7.0069,6.0924,0.4812,-0.0530,-0.5786
1623960801639,-1.7050,-7.0356,6.0972,0.3504,-0.0481,-0.5603
1623960801649,-1.5734,-6.8992,6.0637,0.1867,-0.0493,-0.5346
1623960801658,-1.5687,-6.8178,6.0326,0.0401,-0.0469,-0.5249
1623960801670,-1.6237,-6.9829,5.9895,-0.0478,-0.0347,-0.5444
1623960801679,-1.6380,-7.4304,5.9776,-0.0540,-0.0176,-0.5762
1623960801688,-1.5734,-7.9568,6.0518,0.0083,-0.0017,-0.5884
1623960801698,-1.4442,-8.1507,6.0829,0.1207,-0.0066,-0.5835
1623960801708,-1.2145,-7.9018,6.0278,0.2185,-0.0359,-0.5603
1623960801718,-1.0686,-7.5333,5.9082,0.2710,-0.0603,-0.5224
1623960801727,-1.0446,-7.2486,5.8747,0.2600,-0.0725,-0.4955
1623960801737,-1.1068,-7.2031,5.8699,0.2026,-0.0725,-0.4797
1623960801746,-1.1188,-7.4017,5.9656,0.1550,-0.0689,-0.4748
1623960801756,-1.0231,-7.7415,6.0183,0.1085,-0.0627,-0.4736
1623960801765,-0.8436,-8.0023,6.0996,0.0853,-0.0567,-0.4540
1623960801775,-0.7025,-7.9281,6.1882,0.0841,-0.0640,-0.4125
1623960801785,-0.6570,-7.6194,6.2719,0.1110,-0.0762,-0.3868
1623960801794,-0.6498,-7.3323,6.2815,0.1708,-0.0799,-0.3856
1623960801803,-0.6785,-7.2462,6.2743,0.2295,-0.0652,-0.3819
1623960801814,-0.7623,-7.3778,6.1977,0.2906,-0.0469,-0.3770
1623960801823,-0.8293,-7.6099,6.1810,0.3675,-0.0505,-0.3758
1623960801832,-0.7910,-7.6314,6.2240,0.3907,-0.0701,-0.3526
1623960801842,-0.6666,-7.3156,6.2312,0.3455,-0.1006,-0.3123
1623960801852,-0.5134,-6.9279,6.2097,0.2356,-0.1202,-0.2830
1623960801862,-0.4393,-6.7173,6.2145,0.1000,-0.1226,-0.2744
1623960801871,-0.5134,-6.7820,6.3078,-0.0246,-0.0957,-0.2817
1623960801879,-0.5780,-7.0835,6.4298,-0.0796,-0.0774,-0.3050
1623960801888,-0.5996,-7.4807,6.5327,-0.0381,-0.0701,-0.3257
1623960801898,-0.5541,-7.6123,6.5327,0.0450,-0.0750,-0.3270
1623960801908,-0.4680,-7.4472,6.5088,0.1049,-0.0909,-0.3062
1623960801917,-0.3770,-7.1074,6.5064,0.1049,-0.1067,-0.2842
1623960801927,-0.3316,-6.9136,6.4466,0.0303,-0.1067,-0.2671
1623960801938,-0.2885,-6.9255,6.2791,-0.0735,-0.0921,-0.2610
1623960801948,-0.2957,-7.2509,6.1666,-0.1211,-0.0518,-0.2573
1623960801958,-0.3699,-7.6314,6.2408,-0.0710,-0.0298,-0.2598
1623960801967,-0.3818,-7.6697,6.4633,0.0401,-0.0383,-0.2622
1623960801977,-0.4105,-7.3490,6.5208,0.1537,-0.0615,-0.2378
1623960801987,-0.2813,-6.9375,6.6308,0.1488,-0.0872,-0.2133
1623960801996,-0.2430,-6.9447,6.5543,0.0157,-0.0750,-0.1865
1623960802006,-0.3507,-7.0882,6.5614,-0.1932,-0.0322,-0.1693
1623960802016,-0.3053,-7.3084,6.5040,-0.3325,-0.0005,-0.1693
1623960802025,-0.1784,-7.5692,6.5160,-0.3484,0.0252,-0.1742
1623960802035,-0.1617,-7.6960,6.4250,-0.2971,0.0399,-0.1632
1623960802044,-0.1665,-7.6003,6.4155,-0.2470,0.0399,-0.1388
1623960802054,-0.2383,-7.4783,6.4370,-0.2152,0.0350,-0.1205
1623960802063,-0.2622,-7.2605,6.4298,-0.2396,0.0313,-0.1046
1623960802073,-0.2311,-7.2797,6.3437,-0.3129,0.0386,-0.0875
1623960802083,-0.3029,-7.5022,6.2193,-0.3863,0.0570,-0.0814
1623960802092,-0.4057,-7.7439,6.1906,-0.3936,0.0631,-0.0826
1623960802102,-0.5039,-7.8539,6.2001,-0.3349,0.0521,-0.0814
1623960802112,-0.4704,-7.6577,6.1906,-0.2458,0.0313,-0.0667
1623960802119,-0.4129,-7.4184,6.1810,-0.1627,0.0130,-0.0545
1623960802129,-0.4297,-7.2462,6.1618,-0.1248,0.0093,-0.0545
1623960802139,-0.4416,-7.2725,6.0039,-0.1309,0.0081,-0.0569
1623960802148,-0.4775,-7.5165,5.9632,-0.1468,0.0154,-0.0582
1623960802160,-0.4967,-7.6673,6.0087,-0.1468,0.0130,-0.0557
1623960802169,-0.5493,-7.6434,6.1164,-0.1236,-0.0017,-0.0533
1623960802179,-0.5182,-7.5046,6.1762,-0.0979,-0.0115,-0.0508
1623960802188,-0.4727,-7.3443,6.2169,-0.1028,-0.0151,-0.0496
1623960802198,-0.4584,-7.2940,6.1594,-0.1309,-0.0066,-0.0521
1623960802208,-0.4297,-7.3156,6.0709,-0.1590,0.0032,-0.0557
1623960802217,-0.3723,-7.4089,5.9919,-0.1761,0.0081,-0.0655
1623960802227,-0.3651,-7.4783,5.9106,-0.1786,0.0057,-0.0777
1623960802237,-0.3340,-7.5213,5.8029,-0.1908,-0.0115,-0.0741
1623960802246,-0.2813,-7.5883,5.7981,-0.2164,-0.0224,-0.0606
1623960802256,-0.2933,-7.5620,5.8532,-0.2299,-0.0151,-0.0582
1623960802263,-0.2598,-7.5811,5.9465,-0.1810,-0.0115,-0.0716
1623960802275,-0.1090,-7.7415,5.8149,-0.1285,-0.0151,-0.0679
1623960802284,-0.0372,-7.8970,5.6234,-0.0943,0.0020,-0.0435
1623960802294,-0.0396,-8.0119,5.6522,-0.0185,0.0228,-0.0240
1623960802304,-0.1760,-7.9473,5.6330,0.0487,0.0166,-0.0203
1623960802313,-0.2048,-7.6386,5.8867,0.0743,0.0130,-0.0056
1623960802323,-0.1689,-7.3490,5.9489,0.0450,0.0069,0.0127
1623960802332,-0.1928,-7.2174,5.6665,-0.0405,0.0142,0.0151
1623960802342,-0.1784,-7.4854,5.7000,-0.1346,0.0252,0.0188
1623960802352,-0.3962,-7.7941,5.6139,-0.1883,0.0301,0.0347
1623960802362,-0.5374,-7.8683,5.6952,-0.1798,0.0179,0.0359
1623960802369,-0.5039,-7.7845,5.8197,-0.1175,0.0007,0.0322
1623960802379,-0.3579,-7.5740,5.9800,-0.0637,-0.0090,0.0249
1623960802388,-0.2454,-7.5261,6.1044,-0.0674,-0.0090,0.0322
1623960802398,-0.3029,-7.5333,6.1523,-0.1040,-0.0005,0.0310
1623960802411,-0.3483,-7.6505,6.1331,-0.1431,0.0105,0.0261
1623960802419,-0.4345,-7.6481,6.0135,-0.1798,0.0142,0.0273
1623960802428,-0.4584,-7.6840,5.9034,-0.2042,0.0069,0.0383
1623960802438,-0.4057,-7.7391,5.9225,-0.2128,0.0044,0.0408
1623960802448,-0.4321,-7.7869,5.9824,-0.2250,0.0117,0.0396
1623960802457,-0.3914,-7.8587,6.0207,-0.2323,0.0117,0.0432
1623960802467,-0.3699,-7.8396,6.0518,-0.2274,0.0057,0.0481
1623960802477,-0.3435,-7.8037,6.0087,-0.2274,-0.0029,0.0518
1623960802486,-0.3938,-7.6721,5.9058,-0.2372,-0.0078,0.0481
1623960802496,-0.3794,-7.5859,5.7622,-0.2641,-0.0115,0.0481
1623960802506,-0.4010,-7.6338,5.6761,-0.2995,-0.0053,0.0444
1623960802515,-0.4297,-7.7630,5.6593,-0.3618,0.0020,0.0432
1623960802525,-0.4249,-7.8755,5.7024,-0.4131,0.0105,0.0493
1623960802534,-0.3794,-8.0573,5.8555,-0.4131,0.0142,0.0542
1623960802544,-0.4010,-8.0621,5.8723,-0.4107,0.0154,0.0530
1623960802553,-0.4512,-8.1195,5.9202,-0.4082,0.0215,0.0579
1623960802563,-0.5086,-8.1147,5.8292,-0.4156,0.0289,0.0689
1623960802573,-0.4584,-8.0238,5.7670,-0.4473,0.0399,0.0774
1623960802583,-0.4632,-7.9544,5.6474,-0.4987,0.0484,0.0835
1623960802592,-0.4680,-7.8946,5.5708,-0.5805,0.0545,0.0957
1623960802603,-0.5565,-7.8492,5.4033,-0.6758,0.0570,0.1043
1623960802609,-0.5445,-7.8731,5.3411,-0.7723,0.0606,0.1116
1623960802619,-0.5685,-8.0358,5.2573,-0.8591,0.0753,0.1141
1623960802628,-0.5613,-8.2272,5.2167,-0.9202,0.0875,0.1116
1623960802638,-0.5206,-8.4904,5.2286,-0.9409,0.1034,0.1104
1623960802648,-0.5206,-8.5814,5.1760,-0.9360,0.1119,0.1165
1623960802659,-0.5900,-8.5909,5.0635,-0.9055,0.1205,0.1287
1623960802669,-0.6020,-8.5000,4.9965,-0.8676,0.1290,0.1336
1623960802678,-0.5972,-8.3947,4.8745,-0.8554,0.1278,0.1385
1623960802687,-0.5708,-8.4210,4.8290,-0.8456,0.1303,0.1446
1623960802697,-0.5374,-8.5694,4.7692,-0.8517,0.1364,0.1458
1623960802707,-0.5326,-8.6244,4.6448,-0.8530,0.1425,0.1471
1623960802717,-0.5708,-8.5861,4.3887,-0.8542,0.1376,0.1544
1623960802726,-0.6426,-8.6077,4.1949,-0.8420,0.1278,0.1593
1623960802736,-0.6738,-8.7010,4.0801,-0.8407,0.1083,0.1691
1623960802746,-0.6163,-8.8230,4.0633,-0.8310,0.0936,0.1825
1623960802755,-0.5948,-8.9259,4.0131,-0.7992,0.0851,0.1910
1623960802764,-0.5350,-9.0360,4.0681,-0.7247,0.0728,0.1935
1623960802774,-0.5039,-9.1245,3.9413,-0.6257,0.0570,0.1996
1623960802784,-0.5086,-9.2370,3.8934,-0.5121,0.0435,0.2118
1623960802794,-0.4656,-9.2633,3.8025,-0.4082,0.0313,0.2326
1623960802803,-0.4393,-9.2131,3.6805,-0.3264,0.0215,0.2583
1623960802813,-0.4512,-9.1341,3.6254,-0.2702,0.0057,0.2851
1623960802822,-0.4129,-9.0192,3.4603,-0.2372,-0.0127,0.3059
1623960802832,-0.4105,-9.0886,3.3790,-0.1993,-0.0285,0.3267
1623960802840,-0.4105,-9.1341,3.3718,-0.1712,-0.0444,0.3474
1623960802849,-0.4393,-9.1102,3.4149,-0.1407,-0.0689,0.3682
1623960802859,-0.4799,-9.1078,3.4197,-0.1101,-0.0896,0.3877
1623960802868,-0.4034,-9.1963,3.4005,-0.1028,-0.1067,0.4146
1623960802878,-0.3603,-9.2801,3.3670,-0.1077,-0.1177,0.4452
1623960802891,-0.3387,-9.2298,3.3359,-0.1126,-0.1226,0.4696
1623960802899,-0.3746,-9.1867,3.2809,-0.1004,-0.1287,0.4953
1623960802908,-0.4034,-9.3016,3.1780,-0.0796,-0.1397,0.5197
1623960802919,-0.3029,-9.4140,3.1134,-0.0784,-0.1544,0.5563
1623960802928,-0.1736,-9.5050,3.0368,-0.0906,-0.1752,0.6015
1623960802938,-0.0971,-9.5122,3.1014,-0.0992,-0.1898,0.6431
1623960802947,-0.0492,-9.2944,3.1182,-0.1114,-0.2008,0.6810
1623960802957,-0.0684,-9.1437,3.0918,-0.1101,-0.2069,0.7103
1623960802966,-0.2071,-9.0312,3.0583,-0.0882,-0.2008,0.7249
1623960802974,-0.4895,-8.8661,3.0081,-0.0527,-0.1996,0.7433
1623960802984,-0.8317,-8.7656,2.9626,0.0120,-0.2094,0.7591
1623960802993,-1.1332,-8.6292,2.9722,0.0939,-0.2265,0.7604
1623960803006,-1.3389,-8.5455,3.0129,0.1586,-0.2533,0.7604
1623960803015,-1.4371,-8.4426,3.0368,0.1794,-0.2814,0.7616
1623960803024,-1.3820,-8.3373,3.1923,0.1501,-0.3047,0.7714
1623960803034,-1.3342,-8.3205,3.4125,0.1000,-0.3156,0.7714
1623960803043,-1.3270,-8.3469,3.6015,0.0462,-0.3059,0.7591
1623960803053,-1.4035,-8.3947,3.6685,0.0401,-0.2876,0.7518
1623960803063,-1.6692,-8.2822,3.6972,0.1012,-0.2668,0.7286
1623960803073,-2.0113,-8.1817,3.6374,0.2234,-0.2582,0.6920
1623960803080,-2.3224,-8.2153,3.5680,0.3455,-0.2692,0.6577
1623960803090,-2.5808,-8.2320,3.6446,0.4347,-0.2973,0.6431
1623960803099,-2.7435,-8.1243,3.8145,0.4689,-0.3438,0.6333
1623960803109,-2.7962,-7.9736,4.0753,0.4384,-0.3926,0.6199
1623960803119,-2.7579,-7.8802,4.3050,0.3370,-0.4281,0.6211
1623960803130,-2.7531,-8.0071,4.4318,0.1989,-0.4390,0.6223
1623960803139,-2.6670,-8.0765,4.5060,0.0462,-0.4183,0.6297
1623960803149,-2.6957,-8.0549,4.4653,-0.0283,-0.3890,0.6333
1623960803159,-2.9397,-7.9042,4.3002,-0.0185,-0.3596,0.6040
1623960803168,-3.2700,-7.7798,4.1016,0.0645,-0.3511,0.5551
1623960803178,-3.6265,-7.7678,3.9939,0.1623,-0.3645,0.5062
1623960803187,-3.7940,-7.6673,4.0705,0.2344,-0.3987,0.4720
1623960803197,-3.7390,-7.5094,4.4629,0.2515,-0.4500,0.4476
1623960803207,-3.5691,-7.3490,4.7979,0.2209,-0.4965,0.4207
1623960803216,-3.3896,-7.3538,5.0061,0.1501,-0.5111,0.4024
1623960803226,-3.3322,-7.4041,5.1186,0.0450,-0.4989,0.3975
1623960803236,-3.3633,-7.4902,5.0324,-0.0368,-0.4708,0.3914
1623960803245,-3.4518,-7.7223,4.7477,-0.0430,-0.4488,0.3768
1623960803255,-3.6121,-7.7247,4.5395,-0.0222,-0.4403,0.3706
1623960803264,-3.7246,-7.5668,4.2595,0.0462,-0.4574,0.3596
1623960803274,-3.7174,-7.3921,4.2045,0.1146,-0.4879,0.3193
1623960803283,-3.5954,-7.1744,4.5467,0.1281,-0.5111,0.2839
1623960803293,-3.4255,-7.0284,4.8745,0.0939,-0.5221,0.2595
1623960803302,-3.2484,-7.1792,5.1186,0.0474,-0.5075,0.2204
1623960803312,-3.1503,-7.4854,5.2789,0.0059,-0.4659,0.1984
1623960803322,-3.1527,-7.7128,5.2358,0.0218,-0.4268,0.1996
1623960803330,-3.2101,-7.7439,5.0492,0.1036,-0.3951,0.1874
1623960803339,-3.2700,-7.6410,4.8314,0.2038,-0.3780,0.1788
1623960803349,-3.3250,-7.3921,4.7596,0.2771,-0.3780,0.1776
1623960803359,-3.3800,-7.0930,4.7668,0.3077,-0.3841,0.1629
1623960803368,-3.4351,-6.8896,4.8290,0.2869,-0.3963,0.1422
1623960803379,-3.4135,-6.9112,4.9678,0.2112,-0.4061,0.1300
1623960803389,-3.2724,-7.0715,5.0611,0.0988,-0.4012,0.1239
1623960803399,-3.0905,-7.2677,5.1018,-0.0112,-0.3877,0.1190
1623960803408,-3.0498,-7.4376,5.1066,-0.0833,-0.3682,0.1019
1623960803418,-3.1025,-7.4615,5.0994,-0.0833,-0.3511,0.0811
1623960803428,-3.1671,-7.4400,5.0827,-0.0246,-0.3462,0.0615
1623960803437,-3.1838,-7.3826,5.0109,0.0633,-0.3560,0.0383
1623960803447,-3.0737,-7.4184,4.9989,0.1159,-0.3548,0.0212
1623960803457,-3.0067,-7.5357,5.1329,0.1452,-0.3450,0.0103
1623960803466,-2.9493,-7.6314,5.2167,0.1476,-0.3291,0.0103
1623960803476,-2.8273,-7.6410,5.3124,0.1293,-0.3230,0.0127
1623960803485,-2.6718,-7.5716,5.3913,0.0853,-0.3059,0.0188
1623960803495,-2.6359,-7.5883,5.3004,0.0132,-0.2778,0.0224
1623960803505,-2.5760,-7.7199,5.3291,-0.0833,-0.2399,0.0273
1623960803514,-2.5378,-7.9066,5.2597,-0.1700,-0.2008,0.0469
1623960803524,-2.5019,-8.0573,5.2023,-0.1847,-0.1629,0.0481
1623960803533,-2.4779,-8.1507,5.2262,-0.1456,-0.1312,0.0286
1623960803543,-2.4133,-8.1147,5.2765,-0.0955,-0.1019,0.0359
1623960803553,-2.3559,-8.0166,5.2645,-0.0246,-0.0799,0.0469
1623960803562,-2.2793,-7.9138,5.2071,0.0181,-0.0530,0.0408
1623960803570,-2.2817,-7.9329,5.1688,0.0303,-0.0176,0.0481
1623960803580,-2.3607,-8.0286,5.1114,0.0255,0.0093,0.0640
1623960803590,-2.3679,-8.1171,5.1736,0.0132,0.0276,0.0835
1623960803599,-2.3774,-8.0741,5.1951,0.0096,0.0386,0.1068
1623960803610,-2.3774,-8.0095,5.1832,0.0340,0.0447,0.1141
1623960803620,-2.3942,-7.9257,5.1234,0.0560,0.0447,0.1129
1623960803630,-2.4181,-7.8085,5.0755,0.0597,0.0435,0.1177
1623960803639,-2.4301,-7.7582,5.0276,0.0597,0.0423,0.1190
1623960803649,-2.4564,-7.8037,5.0611,0.0743,0.0472,0.1006
1623960803658,-2.5019,-7.8731,5.0898,0.0780,0.0496,0.0909
1623960803668,-2.4875,-7.8994,5.1090,0.0780,0.0447,0.0921
1623960803678,-2.4564,-7.8755,5.1904,0.0670,0.0435,0.0884
1623960803687,-2.4564,-7.8228,5.2550,0.0511,0.0521,0.0835
1623960803697,-2.4755,-7.8180,5.2119,0.0426,0.0631,0.0823
1623960803706,-2.5090,-7.8252,5.1568,0.0450,0.0692,0.0725
1623960803716,-2.5186,-7.8061,5.1042,0.0474,0.0728,0.0713
1623960803726,-2.5425,-7.7941,5.0611,0.0597,0.0826,0.0750
1623960803735,-2.5617,-7.7439,5.1425,0.0731,0.0887,0.0689
1623960803745,-2.5856,-7.6745,5.2597,0.0853,0.0985,0.0640
1623960803754,-2.5880,-7.5811,5.2597,0.0914,0.1022,0.0579
1623960803764,-2.6383,-7.5548,5.2478,0.0890,0.1107,0.0481
1623960803772,-2.6550,-7.5213,5.3291,0.0939,0.1266,0.0383
1623960803828,-2.6885,-7.4472,5.3770,0.0853,0.1437,0.0249
1623960803829,-2.6909,-7.3969,5.4009,0.0890,0.1608,0.0115
1623960803830,-2.7316,-7.3371,5.3435,0.0939,0.1828,0.0017
1623960803831,-2.8105,-7.3347,5.2454,0.0939,0.1950,-0.0032
1623960803832,-2.8799,-7.3419,5.2526,0.0927,0.2060,-0.0154
1623960803832,-2.8991,-7.3490,5.3196,0.0939,0.2243,-0.0301
1623960803846,-2.8919,-7.3395,5.3219,0.1073,0.2402,-0.0411
1623960803850,-2.9039,-7.3036,5.3148,0.1244,0.2524,-0.0533
1623960803858,-2.9015,-7.3203,5.2669,0.1464,0.2708,-0.0643
1623960803868,-2.9972,-7.3227,5.2526,0.1623,0.2952,-0.0838
1623960803881,-3.0737,-7.3969,5.3818,0.1745,0.3135,-0.1034
1623960803889,-3.0426,-7.3993,5.3674,0.1708,0.3208,-0.1095
1623960803898,-3.0546,-7.3778,5.3913,0.1623,0.3282,-0.1144
1623960803907,-3.1216,-7.2342,5.2885,0.1391,0.3331,-0.1266
1623960803918,-3.2317,-7.2127,5.1401,0.1207,0.3392,-0.1413
1623960803927,-3.3011,-7.2773,5.0898,0.0988,0.3441,-0.1547
1623960803936,-3.3417,-7.3562,5.0683,0.0743,0.3465,-0.1669
1623960803944,-3.3489,-7.3203,5.1018,0.0853,0.3428,-0.1828
1623960803954,-3.3154,-7.1768,5.1449,0.1146,0.3318,-0.2023
1623960803966,-3.2700,-7.0835,5.0779,0.1342,0.3294,-0.2256
1623960803975,-3.1623,-7.2031,5.0276,0.1403,0.3331,-0.2414
1623960803985,-3.1671,-7.4687,4.9750,0.1220,0.3453,-0.2426
1623960803994,-3.1742,-7.6553,4.8410,0.0975,0.3367,-0.2353
1623960804004,-3.1742,-7.7271,4.7357,0.0780,0.3196,-0.2280
1623960804014,-3.1575,-7.6529,4.6998,0.0609,0.3135,-0.2292
1623960804023,-3.1240,-7.4208,4.7381,0.0792,0.3074,-0.2451
1623960804031,-3.1168,-7.1863,4.7883,0.1159,0.2964,-0.2781
1623960804043,-3.1144,-7.1241,4.7836,0.1354,0.2854,-0.3111
1623960804053,-3.0570,-7.2174,4.7812,0.1134,0.2781,-0.3233
1623960804060,-2.9326,-7.3586,4.7261,0.0597,0.2708,-0.3257
1623960804070,-2.8010,-7.4807,4.6591,-0.0039,0.2598,-0.3270
1623960804080,-2.7531,-7.4830,4.5467,-0.0552,0.2488,-0.3282
1623960804089,-2.7579,-7.4160,4.4940,-0.0686,0.2427,-0.3355
1623960804100,-2.7986,-7.4735,4.4629,-0.0381,0.2317,-0.3514
1623960804108,-2.7914,-7.5644,4.4869,0.0365,0.2207,-0.3758
1623960804120,-2.8225,-7.7247,4.5108,0.1464,0.2085,-0.3929
1623960804129,-2.8751,-7.8156,4.5682,0.2625,0.1852,-0.4039
1623960804139,-2.8871,-7.7199,4.6544,0.3468,0.1584,-0.4039
1623960804149,-2.8129,-7.5788,4.7740,0.3797,0.1327,-0.3954
1623960804158,-2.6837,-7.4639,4.8242,0.3688,0.1144,-0.3905
1623960804168,-2.5976,-7.5070,4.8410,0.3468,0.1058,-0.4015
1623960804177,-2.6598,-7.6123,4.8266,0.3578,0.1119,-0.4161
1623960804186,-2.7651,-7.7558,4.8889,0.4457,0.1156,-0.4381
1623960804197,-2.8201,-7.8946,4.9128,0.5923,0.0936,-0.4675
1623960804206,-2.8129,-7.7487,4.9080,0.7243,0.0582,-0.4809
1623960804216,-2.7483,-7.4759,4.9415,0.8012,0.0228,-0.4748
1623960804226,-2.6765,-7.1863,4.9941,0.8110,-0.0163,-0.4748
1623960804235,-2.6167,-7.0380,5.0085,0.7524,-0.0432,-0.4907
1623960804245,-2.5904,-7.0811,5.1210,0.6436,-0.0530,-0.5029
1623960804254,-2.5210,-7.4089,5.3315,0.5398,-0.0469,-0.5065
1623960804263,-2.4301,-7.7630,5.4918,0.4982,-0.0457,-0.5175
1623960804273,-2.3750,-7.8515,5.5852,0.5068,-0.0518,-0.5224
1623960804283,-2.3607,-7.7319,5.6402,0.5496,-0.0615,-0.5151
1623960804294,-2.3559,-7.4926,5.6450,0.5936,-0.0676,-0.5224
1623960804301,-2.2961,-7.3466,5.6713,0.6143,-0.0664,-0.5383
1623960804310,-2.2363,-7.4448,5.6426,0.5654,-0.0579,-0.5395
1623960804320,-2.1262,-7.6625,5.6067,0.4714,-0.0481,-0.5298
1623960804329,-2.0329,-7.6481,5.5038,0.3455,-0.0481,-0.5200
1623960804342,-1.8199,-7.4687,5.4942,0.1953,-0.0542,-0.5017
1623960804350,-1.6716,-7.4591,5.5277,0.0694,-0.0457,-0.4748
1623960804360,-1.6428,-7.6123,5.5493,-0.0185,-0.0371,-0.4589
1623960804370,-1.7194,-7.9568,5.6043,-0.0442,-0.0212,-0.4552
1623960804379,-1.7553,-8.3229,5.7670,0.0022,-0.0212,-0.4540
1623960804389,-1.6596,-8.5000,5.8962,0.1159,-0.0261,-0.4357
1623960804398,-1.5376,-8.3660,5.9872,0.2295,-0.0383,-0.4027
1623960804407,-1.4562,-8.0238,5.9249,0.2857,-0.0469,-0.3770
1623960804418,-1.4035,-7.6912,5.8914,0.2661,-0.0457,-0.3526
1623960804427,-1.4155,-7.5500,5.8101,0.1806,-0.0310,-0.3221
1623960804437,-1.4251,-7.7008,5.8579,0.1122,-0.0115,-0.3050
1623960804446,-1.4347,-7.9496,5.8316,0.0975,0.0032,-0.3062
1623960804456,-1.4203,-8.0262,5.7431,0.1232,0.0032,-0.3062
1623960804466,-1.3868,-7.8970,5.7335,0.1635,-0.0066,-0.2915
1623960804475,-1.3342,-7.6434,5.7144,0.1867,-0.0261,-0.2781
1623960804485,-1.2337,-7.3323,5.8077,0.1464,-0.0298,-0.2720
1623960804494,-1.1451,-7.2198,5.8221,0.0645,-0.0249,-0.2659
1623960804504,-1.0614,-7.3514,5.6713,-0.0246,-0.0139,-0.2695
1623960804513,-1.0375,-7.7582,5.6713,-0.0649,0.0105,-0.2842
1623960804523,-1.0614,-8.1267,5.7263,-0.0088,0.0215,-0.2927
1623960804533,-1.0446,-8.1985,5.8484,0.1097,0.0203,-0.2842
1623960804543,-0.9370,-7.8970,5.9704,0.2539,0.0044,-0.2659
1623960804550,-0.8317,-7.4496,6.0183,0.3504,-0.0151,-0.2524
1623960804560,-0.8101,-7.1385,5.9848,0.3761,-0.0188,-0.2512
1623960804570,-0.8269,-7.0356,5.9393,0.3199,-0.0163,-0.2512
1623960804579,-0.8795,-7.0906,5.8125,0.2258,-0.0139,-0.2463
1623960804591,-0.8341,-7.3060,5.8627,0.1440,-0.0151,-0.2439
1623960804600,-0.7479,-7.4113,5.9489,0.0878,-0.0151,-0.2451
1623960804610,-0.6833,-7.4639,5.9752,0.0719,-0.0176,-0.2426
1623960804619,-0.6235,-7.3538,5.8651,0.0658,-0.0261,-0.2488
1623960804629,-0.5182,-7.3562,5.7933,0.0426,-0.0237,-0.2475
1623960804638,-0.5326,-7.4639,5.8460,0.0193,-0.0139,-0.2353
1623960804648,-0.5589,-7.5716,5.8675,0.0193,-0.0090,-0.2268
1623960804658,-0.5326,-7.6458,6.0183,0.0169,-0.0053,-0.2207
1623960804667,-0.4704,-7.6505,6.1475,0.0181,-0.0017,-0.2109
1623960804677,-0.4536,-7.5835,6.2001,0.0352,0.0044,-0.1999
1623960804687,-0.4943,-7.4974,6.1666,0.0670,0.0117,-0.1962
1623960804696,-0.4919,-7.3802,6.1188,0.0890,0.0142,-0.1938
1623960804706,-0.4775,-7.3802,5.9441,0.1049,0.0191,-0.1877
1623960804713,-0.4799,-7.4137,5.8221,0.0755,0.0264,-0.1755
1623960804723,-0.5374,-7.3897,5.7742,0.0291,0.0325,-0.1608
1623960804734,-0.6211,-7.2366,5.7263,-0.0234,0.0325,-0.1535
1623960804744,-0.7144,-7.1528,5.7646,-0.0833,0.0301,-0.1596
1623960804754,-0.7862,-7.2270,5.8173,-0.1187,0.0313,-0.1657
1623960804763,-0.7958,-7.4759,5.9058,-0.1529,0.0276,-0.1706
1623960804773,-0.7360,-7.5979,5.9776,-0.1663,0.0228,-0.1791
1623960804784,-0.5972,-7.6817,5.8795,-0.1627,0.0179,-0.1693
1623960804790,-0.4704,-7.7056,5.7862,-0.1468,0.0203,-0.1547
1623960804800,-0.4680,-7.6888,5.7766,-0.1138,0.0191,-0.1498
1623960804810,-0.5804,-7.7726,5.7886,-0.0857,0.0130,-0.1413
