1624570073560,0.3049,3.1100,9.5381,0.2544,-0.0862,-0.0089
1624570073561,0.3049,3.3253,9.4902,0.1139,-0.0459,-0.0370
1624570073562,0.3552,3.0358,9.5429,-0.0290,0.0005,-0.0382
1624570073563,0.4126,2.6769,9.6410,-0.1060,0.0335,-0.0492
1624570073564,0.4652,2.4855,9.7630,-0.1023,0.0543,-0.0737
1624570073566,0.6758,2.5788,9.7702,-0.0596,0.0640,-0.1030
1624570073566,0.4916,2.9808,9.9018,-0.0498,0.0909,-0.1726
1624570073567,0.3336,3.0262,9.7941,-0.0486,0.1349,-0.1836
1624570073583,0.3408,2.9688,9.7702,-0.0852,0.1691,-0.1885
1624570073584,0.3528,2.8755,9.7894,-0.1243,0.1984,-0.1946
1624570073585,0.2690,2.6912,9.7678,-0.1280,0.2229,-0.2117
1624570073586,0.1757,2.6506,9.7750,-0.1170,0.2363,-0.2325
1624570073606,0.1302,2.6841,9.7894,-0.0913,0.2436,-0.2349
1624570073607,0.1805,2.7032,9.8492,-0.0510,0.2497,-0.2435
1624570073624,0.2475,2.7367,9.8946,-0.0168,0.2632,-0.2630
1624570073626,0.2355,2.7247,9.7822,-0.0095,0.2913,-0.2789
1624570073646,0.1374,2.6625,9.7894,-0.0095,0.3194,-0.2862
1624570073647,0.0106,2.6841,9.7415,-0.0119,0.3328,-0.2936
1624570073656,-0.0803,2.8707,9.6817,-0.0241,0.3401,-0.2960
1624570073657,-0.1402,2.9114,9.6697,-0.0327,0.3499,-0.3046
1624570073672,-0.1521,2.7702,9.5118,-0.0571,0.3646,-0.3229
1624570073676,-0.1497,2.6194,9.4759,-0.0877,0.3878,-0.3485
1624570073684,-0.0803,2.4639,9.5668,-0.1096,0.4073,-0.3595
1624570073698,-0.0349,2.3299,9.5907,-0.1255,0.4305,-0.3620
1624570073703,-0.2024,2.3251,9.5357,-0.1390,0.4501,-0.3754
1624570073713,-0.4799,2.3802,9.4902,-0.1500,0.4550,-0.3815
1624570073721,-0.6618,2.4424,9.4280,-0.1524,0.4501,-0.3803
1624570073733,-0.6881,2.5524,9.3443,-0.1585,0.4501,-0.3925
1624570073744,-0.6068,2.6434,9.3419,-0.1744,0.4477,-0.4133
1624570073752,-0.5134,2.5836,9.1648,-0.2086,0.4513,-0.4267
1624570073760,-0.4177,2.3945,9.1002,-0.2465,0.4672,-0.4499
1624570073770,-0.3507,2.1816,9.1529,-0.2734,0.4831,-0.4634
1624570073780,-0.3914,2.1672,9.2151,-0.2746,0.4928,-0.4719
1624570073789,-0.5517,2.2964,9.2103,-0.2367,0.4977,-0.5025
1624570073802,-0.6259,2.4256,9.2438,-0.2147,0.5002,-0.5391
1624570073810,-0.6618,2.4280,9.2534,-0.2465,0.5112,-0.5782
1624570073818,-0.7599,2.4089,9.1888,-0.3308,0.5368,-0.6161
1624570073827,-1.0159,2.2845,9.1194,-0.4236,0.5552,-0.6552
1624570073837,-1.2696,2.1696,9.0260,-0.4982,0.5613,-0.6918
1624570073847,-1.4873,2.1098,9.0452,-0.5177,0.5503,-0.7126
1624570073856,-1.5136,2.0930,9.2151,-0.4762,0.5295,-0.7248
1624570073866,-1.4012,2.2390,9.3084,-0.4359,0.5197,-0.7529
1624570073878,-1.3174,2.1744,9.2821,-0.4469,0.5405,-0.7969
1624570073887,-1.2504,1.9423,9.3347,-0.5360,0.5723,-0.8311
1624570073895,-1.2552,1.7341,9.4161,-0.6667,0.6065,-0.8421
1624570073904,-1.4035,1.7820,9.4161,-0.7657,0.6419,-0.8446
1624570073914,-1.6668,1.9136,9.2605,-0.8073,0.6676,-0.8678
1624570073923,-1.8343,2.0380,9.1577,-0.8402,0.6749,-0.9154
1624570073934,-1.9419,2.0571,9.2031,-0.9184,0.6834,-0.9411
1624570073946,-1.9252,2.0045,9.5429,-1.0589,0.6956,-0.9521
1624570073955,-1.8749,1.7844,9.7080,-1.2422,0.7091,-0.9582
1624570073962,-1.8103,1.6480,9.8779,-1.5024,0.7274,-0.9619
1624570073972,-1.8103,1.4972,9.8707,-1.8066,0.7506,-0.9692
1624570073981,-2.0257,1.1000,9.8205,-2.1035,0.7726,-0.9460
1624570073992,-2.4109,0.7554,9.6099,-2.4102,0.7922,-0.9081
1624570074002,-2.7388,0.4300,9.6458,-2.6704,0.8178,-0.8959
1624570074011,-2.9852,0.0304,9.6362,-2.7620,0.8142,-0.8995
1624570074020,-3.0690,-0.4123,9.5812,-2.6911,0.7946,-0.9008
1624570074029,-2.9876,-0.8884,9.7654,-2.5275,0.7751,-0.8971
1624570074040,-2.9948,-1.0846,10.2560,-2.3589,0.7800,-0.8885
1624570074050,-3.2197,-1.0918,10.4498,-2.2000,0.7629,-0.8604
1624570074060,-3.3896,-1.0176,10.3660,-2.0962,0.7457,-0.8201
1624570074069,-3.4709,-1.0655,10.3445,-2.0192,0.7543,-0.8103
1624570074080,-3.7509,-1.4220,10.6125,-1.9044,0.7763,-0.8177
1624570074089,-3.9112,-1.7163,10.4474,-1.7565,0.7641,-0.7884
1624570074098,-4.0620,-1.8336,10.5240,-1.6148,0.7592,-0.7419
1624570074108,-4.5166,-1.7187,9.7487,-1.4841,0.7274,-0.7090
1624570074117,-4.5549,-0.8214,8.9734,-1.4352,0.6663,-0.7090
1624570074127,-4.4424,-0.3548,8.4494,-1.3631,0.6248,-0.7566
1624570074137,-4.2678,-0.8143,8.2867,-1.2837,0.6040,-0.8238
1624570074146,-4.0692,-1.7068,8.2340,-1.2043,0.5882,-0.8470
1624570074156,-4.1481,-2.7285,8.5571,-1.0076,0.5698,-0.8201
1624570074165,-4.2127,-3.6091,9.3898,-0.6802,0.5197,-0.8091
1624570074175,-4.4113,-3.3793,8.4374,-0.3491,0.4550,-0.8165
1624570074185,-4.0405,-2.9510,8.6863,-0.0620,0.3792,-0.8067
1624570074192,-3.7413,-2.5849,8.6193,0.0455,0.3389,-0.8262
1624570074202,-3.8945,-2.3983,8.3919,-0.0852,0.3536,-0.8348
1624570074211,-4.1122,-2.7477,8.4709,-0.2636,0.3866,-0.8006
1624570074221,-4.3084,-2.9415,8.4494,-0.4786,0.4049,-0.7884
1624570074231,-4.4353,-2.9917,8.3704,-0.6497,0.4318,-0.7969
1624570074241,-4.5142,-2.8147,7.9301,-0.7340,0.4452,-0.8079
1624570074252,-4.4305,-2.5778,7.5688,-0.7694,0.4391,-0.8214
1624570074262,-4.4400,-2.8362,7.2530,-0.7853,0.4293,-0.8385
1624570074271,-4.4999,-3.5229,7.0472,-0.8036,0.4159,-0.8519
1624570074281,-4.4233,-3.8771,7.0424,-0.8305,0.3963,-0.8543
1624570074291,-4.1122,-3.9823,7.1118,-0.8305,0.3817,-0.8372
1624570074300,-3.8921,-4.4083,7.5712,-0.7901,0.3866,-0.8128
1624570074310,-4.0931,-5.1548,7.1955,-0.6704,0.4037,-0.7786
1624570074319,-4.4903,-5.1309,7.1094,-0.4395,0.3976,-0.7542
1624570074328,-4.5358,-4.6858,7.2003,-0.1194,0.3365,-0.7285
1624570074338,-4.3970,-4.2503,7.2888,0.1359,0.2668,-0.7053
1624570074346,-4.2941,-3.9847,7.4276,0.2019,0.2399,-0.6931
1624570074357,-4.1075,-3.9058,7.4540,0.0467,0.2363,-0.6980
1624570074367,-3.8969,-4.1977,7.5592,-0.1927,0.2485,-0.6870
1624570074377,-3.7868,-4.7433,7.8224,-0.3516,0.2815,-0.6662
1624570074386,-3.6983,-5.3367,8.2005,-0.3308,0.3084,-0.6674
1624570074396,-3.6504,-5.7458,8.2268,-0.0681,0.3181,-0.6882
1624570074406,-3.6983,-5.9373,7.9062,0.3570,0.3035,-0.7004
1624570074416,-3.7581,-5.8535,7.3319,0.8359,0.2619,-0.7028
1624570074426,-3.7724,-5.4874,6.9108,1.2403,0.1813,-0.6759
1624570074435,-3.6528,-4.8892,6.6739,1.4346,0.0677,-0.6063
1624570074445,-3.5212,-4.4011,6.8821,1.3576,-0.0447,-0.5025
1624570074454,-3.3728,-4.0709,7.0328,1.0473,-0.1168,-0.4072
1624570074464,-3.2293,-4.1618,7.1022,0.6844,-0.1400,-0.3693
1624570074473,-3.1671,-4.6236,7.0783,0.4425,-0.1498,-0.3705
1624570074480,-3.2365,-5.1070,7.1142,0.4707,-0.1901,-0.3925
1624570074490,-3.3154,-5.3295,7.2960,0.7504,-0.2548,-0.4328
1624570074500,-3.2317,-5.2553,7.3798,1.1072,-0.3428,-0.4426
1624570074509,-3.0450,-4.9419,7.1764,1.3271,-0.4332,-0.3901
1624570074519,-2.7986,-4.3724,7.0352,1.3112,-0.4979,-0.3192
1624570074531,-2.6406,-3.7215,7.1142,1.1072,-0.5334,-0.2875
1624570074540,-2.5114,-3.3339,7.3917,0.8176,-0.5383,-0.2923
1624570074550,-2.4205,-3.2717,7.7602,0.5525,-0.5358,-0.3168
1624570074559,-2.3033,-3.5540,8.1598,0.3790,-0.5407,-0.3534
1624570074568,-2.1382,-3.8507,8.3752,0.3118,-0.5505,-0.3815
1624570074578,-1.8462,-4.0135,8.3250,0.2862,-0.5761,-0.3669
1624570074588,-1.6524,-3.7742,8.0617,0.2288,-0.6042,-0.3229
1624570074598,-1.6333,-3.5086,7.8583,0.1249,-0.6226,-0.3070
1624570074607,-1.5471,-3.4224,7.7985,-0.0119,-0.6226,-0.3204
1624570074617,-1.4395,-3.5229,7.8631,-0.1365,-0.6042,-0.3339
1624570074627,-1.4107,-3.7502,8.1407,-0.1231,-0.6018,-0.3595
1624570074637,-1.4275,-3.9393,8.4542,0.0186,-0.6348,-0.4035
1624570074646,-1.2696,-4.0254,8.5642,0.1823,-0.6812,-0.4230
1624570074655,-0.8771,-4.0326,8.6623,0.2593,-0.7130,-0.3852
1624570074665,-0.5086,-3.8292,8.7987,0.2153,-0.7215,-0.3180
1624570074675,-0.3435,-3.5804,8.9064,0.0931,-0.6947,-0.2716
1624570074684,-0.3914,-3.3339,8.9423,-0.0657,-0.6446,-0.2643
1624570074693,-0.4680,-3.3650,8.9590,-0.2098,-0.5896,-0.2765
1624570074703,-0.6163,-3.7646,8.9016,-0.2709,-0.5370,-0.2899
1624570074713,-0.6833,-4.2838,9.0500,-0.2123,-0.4967,-0.3009
1624570074723,-0.6259,-4.5112,9.1768,-0.0816,-0.4735,-0.2960
1624570074732,-0.5541,-4.4107,9.1577,0.0333,-0.4637,-0.2606
1624570074742,-0.4225,-4.0900,9.0883,0.1115,-0.4515,-0.2215
1624570074749,-0.3507,-3.6402,8.9543,0.1249,-0.4234,-0.2117
1624570074759,-0.4081,-3.4129,8.8992,0.0870,-0.3782,-0.2288
1624570074769,-0.4919,-3.4679,8.9351,0.0272,-0.3403,-0.2386
1624570074778,-0.4201,-3.7455,9.0883,-0.0596,-0.3171,-0.2300
1624570074788,-0.3627,-3.9153,9.2486,-0.1451,-0.2976,-0.2080
1624570074797,-0.3794,-3.8196,9.3419,-0.2245,-0.2829,-0.1824
1624570074810,-0.3914,-3.6545,9.2916,-0.2856,-0.2719,-0.1641
1624570074819,-0.4464,-3.7072,9.0452,-0.3174,-0.2426,-0.1738
1624570074828,-0.4440,-3.9871,8.9686,-0.3051,-0.1937,-0.1958
1624570074838,-0.4847,-4.2360,9.0404,-0.2465,-0.1534,-0.2007
1624570074848,-0.5876,-4.2838,9.0763,-0.1439,-0.1351,-0.1909
1624570074858,-0.6570,-4.1283,9.1313,-0.0498,-0.1314,-0.1824
1624570074867,-0.7192,-3.8005,9.1529,-0.0034,-0.1388,-0.1751
1624570074876,-0.7001,-3.4727,9.1074,-0.0351,-0.1461,-0.1714
1624570074886,-0.5613,-3.4176,9.0404,-0.1659,-0.1351,-0.1726
1624570074896,-0.4895,-3.5636,9.0117,-0.3283,-0.1131,-0.1702
1624570074905,-0.4608,-3.9321,9.0667,-0.4786,-0.0850,-0.1616
1624570074915,-0.5565,-4.2336,9.1217,-0.5263,-0.0594,-0.1555
1624570074924,-0.5517,-4.4370,9.1337,-0.4652,-0.0545,-0.1604
1624570074934,-0.5397,-4.5614,9.1122,-0.3259,-0.0618,-0.1641
1624570074944,-0.5517,-4.5901,9.0859,-0.1597,-0.0777,-0.1641
1624570074954,-0.5445,-4.6164,8.8705,-0.0302,-0.1070,-0.1579
1624570074963,-0.4991,-4.5088,8.8681,0.0125,-0.1241,-0.1372
1624570074972,-0.4393,-4.3054,8.9255,0.0308,-0.1326,-0.1103
1624570074982,-0.3483,-4.2144,8.8657,0.0663,-0.1400,-0.0932
1624570074992,-0.2406,-4.0374,8.9614,0.1078,-0.1278,-0.0883
1624570075001,-0.1712,-3.9273,9.0643,0.1518,-0.1131,-0.0859
1624570075009,-0.1330,-4.1427,9.1792,0.1958,-0.0984,-0.0822
1624570075020,-0.1258,-4.3867,9.0571,0.2226,-0.0752,-0.0798
1624570075028,0.0130,-4.3843,9.0595,0.2483,-0.0532,-0.0627
1624570075038,-0.0540,-4.4561,9.1505,0.3228,-0.0337,-0.0578
1624570075047,-0.1090,-3.7168,9.0930,0.3497,-0.0361,-0.0651
1624570075057,0.1279,-3.3076,8.9949,0.2959,-0.0349,-0.0370
1624570075066,0.0896,-3.7072,8.9112,0.1615,0.0090,-0.0162
1624570075079,-0.1689,-4.5112,8.9040,0.0308,0.0506,0.0155
1624570075086,-0.3818,-4.6045,9.0380,0.0357,0.0555,0.0387
1624570075098,-0.5517,-4.2886,8.9973,0.1970,0.0262,0.0436
1624570075107,-0.4943,-3.7191,8.7198,0.3619,-0.0190,0.0363
1624570075116,-0.3579,-3.2884,8.6288,0.3827,-0.0288,0.0204
1624570075126,-0.3172,-3.2573,8.6121,0.2630,-0.0117,0.0290
1624570075136,-0.4512,-3.3411,8.5188,0.1249,0.0042,0.0387
1624570075145,-0.5541,-3.7048,8.6217,0.1163,0.0127,0.0277
1624570075155,-0.4919,-3.9680,8.6384,0.2055,-0.0032,0.0143
1624570075164,-0.3866,-4.5806,8.9830,0.3961,0.0029,0.0155
1624570075174,-0.9322,-4.6810,9.4472,0.7138,0.0017,0.0033
1624570075184,-0.8460,-2.9558,9.1241,0.9801,-0.1009,0.0216
1624570075193,-0.6331,-2.8099,8.8203,1.2037,-0.1827,0.0192
1624570075203,-0.7072,-2.5754,8.8226,1.0314,-0.1779,0.0131
1624570075213,-0.5062,-2.9726,8.4374,0.7077,-0.1424,0.0314
1624570075222,-0.5254,-3.5923,9.0260,0.5598,-0.1033,0.0485
1624570075232,-0.8532,-3.3865,9.4591,0.6197,-0.1302,0.0400
1624570075241,-0.8915,-3.0850,9.4711,0.7712,-0.1742,0.0302
1624570075251,-0.7192,-3.2071,9.5907,0.8347,-0.1669,0.0375
1624570075261,-0.7288,-3.2645,9.6219,0.8579,-0.1339,0.0314
1624570075270,-0.7790,-3.2789,9.5979,0.9117,-0.1302,0.0228
1624570075278,-0.8532,-3.2119,9.4711,0.9923,-0.1473,0.0375
1624570075290,-0.7264,-2.8601,9.3826,0.9972,-0.1608,0.0534
1624570075299,-0.5278,-2.8027,9.5812,0.9655,-0.1449,0.0803
1624570075307,-0.5254,-2.5658,9.6889,0.9068,-0.1278,0.1096
1624570075317,-0.7120,-2.2691,9.7894,0.8628,-0.1156,0.1145
1624570075326,-0.8460,-2.1662,9.6673,0.8347,-0.1070,0.1084
1624570075336,-0.8915,-2.1016,9.6338,0.7651,-0.0911,0.1084
1624570075345,-0.9250,-2.1829,9.6769,0.6857,-0.0691,0.1047
1624570075355,-0.8891,-2.2811,9.6506,0.6478,-0.0557,0.0986
1624570075367,-0.8771,-2.2452,9.7152,0.6612,-0.0459,0.0974
1624570075376,-0.8867,-2.1375,9.7487,0.7077,-0.0410,0.0998
1624570075386,-1.0135,-1.6541,9.6769,0.7541,-0.0630,0.0974
1624570075395,-0.8077,-1.4436,9.5836,0.7663,-0.0850,0.0864
1624570075406,-0.4967,-1.3479,9.6290,0.6783,-0.0594,0.0754
1624570075415,-0.5493,-1.1277,9.5596,0.5256,-0.0239,0.0803
1624570075424,-0.2813,-2.2523,9.7989,0.4352,0.0469,0.0803
1624570075433,-0.4943,-2.4438,9.9090,0.4047,0.0872,0.0900
1624570075444,-0.7192,-2.3792,10.3277,0.5769,0.0848,0.0754
1624570075453,-0.7192,-1.5130,10.1004,0.7553,0.0347,0.0705
1624570075462,-0.6881,-0.7688,9.6003,0.8127,0.0078,0.0619
1624570075472,-0.7025,-0.7329,9.7822,0.7064,0.0225,0.0497
1624570075482,-0.6929,-0.8262,9.7630,0.5159,0.0860,0.0436
1624570075491,-0.7623,-0.6013,9.6793,0.3631,0.0958,0.0338
1624570075501,-0.7838,-0.5080,9.7032,0.3020,0.0836,0.0033
1624570075512,-0.8436,-0.7760,9.8181,0.2556,0.0982,-0.0211
1624570075521,-0.7168,-0.9913,9.8898,0.2397,0.1190,-0.0480
1624570075530,-0.7096,-1.1588,9.8013,0.3350,0.1227,-0.0798
1624570075539,-0.6857,-1.2593,9.7989,0.4865,0.1227,-0.1017
1624570075556,-0.5924,-1.2330,9.8516,0.5904,0.1251,-0.1030
1624570075557,-0.5780,-1.1397,9.9186,0.6380,0.1361,-0.0871
1624570075568,-0.6881,-0.8334,10.1291,0.6490,0.1398,-0.0822
1624570075579,-0.6809,-0.5534,10.0502,0.6172,0.1227,-0.0834
1624570075586,-0.5996,-0.5343,10.0573,0.5281,0.1263,-0.0773
1624570075596,-0.7695,-0.4577,9.7511,0.3643,0.1422,-0.0651
1624570075605,-0.9035,-0.4625,9.6649,0.1872,0.1557,-0.0737
1624570075616,-1.0375,-0.3357,9.5261,0.0235,0.1569,-0.0956
1624570075628,-1.2002,-0.2471,9.5166,-0.1463,0.1483,-0.0993
1624570075634,-1.2097,-0.1921,9.4926,-0.3064,0.1324,-0.1042
1624570075645,-1.3413,-0.2400,9.4902,-0.4542,0.1239,-0.1250
1624570075653,-1.2791,-0.4769,9.4711,-0.5421,0.1141,-0.1433
1624570075663,-1.2193,-1.0559,9.4256,-0.4994,0.1129,-0.1714
1624570075672,-1.2050,-1.5824,9.4998,-0.3320,0.1056,-0.1958
1624570075683,-1.1667,-1.5919,9.5907,-0.1243,0.0701,-0.1922
1624570075694,-1.1236,-1.3239,9.5979,0.0479,0.0286,-0.1763
1624570075701,-1.0207,-0.9339,9.5285,0.1005,0.0054,-0.1714
1624570075711,-0.9489,-0.8501,9.5501,0.0272,0.0139,-0.1677
1624570075720,-1.0590,-0.9100,9.5931,-0.0645,0.0249,-0.1592
1624570075730,-1.1954,-1.1325,9.5931,-0.0987,0.0188,-0.1579
1624570075740,-1.2050,-1.1971,9.7056,-0.0974,0.0005,-0.1445
1624570075749,-1.1547,-1.0176,9.6290,-0.1048,-0.0227,-0.1335
1624570075759,-1.1188,-1.0392,9.3586,-0.1451,-0.0313,-0.1384
1624570075768,-1.1427,-1.2521,9.3898,-0.1952,-0.0068,-0.1506
1624570075778,-1.2480,-1.5058,9.1744,-0.1830,0.0090,-0.1604
1624570075787,-1.3246,-1.8695,9.3395,-0.0791,0.0127,-0.1726
1624570075798,-1.3868,-1.6111,9.6243,0.0357,-0.0044,-0.1702
1624570075807,-1.3389,-1.1038,9.7702,0.1041,-0.0374,-0.1543
1624570075817,-1.1451,-0.8813,9.8181,0.1017,-0.0435,-0.1494
1624570075828,-1.0662,-0.9937,9.8922,0.0150,-0.0190,-0.1531
1624570075836,-1.1738,-1.2497,9.6960,-0.0913,-0.0020,-0.1518
1624570075846,-1.1858,-1.6565,9.5309,-0.1402,0.0042,-0.1543
1624570075855,-1.3820,-1.6254,9.4041,-0.1341,-0.0178,-0.1677
1624570075864,-1.4921,-0.9578,8.9590,-0.1549,-0.0789,-0.1738
1624570075874,-1.2815,-0.4649,8.6623,-0.2636,-0.1388,-0.1812
1624570075883,-1.1044,-0.3118,8.5547,-0.5275,-0.1620,-0.1848
1624570075893,-1.0135,-0.6156,8.6360,-0.8879,-0.1644,-0.1799
1624570075907,-0.8293,-1.3885,9.0835,-1.2043,-0.1608,-0.1726
1624570075914,-0.6714,-2.0370,9.5620,-1.3839,-0.1375,-0.1799
1624570075923,-0.5756,-2.4294,9.8946,-1.3265,-0.1156,-0.1970
1624570075933,-0.6091,-2.6591,10.2201,-1.0516,-0.1131,-0.2056
1624570075943,-0.7862,-2.3600,10.0573,-0.7120,-0.1278,-0.2044
1624570075953,-0.8077,-1.9221,9.7367,-0.3919,-0.1436,-0.2044
1624570075963,-0.6881,-1.6517,9.4902,-0.1524,-0.1436,-0.2068
1624570075972,-0.5852,-1.4962,9.2438,-0.0755,-0.1339,-0.2068
1624570075982,-0.3196,-1.6565,9.2797,-0.1634,-0.1156,-0.1970
1624570075991,-0.0899,-1.8982,9.4687,-0.3662,-0.0801,-0.1799
1624570075999,0.0058,-2.2045,9.7965,-0.5458,-0.0422,-0.1775
1624570076010,-0.1186,-2.0681,10.0382,-0.6607,-0.0325,-0.1812
1624570076020,-0.0588,-1.6302,9.8157,-0.7034,-0.0545,-0.1787
1624570076028,0.1302,-1.6374,9.7176,-0.7559,-0.0361,-0.1787
1624570076038,0.1470,-1.7355,9.7200,-0.9306,0.0176,-0.1799
1624570076049,0.1446,-1.9867,9.6410,-1.1212,0.0689,-0.1922
1624570076059,0.1302,-2.6567,9.4998,-1.1958,0.1117,-0.1922
1624570076068,0.0824,-3.0324,9.4089,-1.1848,0.1324,-0.1799
1624570076077,0.0728,-3.4487,9.4280,-1.0956,0.1300,-0.1653
1624570076088,0.0226,-3.6641,9.6577,-0.9478,0.1312,-0.1616
1624570076097,0.0154,-3.4559,9.7917,-0.8109,0.1227,-0.1506
1624570076107,0.1326,-3.1185,9.7343,-0.7046,0.1117,-0.1445
1624570076116,0.4461,-2.9032,9.7104,-0.6814,0.1300,-0.1518
1624570076126,0.7763,-3.0755,9.7702,-0.8048,0.1874,-0.1384
1624570076133,1.0228,-3.5588,9.9951,-1.0418,0.2681,-0.0944
1624570076143,1.0658,-4.0374,10.1507,-1.3069,0.3462,-0.0517
1624570076153,1.1281,-4.5040,10.0885,-1.5256,0.4110,-0.0040
1624570076164,1.1615,-5.0208,10.0502,-1.6429,0.4794,0.0571
1624570076173,1.0706,-5.1118,9.8827,-1.6686,0.5271,0.1218
1624570076183,0.9390,-5.3463,9.7104,-1.5867,0.5466,0.2049
1624570076196,0.8553,-5.6406,9.6721,-1.5049,0.5759,0.2916
1624570076201,0.9270,-5.8105,9.6482,-1.4450,0.6040,0.3857
1624570076210,1.0180,-5.9110,9.6051,-1.3802,0.6223,0.4847
1624570076220,1.1735,-5.8607,9.3682,-1.3473,0.6321,0.5787
1624570076229,1.2597,-5.7219,9.1577,-1.3680,0.6553,0.6679
1624570076239,1.2046,-5.7674,9.0117,-1.4071,0.6834,0.7486
1624570076251,1.1496,-6.2388,8.8250,-1.4108,0.7018,0.8121
1624570076258,1.0945,-6.6815,8.6815,-1.3802,0.7066,0.8707
1624570076269,1.0228,-6.8609,8.5307,-1.3069,0.6871,0.9465
1624570076277,0.9103,-6.7078,8.4709,-1.1872,0.6541,1.0247
1624570076287,0.8074,-6.5331,8.5116,-1.0822,0.6248,1.0967
1624570076297,0.7763,-6.3201,8.3728,-1.0162,0.6162,1.1578
1624570076306,0.6997,-6.3393,8.2603,-0.9563,0.6236,1.2055
1624570076316,0.6184,-6.3608,8.1862,-0.8867,0.6492,1.2299
1624570076325,0.5059,-6.1359,8.0928,-0.8305,0.6786,1.2556
1624570076335,0.2044,-5.8966,8.0641,-0.7608,0.7066,1.2727
1624570076345,-0.2789,-5.5377,7.9158,-0.7352,0.7274,1.2543
1624570076356,-0.8556,-5.1046,7.2912,-0.7779,0.7189,1.2397
1624570076366,-1.4203,-5.0543,6.7361,-0.8476,0.6920,1.2275
1624570076376,-1.8534,-5.1094,6.5231,-0.9062,0.6578,1.1749
1624570076385,-2.0735,-5.2505,6.5375,-0.9001,0.6077,1.1077
1624570076395,-2.1358,-5.1644,6.5471,-0.8268,0.5613,1.0418
1624570076404,-2.3128,-4.8103,6.5255,-0.7278,0.5246,0.9758
1624570076414,-2.7244,-4.2001,6.7385,-0.6509,0.4819,0.8964
1624570076422,-3.1503,-3.7431,6.7792,-0.5898,0.4269,0.7950
1624570076431,-3.3633,-3.7574,6.4777,-0.5397,0.3804,0.6667
1624570076441,-3.4877,-4.0087,6.2384,-0.5079,0.3694,0.5348
1624570076450,-3.6696,-4.0398,6.0039,-0.4872,0.3511,0.4321
1624570076463,-3.9950,-4.0159,5.8029,-0.4261,0.3023,0.3417
1624570076470,-4.4137,-3.8771,5.4464,-0.3516,0.2302,0.2379
1624570076481,-4.7774,-3.4799,5.0635,-0.3271,0.1447,0.1304
1624570076491,-4.8588,-3.5612,5.0898,-0.3503,0.0652,0.0277
1624570076500,-4.7272,-3.7861,5.5660,-0.4481,0.0066,-0.0675
1624570076508,-4.6769,-3.9991,6.0231,-0.5629,-0.0251,-0.1384
1624570076520,-4.7511,-4.2073,6.3461,-0.6326,-0.0300,-0.2019
1624570076529,-4.9665,-4.3843,6.4131,-0.6228,-0.0349,-0.2703
1624570076539,-5.1435,-4.5207,6.2145,-0.5421,-0.0508,-0.3327
1624570076548,-5.3421,-4.5351,5.9632,-0.4517,-0.0728,-0.3815
1624570076558,-5.4833,-4.5016,5.8795,-0.3699,-0.1046,-0.4255
1624570076568,-5.4618,-4.5925,5.9943,-0.3076,-0.1461,-0.4646
1624570076577,-5.2919,-4.7241,6.0924,-0.2795,-0.1840,-0.5025
1624570076587,-5.1196,-5.0591,6.0374,-0.2392,-0.1852,-0.5245
1624570076596,-5.0957,-5.4324,5.8986,-0.1768,-0.1620,-0.5379
1624570076606,-5.1651,-5.7100,6.0972,-0.1096,-0.1424,-0.5342
1624570076616,-5.2081,-5.6190,6.2312,-0.0706,-0.1461,-0.4915
1624570076625,-5.2775,-5.2529,6.2815,-0.0791,-0.1583,-0.4365
1624570076635,-5.4522,-4.9610,6.1236,-0.1414,-0.1644,-0.4060
1624570076645,-5.5264,-4.9801,6.2839,-0.2208,-0.1876,-0.3950
1624570076653,-5.3015,-5.3821,6.6117,-0.3064,-0.2377,-0.3864
1624570076664,-4.9641,-5.9157,6.7911,-0.3345,-0.2585,-0.3693
1624570076673,-4.8014,-6.4996,7.0185,-0.2392,-0.2353,-0.3583
1624570076681,-4.7057,-7.0667,6.9515,-0.0522,-0.2157,-0.3485
1624570076691,-4.6626,-7.2103,6.9874,0.1652,-0.1986,-0.2997
1624570076700,-4.5669,-6.6958,6.9060,0.3949,-0.2011,-0.2361
1624570076710,-4.4424,-5.8679,6.7720,0.5830,-0.2231,-0.1934
1624570076719,-4.3396,-5.3271,6.7529,0.6783,-0.2414,-0.1763
1624570076729,-4.1697,-5.4037,7.1285,0.6735,-0.2353,-0.1531
1624570076741,-3.9160,-5.9445,7.6119,0.6050,-0.2072,-0.1164
1624570076748,-3.7246,-6.4063,7.8895,0.5647,-0.1473,-0.0675
1624570076758,-3.6432,-6.6384,8.1335,0.5879,-0.0826,-0.0065
1624570076768,-3.6313,-6.4350,8.0522,0.6380,-0.0361,0.0522
1624570076777,-3.6337,-6.1909,7.8631,0.6722,0.0078,0.0998
1624570076787,-3.7126,-6.1311,7.6358,0.7174,0.0677,0.1328
1624570076796,-3.8227,-6.0689,7.5353,0.7810,0.1214,0.1499
1624570076806,-3.7557,-5.7315,7.8009,0.8274,0.1618,0.1682
1624570076816,-3.7533,-5.4683,7.9373,0.8555,0.1948,0.1963
1624570076825,-3.8418,-5.2290,8.0282,0.8640,0.2326,0.2159
1624570076835,-3.8753,-4.8605,7.9229,0.7541,0.2583,0.2391
1624570076844,-3.8490,-4.6428,7.8871,0.5330,0.2754,0.2684
1624570076856,-3.9136,-4.6236,7.7076,0.3008,0.2949,0.2855
1624570076866,-4.0309,-4.5351,7.3200,0.0504,0.3035,0.2990
1624570076876,-4.1481,-4.4370,7.2769,-0.1793,0.3059,0.3136
1624570076886,-4.3922,-4.6164,7.3582,-0.3112,0.2986,0.3100
1624570076895,-4.5453,-4.6452,7.4276,-0.3222,0.2913,0.2806
1624570076905,-4.5741,-4.6930,7.4946,-0.2379,0.2754,0.2733
1624570076913,-4.5118,-4.6236,7.3559,-0.1170,0.2485,0.2782
1624570076923,-4.5381,-4.7002,7.2171,0.0333,0.2253,0.2733
1624570076932,-4.5884,-4.8868,7.0137,0.1640,0.2070,0.2489
1624570076942,-4.6411,-5.1070,6.8366,0.2300,0.1862,0.2366
1624570076951,-4.6626,-5.3104,6.8318,0.2825,0.1496,0.2525
1624570076960,-4.5836,-5.3223,6.8605,0.3509,0.0860,0.2721
1624570076969,-4.4305,-5.1237,6.9467,0.4218,0.0127,0.2745
1624570076979,-4.3730,-4.8557,6.9323,0.4597,-0.0484,0.2721
1624570076988,-4.3611,-4.6810,6.9563,0.4597,-0.0911,0.2709
1624570076998,-4.3372,-4.6141,6.9443,0.4279,-0.1265,0.2574
1624570077007,-4.3396,-4.5829,6.8701,0.4169,-0.1546,0.2305
1624570077018,-4.4568,-4.6284,6.7529,0.4609,-0.1766,0.2024
1624570077028,-4.5717,-4.6954,6.6882,0.5305,-0.2108,0.1682
1624570077038,-4.5118,-4.7720,6.6954,0.5769,-0.2487,0.1462
1624570077048,-4.2510,-5.2290,6.9036,0.6307,-0.2805,0.1389
1624570077057,-3.9160,-5.4563,6.9826,0.6563,-0.2988,0.1316
1624570077067,-3.6839,-5.3343,7.2051,0.6637,-0.2903,0.1572
1624570077077,-3.6241,-5.0089,7.4851,0.6881,-0.2976,0.1890
1624570077085,-3.6385,-4.6787,7.6956,0.6967,-0.3171,0.1976
1624570077096,-3.6983,-4.5255,7.7770,0.6783,-0.3086,0.1902
1624570077105,-3.7964,-4.5925,7.8727,0.6563,-0.2829,0.1829
1624570077116,-3.9950,-4.6404,7.9086,0.6393,-0.2695,0.1817
1624570077125,-4.1146,-4.5375,7.8918,0.6368,-0.2719,0.1878
1624570077135,-4.1385,-4.3772,7.9804,0.6612,-0.2768,0.1976
1624570077144,-4.0237,-4.2049,8.0282,0.7223,-0.2866,0.1927
1624570077153,-3.8706,-3.9608,8.0522,0.8054,-0.2903,0.1670
1624570077163,-3.7892,-3.7790,8.0091,0.9007,-0.2744,0.1279
1624570077171,-3.8060,-3.7574,8.0306,1.0107,-0.2573,0.0937
1624570077183,-3.8323,-3.8172,7.9876,1.1255,-0.2622,0.0509
1624570077192,-3.8083,-3.8077,8.0617,1.2184,-0.2780,0.0082
1624570077202,-3.6408,-3.7550,8.1311,1.2697,-0.3110,-0.0174
1624570077211,-3.4111,-3.5205,8.1766,1.2184,-0.3379,-0.0174
1624570077221,-3.3226,-3.1233,8.2603,1.0827,-0.3526,-0.0065
1624570077230,-3.3561,-2.7740,8.2699,0.9202,-0.3733,-0.0138
1624570077241,-3.3944,-2.8051,8.2986,0.7920,-0.3831,-0.0578
1624570077248,-3.3465,-3.0611,8.3560,0.7529,-0.3807,-0.1237
1624570077258,-3.2580,-3.2908,8.4829,0.8469,-0.3917,-0.1970
1624570077267,-3.1599,-3.4846,8.6169,1.0400,-0.4234,-0.2545
1624570077277,-2.9158,-3.4559,8.6647,1.2171,-0.4662,-0.2716
1624570077286,-2.6957,-3.0563,8.5714,1.2831,-0.5041,-0.2471
1624570077296,-2.5378,-2.6376,8.4805,1.2477,-0.5358,-0.2288
1624570077308,-2.4205,-2.4342,8.3704,1.1279,-0.5468,-0.2447
1624570077318,-2.3511,-2.4198,8.4877,0.9715,-0.5419,-0.2740
1624570077327,-2.3583,-2.4964,8.6456,0.8714,-0.5383,-0.3058
1624570077337,-2.3631,-2.6926,8.7198,0.8763,-0.5590,-0.3559
1624570077346,-2.2482,-2.9175,8.7533,0.9422,-0.5871,-0.4072
1624570077356,-1.9922,-2.8003,8.7341,0.9532,-0.6226,-0.4133
1624570077365,-1.7242,-2.3026,8.6193,0.8579,-0.6507,-0.3876
1624570077375,-1.5471,-1.8456,8.6623,0.7040,-0.6617,-0.3864
1624570077384,-1.4418,-1.6326,8.5499,0.5012,-0.6519,-0.4133
1624570077394,-1.4395,-1.7475,8.4901,0.3033,-0.6214,-0.4487
1624570077404,-1.5041,-2.1901,8.5690,0.1848,-0.6067,-0.4903
1624570077413,-1.3940,-2.8194,8.7533,0.1677,-0.6201,-0.5281
1624570077423,-1.1762,-3.1688,8.9590,0.1994,-0.6519,-0.5330
1624570077430,-0.9059,-2.9271,9.1983,0.1738,-0.6849,-0.4915
1624570077440,-0.6714,-2.3481,9.3515,0.0821,-0.6983,-0.4426
1624570077450,-0.4943,-1.9796,9.2510,-0.0571,-0.6653,-0.4341
1624570077459,-0.3172,-2.1040,9.2246,-0.2282,-0.5859,-0.4548
1624570077470,-0.3100,-2.5251,9.3084,-0.3601,-0.4809,-0.4805
1624570077478,-0.5517,-2.9463,9.3395,-0.3516,-0.3978,-0.5074
1624570077489,-0.7240,-3.3506,9.4137,-0.1866,-0.3611,-0.5330
1624570077498,-0.7048,-3.3650,9.5788,0.0137,-0.3575,-0.5306
1624570077508,-0.6498,-2.7979,9.5190,0.1530,-0.3611,-0.5025
1624570077519,-0.5780,-2.2643,9.4472,0.2336,-0.3550,-0.4890
1624570077527,-0.5110,-2.1686,9.3730,0.2361,-0.3367,-0.5061
1624570077536,-0.3938,-2.1183,9.1816,0.1200,-0.3086,-0.5135
1624570077546,-0.2215,-2.3074,9.1289,-0.0412,-0.2756,-0.4829
1624570077555,-0.0971,-2.4964,9.1816,-0.1683,-0.2573,-0.4402
1624570077565,0.0154,-2.5682,9.3299,-0.2502,-0.2524,-0.4084
1624570077576,0.0010,-2.6974,9.4735,-0.2636,-0.2402,-0.3889
1624570077586,-0.1282,-2.9534,9.4472,-0.2086,-0.2280,-0.3889
1624570077596,-0.1760,-3.3602,9.4352,-0.1182,-0.2255,-0.3925
1624570077605,-0.1569,-3.5492,9.4663,-0.0144,-0.2231,-0.3779
1624570077615,-0.1258,-3.5134,9.4902,0.1090,-0.2280,-0.3400
1624570077625,-0.0899,-3.2501,9.4687,0.2068,-0.2438,-0.3033
1624570077634,-0.0851,-2.8936,9.4256,0.2434,-0.2536,-0.2777
1624570077644,-0.1186,-2.6017,9.2581,0.2348,-0.2500,-0.2533
1624570077654,-0.0851,-2.5108,9.1577,0.1701,-0.2390,-0.2386
1624570077663,-0.0636,-2.6400,9.1217,0.0577,-0.2206,-0.2325
1624570077672,-0.1019,-2.7907,9.2270,-0.0620,-0.1913,-0.2202
1624570077680,-0.1282,-2.9151,9.3228,-0.1573,-0.1791,-0.1873
1624570077692,-0.1449,-2.9965,9.5142,-0.2294,-0.1608,-0.1506
1624570077701,-0.2215,-2.9678,9.7080,-0.2734,-0.1326,-0.1372
1624570077711,-0.2167,-3.1257,9.7247,-0.2489,-0.1082,-0.1299
1624570077719,-0.1784,-3.3578,9.7654,-0.1781,-0.0728,-0.1225
1624570077730,-0.2526,-3.4775,9.7176,-0.0547,-0.0520,-0.1103
1624570077738,-0.4488,-3.4224,9.7271,0.0944,-0.0569,-0.0859
1624570077748,-0.5900,-3.0587,9.6075,0.2153,-0.0850,-0.0590
1624570077759,-0.6570,-2.5945,9.4065,0.2691,-0.1143,-0.0394
1624570077769,-0.5541,-2.3983,9.1959,0.2068,-0.1290,-0.0260
1624570077778,-0.3890,-2.6113,9.0739,0.0589,-0.1204,-0.0162
1624570077788,-0.2741,-2.9702,9.0691,-0.0840,-0.0997,-0.0150
1624570077797,-0.1952,-3.4487,9.2270,-0.1158,-0.0703,-0.0004
1624570077805,-0.1952,-3.4823,9.5668,-0.0034,-0.0606,-0.0004
1624570077815,-0.1784,-2.9869,9.7080,0.1774,-0.0813,-0.0101
1624570077825,-0.1880,-2.5538,9.7343,0.3265,-0.1094,-0.0052
1624570077834,-0.1784,-2.4246,9.5860,0.3497,-0.1131,-0.0052
1624570077844,-0.0732,-2.5227,9.4663,0.2495,-0.0948,-0.0174
1624570077853,-0.0588,-2.7668,9.2749,0.1420,-0.0764,-0.0101
1624570077865,-0.0157,-2.8601,9.0571,0.0980,-0.0801,0.0143
1624570077875,0.2044,-2.6759,9.0595,0.1322,-0.0948,0.0338
1624570077884,0.5681,-2.3385,9.1361,0.1554,-0.0874,0.0302
1624570077894,0.7189,-2.4509,9.4113,0.1237,-0.0239,0.0436
1624570077904,0.4748,-2.8027,9.5214,0.1188,0.0274,0.0485
1624570077913,0.2331,-3.0515,9.5285,0.1738,0.0335,0.0485
1624570077923,0.0680,-3.1353,9.5070,0.2715,0.0225,0.0656
1624570077932,0.0321,-2.9774,9.1768,0.3509,0.0066,0.0998
1624570077942,0.0250,-2.7644,9.0213,0.3949,-0.0007,0.1353
1624570077951,-0.0372,-2.4174,8.9208,0.4022,-0.0190,0.1658
1624570077961,-0.0827,-2.2715,8.8274,0.4132,-0.0313,0.1914
1624570077971,-0.1258,-1.9987,8.8322,0.4169,-0.0459,0.1914
1624570077980,-0.0349,-2.2021,8.6575,0.3925,-0.0557,0.1963
1624570077988,-0.0851,-2.4294,8.9973,0.3619,-0.0422,0.1817
1624570078000,-0.3100,-2.4127,9.0907,0.3839,-0.0545,0.1633
1624570078009,-0.4273,-2.5155,9.1481,0.4694,-0.0899,0.1768
1624570078019,-0.3531,-2.7620,9.1074,0.5525,-0.1204,0.2049
1624570078028,-0.3866,-2.7285,9.4926,0.6038,-0.1217,0.2354
1624570078038,-0.4105,-2.3576,9.7247,0.6771,-0.1449,0.2647
1624570078048,-0.2574,-2.1375,9.8252,0.7773,-0.1534,0.2696
1624570078057,-0.1617,-1.8049,10.0071,0.8213,-0.1253,0.2647
1624570078066,-0.2694,-1.2856,9.9880,0.8078,-0.1046,0.2550
1624570078078,-0.3292,-1.3096,9.8228,0.7687,-0.0850,0.2391
1624570078084,-0.4201,-1.3574,9.7104,0.6356,-0.0447,0.2110
1624570078093,-0.4727,-1.1301,9.7056,0.4022,-0.0032,0.1951
1624570078103,-0.5397,-0.7520,9.6482,0.1823,0.0115,0.1914
1624570078113,-0.5134,-0.7999,9.7941,-0.0022,0.0335,0.1792
1624570078123,-0.5852,-0.8980,9.8540,-0.1988,0.0543,0.1658
1624570078132,-0.6307,-1.1229,9.7822,-0.3589,0.0652,0.1585
1624570078144,-0.7479,-1.5034,9.8324,-0.4212,0.0738,0.1340
1624570078153,-0.9035,-1.3981,9.6793,-0.4236,0.0628,0.1047
1624570078162,-0.8508,-1.6685,10.0550,-0.3210,0.0640,0.0827
1624570078172,-1.1595,-1.4316,10.1243,-0.1597,0.0616,0.0607
1624570078182,-1.2241,-1.0224,9.7247,-0.0278,0.0213,0.0534
1624570078192,-1.0710,-1.1684,9.5357,0.0675,0.0029,0.0241
1624570078201,-1.0710,-1.0798,9.3945,0.0455,-0.0044,0.0033
1624570078211,-1.1188,-0.8286,9.0093,-0.0119,-0.0288,0.0045
1624570078220,-1.1021,-0.9411,8.7939,-0.0864,-0.0740,-0.0126
1624570078228,-0.9393,-1.4723,9.6841,-0.1671,-0.0459,-0.0627
1624570078240,-0.7264,-1.1564,10.1698,-0.2868,-0.0422,-0.0871
1624570078249,-0.3938,-1.0296,9.9401,-0.3027,-0.0545,-0.1164
1624570078258,-0.2478,-1.0559,9.7606,-0.3906,-0.0569,-0.1531
1624570078269,-0.4440,-1.0679,9.2821,-0.5983,-0.0447,-0.1641
1624570078278,-0.4656,-1.4507,8.8107,-0.8622,-0.0313,-0.1592
1624570078288,-0.5086,-2.2332,9.1409,-1.0907,0.0054,-0.1628
1624570078298,-0.7384,-2.0968,9.3993,-1.1982,0.0127,-0.1763
1624570078307,-0.6833,-1.8503,9.3802,-1.1762,-0.0178,-0.1848
1624570078316,-0.5374,-1.7594,9.3993,-1.1665,-0.0227,-0.2007
1624570078326,-0.4680,-1.7570,9.4807,-1.2532,0.0005,-0.2215
1624570078335,-0.4297,-2.1016,9.4041,-1.3619,0.0335,-0.2435
1624570078345,-0.3220,-2.5466,9.3802,-1.4853,0.0762,-0.2545
1624570078355,-0.1976,-3.0109,9.3395,-1.5586,0.1275,-0.2569
1624570078363,-0.2741,-3.1066,9.0691,-1.5452,0.1666,-0.2569
1624570078372,-0.5804,-3.5421,9.8228,-1.4328,0.1825,-0.2606
1624570078382,-0.2526,-3.7000,10.0932,-1.4597,0.1728,-0.2325
1624570078391,0.0561,-4.0254,9.3156,-1.6808,0.2021,-0.1506
1624570078401,-0.3411,-3.9106,10.1866,-1.6967,0.2962,-0.1616
1624570078411,-0.5469,-3.0707,9.6506,-1.4731,0.2619,-0.2435
1624570078422,-0.5350,-3.6450,8.8083,-1.2935,0.2167,-0.2300
1624570078432,-0.4153,-4.5064,8.6241,-1.4682,0.2412,-0.1506
1624570078442,-0.4297,-4.5997,8.9447,-1.5867,0.2656,-0.1189
1624570078451,-0.5972,-4.6547,9.0428,-1.2984,0.2509,-0.1494
1624570078461,-0.6187,-4.6978,9.0069,-0.9245,0.2204,-0.1787
1624570078470,-0.5015,-4.4920,8.8179,-0.7046,0.1984,-0.1763
1624570078480,-0.4871,-4.6380,8.8035,-0.6081,0.1923,-0.1616
1624570078489,-0.4584,-4.9132,8.5929,-0.5898,0.1935,-0.1494
1624570078499,-0.4608,-5.0783,8.6001,-0.5849,0.1898,-0.1360
1624570078509,-0.4249,-5.0974,8.5858,-0.5116,0.1776,-0.1250
1624570078518,-0.3770,-5.0543,8.7006,-0.4041,0.1666,-0.1115
1624570078528,-0.3340,-4.9706,8.6863,-0.3161,0.1569,-0.0883
1624570078538,-0.3435,-4.9801,8.5547,-0.2440,0.1532,-0.0712
1624570078546,-0.3890,-4.9825,8.5068,-0.2245,0.1581,-0.0663
1624570078555,-0.4201,-5.0089,8.4111,-0.2160,0.1593,-0.0529
1624570078566,-0.3459,-5.1453,8.3608,-0.2001,0.1642,-0.0394
1624570078574,-0.1808,-5.3582,8.3800,-0.2037,0.1776,-0.0187
1624570078585,-0.0396,-5.5473,8.5211,-0.2074,0.1996,0.0119
1624570078595,0.1733,-5.6789,8.6121,-0.1964,0.2265,0.0509
1624570078605,0.2212,-5.7770,8.6288,-0.1659,0.2546,0.1010
1624570078614,0.1781,-5.8344,8.6169,-0.1329,0.2888,0.1511
1624570078624,0.0441,-5.8320,8.5642,-0.1280,0.3169,0.2049
1624570078633,-0.0995,-5.7650,8.5355,-0.1512,0.3328,0.2587
1624570078641,-0.2717,-5.7243,8.4565,-0.1964,0.3475,0.3148
1624570078651,-0.4751,-5.5497,8.4183,-0.2599,0.3524,0.3661
1624570078660,-0.5134,-5.4252,8.4470,-0.3198,0.3499,0.4052
1624570078670,-0.3435,-5.5305,8.4446,-0.3674,0.3560,0.4370
1624570078679,0.0058,-5.8368,8.4948,-0.3870,0.3792,0.4712
1624570078689,0.3360,-6.2101,8.5020,-0.3589,0.4183,0.5140
1624570078701,0.4557,-6.2938,8.6025,-0.2819,0.4538,0.5702
1624570078709,0.4198,-6.2364,8.5307,-0.1707,0.4770,0.6349
1624570078720,0.2283,-6.0952,8.3560,-0.0816,0.4855,0.6936
1624570078729,-0.1019,-5.9564,8.2005,-0.0669,0.4868,0.7547
1624570078739,-0.3100,-5.8775,8.1263,-0.1072,0.4660,0.8109
1624570078748,-0.2574,-5.9684,8.0330,-0.1659,0.4440,0.8634
1624570078759,-0.0708,-5.8655,8.1000,-0.2587,0.4318,0.9257
1624570078768,-0.0085,-5.5568,8.1144,-0.3198,0.4354,0.9758
1624570078777,-0.1306,-5.3008,8.1766,-0.3247,0.4525,0.9953
1624570078787,-0.4464,-5.1907,8.0713,-0.2673,0.4599,0.9917
1624570078797,-0.8030,-5.3223,7.8464,-0.1610,0.4513,0.9856
1624570078807,-0.9609,-5.4109,7.6478,-0.0522,0.4281,0.9746
1624570078816,-0.9322,-5.3223,7.5473,0.0247,0.3890,0.9697
1624570078825,-0.7407,-5.3486,7.5497,0.0040,0.3585,0.9941
1624570078835,-0.4369,-5.3463,7.5664,-0.0987,0.3499,1.0198
1624570078845,-0.3483,-5.1931,7.6262,-0.2318,0.3646,1.0418
1624570078855,-0.7455,-5.0304,7.7124,-0.2734,0.3792,1.0528
1624570078864,-1.3270,-4.9873,7.7866,-0.2013,0.3829,1.0259
1624570078874,-1.7960,-4.9443,7.7124,-0.0486,0.3572,0.9880
1624570078883,-2.0281,-4.9036,7.5832,0.1041,0.3218,0.9611
1624570078893,-1.9970,-4.8294,7.4181,0.1848,0.2900,0.9306
1624570078902,-1.8199,-4.6428,7.3319,0.1469,0.2644,0.9037
1624570078910,-1.6931,-4.3532,7.2960,0.0284,0.2583,0.8866
1624570078920,-1.9419,-4.1594,7.3176,-0.1060,0.2717,0.8622
1624570078929,-2.3894,-4.1379,7.4276,-0.2086,0.2827,0.8194
1624570078939,-2.8392,-4.1833,7.5425,-0.2440,0.2766,0.7815
1624570078949,-3.1766,-4.1283,7.6167,-0.1830,0.2571,0.7339
1624570078960,-3.3896,-3.9871,7.5616,-0.0535,0.2302,0.6655
1624570078970,-3.5595,-3.7814,7.5114,0.0663,0.2057,0.5971
1624570078980,-3.7748,-3.5253,7.4540,0.1139,0.1752,0.5445
1624570078989,-3.9328,-3.4057,7.5138,0.0882,0.1447,0.4932
1624570078998,-4.0285,-3.3052,7.5616,0.0052,0.1263,0.4382
1624570079006,-4.1338,-3.2549,7.5449,-0.0620,0.1129,0.3747
1624570079016,-4.1864,-3.3554,7.5592,-0.0889,0.1129,0.3124
1624570079027,-4.3060,-3.3770,7.5688,-0.0706,0.1153,0.2550
1624570079036,-4.5717,-3.2717,7.5592,-0.0278,0.1080,0.2049
1624570079045,-4.7750,-3.1305,7.4899,0.0027,0.0848,0.1646
1624570079054,-4.8396,-3.1329,7.2673,-0.0241,0.0457,0.1194
1624570079064,-4.7703,-3.0874,6.9778,-0.1683,0.0127,0.0803
1624570079073,-4.7152,-3.1281,6.9850,-0.3821,-0.0080,0.0546
1624570079084,-4.7152,-3.1784,7.1237,-0.5812,-0.0239,0.0168
1624570079093,-4.7033,-3.3961,7.1620,-0.7242,-0.0325,-0.0248
1624570079102,-4.6961,-3.6138,7.1788,-0.7804,-0.0190,-0.0651
1624570079112,-4.7607,-3.6067,7.3343,-0.7034,-0.0264,-0.1213
1624570079121,-4.9641,-3.5756,6.8653,-0.5006,-0.0642,-0.1689
1624570079132,-5.1268,-3.6402,6.6691,-0.3235,-0.1033,-0.2056
1624570079141,-5.1794,-3.5923,6.5830,-0.2807,-0.1388,-0.2276
1624570079150,-5.0957,-3.2238,6.5590,-0.3577,-0.1840,-0.2252
1624570079160,-4.8755,-3.1855,6.7696,-0.4798,-0.2377,-0.2215
1624570079170,-4.7104,-3.2669,6.8103,-0.6631,-0.2768,-0.2447
1624570079179,-4.6530,-3.6641,7.1142,-0.8097,-0.2854,-0.2813
1624570079189,-4.5788,-4.2886,7.3080,-0.8647,-0.2927,-0.3107
1624570079198,-4.4855,-4.5638,7.4516,-0.8329,-0.2927,-0.3253
1624570079208,-4.4783,-4.5590,7.4181,-0.6619,-0.2829,-0.3437
1624570079218,-4.4903,-4.2480,7.0926,-0.4078,-0.2927,-0.3742
1624570079227,-4.4712,-3.9058,6.7696,-0.1695,-0.3208,-0.4035
1624570079237,-4.3802,-3.8699,6.6548,-0.0302,-0.3489,-0.4206
1624570079248,-4.1816,-4.2049,6.8869,-0.0034,-0.3697,-0.4292
1624570079258,-3.8777,-4.8820,7.2434,-0.0278,-0.3892,-0.4157
1624570079268,-3.6313,-5.4013,7.5616,-0.0767,-0.3953,-0.3962
1624570079278,-3.5212,-5.7243,7.9612,-0.0840,-0.3733,-0.3644
1624570079287,-3.5595,-5.9636,8.2125,-0.0278,-0.3526,-0.3327
1624570079297,-3.5954,-5.9134,8.0809,0.0308,-0.3391,-0.3046
1624570079307,-3.6049,-5.1453,7.8392,0.0430,-0.3110,-0.2777
1624570079316,-3.5619,-3.9225,7.0113,-0.0046,-0.3000,-0.2728
1624570079324,-3.4183,-3.6808,7.0759,-0.1011,-0.2780,-0.2948
1624570079336,-3.2197,-4.0302,7.1429,-0.2966,-0.2487,-0.3278
1624570079345,-3.1216,-5.1788,7.6454,-0.4542,-0.1986,-0.3168
1624570079355,-3.1455,-6.4852,8.1455,-0.5275,-0.1449,-0.2728
1624570079364,-3.1072,-7.4615,8.4278,-0.4737,-0.0972,-0.2178
1624570079374,-2.9804,-7.5740,8.5977,-0.3088,-0.0630,-0.1518
1624570079384,-2.9110,-6.9327,8.5379,-0.1585,-0.0410,-0.0761
1624570079393,-2.9469,-5.9588,8.5714,-0.0828,0.0005,-0.0272
1624570079403,-3.0977,-5.5903,8.6217,-0.0791,0.0555,0.0009
1624570079412,-3.3178,-5.3152,8.2029,-0.1952,0.0958,0.0228
1624570079422,-3.4255,-4.6715,7.8775,-0.3968,0.1654,0.0192
1624570079432,-3.1982,-4.5495,7.7507,-0.5580,0.2192,0.0045
1624570079441,-2.9996,-5.6741,7.8512,-0.6435,0.2461,0.0204
1624570079451,-3.0474,-6.8992,8.0139,-0.7034,0.3035,0.0571
1624570079458,-3.1934,-7.3586,8.2675,-0.6790,0.3634,0.1145
1624570079469,-3.2197,-7.2318,8.4207,-0.5189,0.3976,0.1695
1624570079479,-3.1671,-6.7748,8.4159,-0.2758,0.4171,0.2086
1624570079488,-3.1168,-6.1790,8.2962,-0.0547,0.4427,0.2391
1624570079498,-3.1838,-5.7387,8.2173,0.0491,0.4672,0.2721
1624570079508,-3.2341,-5.6430,8.0952,0.0369,0.4855,0.3197
1624570079518,-3.3657,-5.6549,7.7411,-0.0510,0.5038,0.3588
1624570079528,-3.5978,-5.4683,7.3295,-0.1842,0.5307,0.3686
1624570079537,-3.7892,-5.5353,7.1190,-0.2831,0.5429,0.3625
1624570079547,-3.8442,-5.6525,6.9610,-0.3222,0.5393,0.3649
1624570079556,-3.9232,-5.6262,6.9993,-0.3259,0.5417,0.3882
1624570079566,-4.0644,-5.5137,7.0280,-0.2941,0.5295,0.4175
1624570079576,-4.2965,-5.3582,6.8916,-0.2599,0.5332,0.4321
1624570079585,-4.6554,-5.3104,6.7098,-0.2306,0.5527,0.4480
1624570079595,-5.0430,-5.3391,6.6356,-0.2245,0.5710,0.4590
1624570079604,-5.3182,-5.0232,6.5638,-0.2318,0.5833,0.4370
1624570079614,-5.4307,-4.6954,6.4370,-0.1720,0.5735,0.4089
1624570079624,-5.3876,-4.5040,6.2360,-0.0596,0.5454,0.3967
1624570079633,-5.4283,-4.1857,6.0446,0.0101,0.5124,0.3894
1624570079643,-5.5503,-3.8029,5.9345,0.0150,0.4745,0.3710
1624570079652,-5.6628,-3.5756,5.6976,-0.0388,0.4281,0.3405
1624570079662,-5.7848,-3.5923,5.3387,-0.1207,0.3756,0.2990
1624570079672,-5.9188,-3.8483,5.0324,-0.1744,0.3194,0.2428
1624570079681,-6.0026,-4.2240,4.9295,-0.1732,0.2436,0.1780
1624570079691,-6.0385,-4.3939,5.0970,-0.1280,0.1471,0.0998
1624570079700,-5.9021,-4.3891,5.2765,-0.0278,0.0579,0.0143
1624570079708,-5.6365,-4.6356,5.4536,0.1127,-0.0166,-0.0627
1624570079720,-5.3278,-4.7624,5.5684,0.2019,-0.0813,-0.1152
1624570079729,-5.1196,-4.7409,5.5086,0.2263,-0.1473,-0.1482
1624570079738,-5.0933,-4.7983,5.2885,0.2642,-0.2194,-0.1983
1624570079748,-5.0502,-4.6954,5.1377,0.3363,-0.3098,-0.2740
1624570079757,-4.9617,-4.5471,4.9535,0.4597,-0.4112,-0.3607
1624570079767,-4.8133,-4.6739,5.0181,0.6172,-0.4979,-0.4561
1624570079776,-4.6841,-4.7576,5.1281,0.7150,-0.5786,-0.5440
1624570079788,-4.3707,-4.8868,5.2119,0.7199,-0.6641,-0.5746
1624570079796,-3.9950,-4.9849,5.3674,0.6600,-0.7411,-0.5623
1624570079806,-3.6241,-4.9060,5.6857,0.5672,-0.7997,-0.5648
1624570079816,-3.3489,-4.6858,5.9608,0.4780,-0.8388,-0.6075
1624570079825,-3.1192,-4.7098,6.0948,0.4450,-0.8510,-0.6759
1624570079835,-2.9804,-5.0304,6.3844,0.4939,-0.8400,-0.7505
1624570079844,-2.8895,-5.5329,6.5997,0.6441,-0.8339,-0.8397
1624570079854,-2.7627,-5.9660,6.5471,0.8152,-0.8315,-0.9301
1624570079863,-2.4660,-6.0043,6.5662,0.8701,-0.8339,-0.9411
1624570079873,-2.0664,-5.7076,6.6500,0.7736,-0.8633,-0.8543
1624570079883,-1.7122,-5.1859,6.8869,0.5476,-0.8865,-0.7786
1624570079892,-1.4849,-4.6763,7.2434,0.2385,-0.8840,-0.7847
1624570079902,-1.3342,-4.6404,7.6095,-0.0877,-0.8584,-0.8226
1624570079912,-1.2552,-4.9395,7.8105,-0.3210,-0.8058,-0.8507
1624570079921,-1.2576,-5.6621,7.6478,-0.3161,-0.7386,-0.8885
1624570079930,-1.3485,-6.6886,7.4444,-0.0901,-0.6763,-0.9606
1624570079939,-1.2767,-7.3849,7.4085,0.1383,-0.6384,-0.9936
1624570079950,-0.9130,-7.3897,7.3989,0.2397,-0.6336,-0.8934
1624570079960,-0.4991,-6.9997,7.4109,0.2385,-0.6409,-0.7432
1624570079969,-0.1354,-6.3417,7.7435,0.1005,-0.6311,-0.6796
1624570079979,0.0489,-5.7674,8.0976,-0.1390,-0.6018,-0.6845
1624570079988,0.0776,-5.8488,8.3010,-0.3369,-0.5395,-0.6870
1624570079999,-0.0492,-6.2962,8.2938,-0.3540,-0.4625,-0.6943
1624570080008,-0.2598,-6.7867,7.9756,-0.1353,-0.4185,-0.7322
1624570080015,-0.3196,-7.0954,7.7315,0.2251,-0.4124,-0.7517
1624570080025,-0.1808,-7.0763,7.5951,0.5342,-0.4295,-0.7053
1624570080037,0.1590,-6.5977,7.7363,0.6673,-0.4528,-0.6185
1624570080045,0.4844,-6.0043,7.7220,0.6283,-0.4662,-0.5403
1624570080054,0.6112,-5.8296,7.6071,0.4951,-0.4491,-0.5061
1624570080063,0.4844,-6.0761,7.6310,0.3473,-0.4063,-0.4988
1624570080077,0.3193,-6.5738,7.9229,0.2959,-0.3697,-0.4927
1624570080083,0.3480,-6.9351,8.1239,0.3986,-0.3623,-0.4780
1624570080094,0.5825,-6.8130,8.3273,0.5745,-0.3660,-0.4304
1624570080103,0.8457,-6.1550,8.4853,0.6906,-0.3794,-0.3546
1624570080113,0.9486,-5.3152,8.4254,0.6551,-0.3672,-0.2923
1624570080122,0.8672,-4.9491,8.3800,0.4902,-0.3208,-0.2679
1624570080133,0.6830,-5.0137,8.2747,0.2642,-0.2597,-0.2679
1624570080142,0.5777,-5.5377,8.3872,0.1029,-0.2121,-0.2643
1624570080152,0.5538,-6.0833,8.3560,0.0638,-0.1974,-0.2447
1624570080161,0.6447,-6.2484,8.2579,0.1493,-0.2023,-0.2093
1624570080169,0.7524,-6.0737,8.2268,0.2862,-0.2157,-0.1653
1624570080180,0.7476,-5.7985,8.1407,0.3912,-0.2341,-0.1237
1624570080190,0.6232,-5.5616,8.1718,0.3668,-0.2341,-0.0944
1624570080199,0.6136,-5.4779,8.2795,0.2104,-0.2133,-0.0590
1624570080208,0.7931,-5.3032,8.2986,-0.0571,-0.1986,-0.0089
1624570080219,1.1185,-5.1788,8.1814,-0.3968,-0.1717,0.0509
1624570080228,1.2549,-5.3056,8.0474,-0.7523,-0.1131,0.0998
1624570080238,1.0395,-5.8894,7.9517,-1.0015,-0.0410,0.1328
1624570080247,0.7165,-6.1981,7.9636,-1.1041,0.0139,0.1487
1624570080258,0.3958,-6.1287,8.1766,-1.0357,0.0371,0.1523
1624570080267,0.2044,-5.9756,8.0617,-0.8842,0.0384,0.1462
1624570080276,0.1087,-5.9038,7.9421,-0.7596,0.0384,0.1401
1624570080286,0.0034,-5.8751,7.6143,-0.7608,0.0347,0.1450
1624570080294,-0.0899,-5.8033,7.1908,-0.8512,0.0420,0.1707
1624570080304,-0.0325,-5.7889,7.0591,-0.9612,0.0433,0.2000
1624570080313,0.1613,-5.7339,7.1214,-1.0504,0.0359,0.2122
1624570080323,0.2068,-5.8344,7.6310,-1.0907,0.0445,0.2305
1624570080332,0.1542,-5.8535,8.1048,-1.1066,0.0518,0.2428
1624570080344,0.0154,-6.0856,8.4565,-1.0785,0.0469,0.2403
1624570080354,-0.2024,-6.3417,8.3513,-1.0247,0.0359,0.2281
1624570080363,-0.4416,-6.6743,7.9301,-0.9221,0.0311,0.2098
1624570080372,-0.6498,-6.7987,7.4827,-0.7926,0.0176,0.1878
1624570080382,-0.7934,-6.7341,7.2673,-0.6607,-0.0093,0.1572
1624570080392,-0.8412,-6.3800,7.0855,-0.5446,-0.0374,0.1279
1624570080402,-0.9130,-6.0139,6.7529,-0.4469,-0.0569,0.1071
1624570080411,-1.0877,-5.8751,6.7337,-0.3772,-0.0862,0.0754
1624570080422,-1.1834,-5.8344,6.9802,-0.3491,-0.1217,0.0290
1624570080431,-1.0925,-6.1311,7.1190,-0.3308,-0.1473,-0.0040
1624570080438,-0.8891,-6.4709,7.2147,-0.3345,-0.1559,-0.0199
1624570080448,-0.6235,-6.6647,7.2195,-0.3235,-0.1595,-0.0358
1624570080460,-0.4943,-6.6169,7.2960,-0.3235,-0.1485,-0.0541
1624570080469,-0.3770,-6.4637,7.5114,-0.3296,-0.1229,-0.0541
1624570080478,-0.1952,-6.4685,7.4229,-0.3577,-0.0997,-0.0370
1624570080488,-0.0612,-6.8442,7.1046,-0.3625,-0.0594,-0.0211
1624570080498,-0.1760,-7.0571,6.8007,-0.3662,0.0005,-0.0162
1624570080508,-0.4512,-7.2151,6.6787,-0.3210,0.0347,-0.0138
1624570080517,-0.6474,-7.1983,6.7505,-0.2697,0.0396,-0.0126
1624570080527,-0.6977,-6.9566,6.8270,-0.2611,0.0371,-0.0077
1624570080537,-0.6905,-6.6503,6.8486,-0.2966,0.0371,-0.0028
1624570080546,-0.6761,-6.4135,6.8797,-0.4016,0.0457,-0.0065
1624570080554,-0.6139,-6.3824,6.8534,-0.5800,0.0530,-0.0114
1624570080565,-0.5637,-6.4709,6.8605,-0.7853,0.0567,0.0009
1624570080573,-0.5397,-6.7006,6.6930,-0.9282,0.0628,-0.0028
1624570080582,-0.5996,-7.0069,6.6524,-0.9710,0.0665,-0.0284
1624570080592,-0.7264,-7.2653,6.5686,-0.9368,0.0689,-0.0578
1624570080602,-0.8771,-7.3538,6.4801,-0.8378,0.0652,-0.0810
1624570080611,-0.9537,-7.2151,6.3102,-0.6900,0.0652,-0.1042
1624570080622,-0.9370,-7.1169,6.2647,-0.5226,0.0518,-0.1299
1624570080633,-0.7958,-7.0667,6.1977,-0.3540,0.0274,-0.1616
1624570080641,-0.6618,-7.1313,6.1786,-0.1866,0.0115,-0.1873
1624570080651,-0.5948,-7.1768,6.1044,-0.0449,-0.0032,-0.2007
1624570080661,-0.5397,-7.1337,6.1403,0.0785,-0.0190,-0.2105
1624570080670,-0.4632,-7.0284,6.1068,0.1713,-0.0459,-0.2190
1624570080680,-0.4416,-6.9901,5.9537,0.2397,-0.0728,-0.2300
1624570080688,-0.3818,-7.0691,5.9704,0.2141,-0.1009,-0.2276
1624570080700,-0.2741,-7.1696,6.0589,0.1237,-0.1131,-0.2166
1624570080708,-0.0444,-7.4519,6.2647,0.0455,-0.1119,-0.1995
1624570080719,0.1159,-7.6458,6.4250,-0.0058,-0.0911,-0.1885
1624570080729,0.1853,-7.6649,6.5088,-0.0132,-0.0594,-0.1775
1624570080736,0.1494,-7.6721,6.5447,0.0320,-0.0361,-0.1677
1624570080746,-0.0540,-7.3706,6.4227,0.0895,-0.0117,-0.1726
1624570080756,-0.2717,-7.0284,6.1451,0.1481,-0.0044,-0.1726
1624570080767,-0.2861,-6.8872,5.8723,0.1469,-0.0190,-0.1531
1624570080777,-0.1210,-7.1433,6.0781,0.1127,-0.0276,-0.1225
1624570080786,0.1685,-7.2701,6.4418,0.0980,-0.0203,-0.1103
1624570080796,0.4437,-7.1696,6.7911,0.1457,-0.0056,-0.0932
1624570080806,0.6997,-7.1289,6.6619,0.1933,0.0042,-0.0639
1624570080815,0.7835,-7.3682,6.5471,0.1958,0.0298,-0.0443
1624570080825,0.6232,-7.3826,6.5088,0.1811,0.0677,-0.0492
1624570080835,0.3671,-7.3945,6.2264,0.1811,0.0811,-0.0468
1624570080844,0.1925,-7.5381,6.2623,0.1420,0.0946,-0.0223
1624570080852,0.1302,-7.5189,6.2958,0.0430,0.0885,-0.0040
1624570080862,0.0967,-7.4113,6.0302,-0.0339,0.0677,0.0058
1624570080872,0.0752,-7.2246,6.0183,-0.1072,0.0604,0.0033
1624570080882,0.1111,-6.8705,6.2049,-0.1915,0.0518,-0.0028
1624570080891,0.1374,-6.6910,6.5208,-0.2685,0.0616,-0.0004
1624570080902,0.2092,-6.6934,6.8079,-0.3674,0.0836,-0.0052
1624570080911,0.3097,-7.0260,6.7242,-0.4884,0.1117,-0.0004
1624570080921,0.2499,-7.3203,6.6835,-0.5727,0.1618,0.0045
1624570080931,0.1279,-7.3634,6.4777,-0.5886,0.1972,-0.0016
1624570080940,-0.0157,-7.2222,6.4873,-0.5556,0.2143,-0.0150
1624570080948,0.0369,-7.1696,6.4657,-0.5617,0.2082,-0.0114
1624570080958,0.2475,-7.3156,6.4944,-0.6179,0.1984,0.0094
1624570080968,0.4126,-7.5237,6.4394,-0.7022,0.2070,0.0290
1624570080980,0.4437,-7.7199,6.5136,-0.7743,0.2290,0.0497
1624570080987,0.4437,-7.9425,6.5064,-0.8048,0.2497,0.0681
1624570080997,0.4652,-8.1650,6.4011,-0.8036,0.2693,0.0949
1624570081007,0.4724,-8.3205,6.2863,-0.7865,0.2815,0.1230
1624570081016,0.4700,-8.5024,6.2312,-0.7743,0.2888,0.1462
1624570081027,0.4724,-8.7082,6.2982,-0.7523,0.2888,0.1805
1624570081037,0.6064,-8.7871,6.2599,-0.7278,0.2852,0.2134
1624570081045,0.7572,-8.8852,6.0446,-0.6863,0.2986,0.2599
1624570081055,0.8289,-9.0886,5.9537,-0.6252,0.3230,0.3185
1624570081065,0.9031,-9.1604,5.8460,-0.5409,0.3365,0.3759
1624570081074,1.0802,-9.2633,5.7383,-0.4432,0.3450,0.4431
1624570081084,1.1711,-9.2825,5.5780,-0.3393,0.3487,0.5079
1624570081093,1.0802,-9.2418,5.5445,-0.2551,0.3536,0.5702
1624570081103,0.9869,-9.2418,5.4751,-0.1866,0.3572,0.6374
1624570081113,0.9893,-9.2489,5.3937,-0.1463,0.3450,0.7082
1624570081123,1.0012,-9.2466,5.3650,-0.1268,0.3304,0.7779
1624570081130,1.0395,-9.2178,5.3196,-0.1182,0.3194,0.8475
1624570081140,1.1711,-9.1485,5.2382,-0.1219,0.3157,0.9159
1624570081149,1.3314,-9.0695,5.0061,-0.1304,0.3230,0.9868
1624570081159,1.3434,-9.0312,4.9463,-0.1182,0.3365,1.0540
1624570081168,1.1472,-8.9403,4.9391,-0.0730,0.3499,1.0943
1624570081180,0.9342,-9.0312,4.9750,0.0320,0.3536,1.1212
1624570081189,0.7045,-9.0480,4.9176,0.1738,0.3426,1.1529
1624570081198,0.4581,-8.8374,4.9870,0.3387,0.3242,1.1908
1624570081208,0.2810,-8.4569,5.1473,0.5085,0.2974,1.2152
1624570081218,0.1494,-8.1052,5.1257,0.6600,0.2815,1.2250
1624570081228,0.0010,-7.9592,5.0444,0.7749,0.2876,1.2262
1624570081238,-0.2406,-7.8922,4.9678,0.8799,0.3059,1.2128
1624570081248,-0.6331,-7.7463,4.7955,0.9972,0.3181,1.1884
1624570081257,-1.0422,-7.5572,4.7692,1.1524,0.3206,1.1529
1624570081267,-1.3222,-7.3323,4.8745,1.3210,0.2913,1.1065
1624570081276,-1.4251,-7.0284,5.0683,1.4737,0.2571,1.0454
1624570081286,-1.4753,-6.7461,5.2023,1.6130,0.2363,0.9929
1624570081296,-1.6117,-6.5403,5.4368,1.7290,0.2265,0.9281
1624570081306,-1.8917,-6.2531,5.5517,1.7706,0.2216,0.8622
1624570081314,-2.2937,-6.0115,5.3842,1.7534,0.2216,0.8206
1624570081325,-2.7699,-5.8607,4.9606,1.6789,0.2155,0.7815
1624570081334,-3.2101,-5.6310,4.7812,1.5372,0.2009,0.7266
1624570081344,-3.5834,-5.1740,5.0061,1.3588,0.1520,0.6703
1624570081353,-3.7677,-4.7265,5.5325,1.1890,0.0848,0.6093
1624570081363,-3.7629,-4.6117,6.0518,1.0803,0.0433,0.5176
1624570081372,-3.6743,-4.6906,6.2671,1.0131,0.0457,0.4077
1624570081382,-3.6432,-4.8605,6.3461,0.9960,0.0775,0.3161
1624570081391,-3.7198,-4.8509,6.3389,0.9935,0.1092,0.2428
1624570081399,-3.9519,-4.6834,6.3317,0.9838,0.1361,0.1853
1624570081409,-4.2606,-4.3772,6.1546,0.9166,0.1434,0.1389
1624570081418,-4.5812,-4.0493,5.9824,0.7956,0.1251,0.0949
1624570081428,-4.8636,-3.6928,5.7407,0.6185,0.0848,0.0436
1624570081437,-5.0670,-3.6952,5.6282,0.4303,0.0420,-0.0236
1624570081447,-5.1124,-3.8507,5.9178,0.2691,0.0029,-0.0932
1624570081459,-5.0478,-3.9441,6.3987,0.1505,-0.0361,-0.1482
1624570081468,-4.9832,-4.0111,6.7265,0.1237,-0.0630,-0.1958
1624570081478,-4.9856,-4.1522,6.9706,0.1884,-0.0545,-0.2471
1624570081488,-5.0024,-4.2288,6.9491,0.2886,-0.0398,-0.2960
1624570081497,-5.0383,-4.4155,6.8055,0.4132,-0.0337,-0.3339
1624570081506,-5.0981,-4.5614,6.5901,0.5183,-0.0300,-0.3717
1624570081517,-5.1316,-4.5734,6.5016,0.5794,-0.0459,-0.3998
1624570081526,-5.2057,-4.4274,6.5614,0.5623,-0.0752,-0.3998
1624570081536,-5.2153,-3.9919,6.6093,0.4670,-0.1217,-0.3876
1624570081546,-5.1818,-3.7311,6.8605,0.3179,-0.1620,-0.3815
1624570081555,-5.0550,-3.7215,7.2338,0.1371,-0.1815,-0.3974
1624570081565,-4.9019,-4.1140,7.3008,-0.0022,-0.1644,-0.4170
1624570081574,-4.7870,-4.7863,7.2625,-0.0266,-0.1131,-0.4267
1624570081583,-4.7152,-5.3558,7.1764,0.0479,-0.0728,-0.4316
1624570081593,-4.6650,-5.3606,7.1261,0.1725,-0.0691,-0.4230
1624570081603,-4.6147,-5.0424,7.1309,0.2715,-0.0874,-0.3913
1624570081612,-4.5597,-4.6308,7.2458,0.3155,-0.1217,-0.3669
1624570081622,-4.4999,-4.3700,7.4492,0.2458,-0.1534,-0.3522
1624570081632,-4.4066,-4.4968,7.6478,0.1066,-0.1644,-0.3363
1624570081641,-4.2247,-4.9323,7.8105,-0.0486,-0.1571,-0.3168
1624570081651,-4.1146,-5.4659,7.8751,-0.1353,-0.1400,-0.2850
1624570081661,-4.0309,-5.8152,7.9206,-0.1133,-0.1180,-0.2422
1624570081668,-4.0524,-5.8344,8.0091,0.0027,-0.1009,-0.1995
1624570081678,-4.0811,-5.6956,8.0641,0.1505,-0.0838,-0.1531
1624570081687,-4.0931,-5.4898,8.1622,0.2849,-0.0618,-0.1213
1624570081697,-4.0405,-5.3175,8.1479,0.3387,-0.0422,-0.0981
1624570081707,-3.9782,-5.1716,8.1574,0.3045,-0.0056,-0.0639
1624570081716,-3.9567,-5.2099,8.2268,0.2410,0.0408,-0.0321
1624570081728,-4.0524,-5.3008,8.2962,0.1713,0.0824,0.0009
1624570081738,-4.1625,-5.1931,8.4039,0.0858,0.1153,0.0424
1624570081747,-4.2008,-5.0615,8.3058,0.0101,0.1337,0.0913
1624570081756,-4.1936,-4.9969,8.2556,-0.0351,0.1520,0.1194
1624570081766,-4.1481,-5.1261,8.2316,-0.0791,0.1764,0.1328
1624570081776,-4.1553,-5.2290,8.1120,-0.1365,0.2033,0.1560
1624570081786,-4.1912,-5.2290,8.0952,-0.1952,0.2265,0.1902
1624570081795,-4.1792,-5.2936,8.0354,-0.2050,0.2277,0.2134
1624570081805,-4.0787,-5.3104,7.9971,-0.1915,0.2229,0.2196
1624570081814,-4.0022,-5.2482,8.0067,-0.1475,0.2253,0.2232
1624570081824,-4.0045,-5.0376,7.9756,-0.0730,0.2241,0.2293
1624570081834,-4.1146,-4.8127,7.9445,0.0027,0.2326,0.2366
1624570081843,-4.2869,-4.7146,7.8583,0.0687,0.2522,0.2391
1624570081852,-4.4377,-4.6978,7.7076,0.1041,0.2583,0.2452
1624570081862,-4.4999,-4.6715,7.5784,0.0968,0.2461,0.2684
1624570081872,-4.6099,-4.6188,7.5760,0.0736,0.2412,0.2892
1624570081881,-4.6841,-4.5231,7.5927,0.0553,0.2375,0.2880
1624570081891,-4.6937,-4.3126,7.5712,0.0174,0.2302,0.2782
1624570081901,-4.7320,-4.1929,7.5521,-0.0168,0.2241,0.2684
1624570081910,-4.7511,-4.2192,7.4516,-0.0302,0.2216,0.2525
1624570081920,-4.7679,-4.2886,7.3774,-0.0266,0.2192,0.2183
1624570081930,-4.8038,-4.3556,7.3080,-0.0083,0.2082,0.1878
1624570081939,-4.8564,-4.5375,7.2625,0.0406,0.1972,0.1743
1624570081947,-4.8875,-4.6810,7.0663,0.1212,0.1862,0.1511
1624570081957,-4.9210,-4.6810,6.7648,0.1884,0.1593,0.1243
1624570081967,-4.9019,-4.5566,6.7194,0.2129,0.1275,0.1108
1624570081977,-4.8492,-4.3867,6.7696,0.2055,0.0799,0.0998
1624570081987,-4.7535,-4.2049,6.7983,0.1835,0.0311,0.0656
1624570081998,-4.6721,-4.1881,6.7672,0.1445,-0.0056,0.0168
1624570082005,-4.5453,-4.2623,6.7265,0.0675,-0.0422,-0.0114
1624570082016,-4.3802,-4.4418,6.6093,-0.0302,-0.0728,-0.0150
1624570082026,-4.2965,-4.6499,6.4729,-0.0889,-0.1021,-0.0284
1624570082035,-4.3084,-4.7839,6.5016,-0.0767,-0.1339,-0.0602
1624570082044,-4.2726,-4.8318,6.5399,0.0198,-0.1779,-0.0944
1624570082055,-4.2008,-4.8701,6.7002,0.1860,-0.2169,-0.1372
1624570082064,-4.0333,-4.9682,6.7505,0.3815,-0.2560,-0.1958
1624570082074,-3.9376,-5.0759,6.6691,0.5476,-0.2866,-0.2484
1624570082083,-3.8586,-5.0615,6.5160,0.6221,-0.3159,-0.2703
1624570082093,-3.8155,-4.9179,6.3772,0.5794,-0.3538,-0.2643
1624570082103,-3.7557,-4.6643,6.3198,0.4450,-0.3953,-0.2533
1624570082112,-3.6121,-4.2886,6.4968,0.2556,-0.4381,-0.2594
1624570082121,-3.4470,-4.1140,6.6572,0.0748,-0.4698,-0.3033
1624570082132,-3.3011,-4.3102,6.7170,-0.0791,-0.4906,-0.3742
1624570082141,-3.1120,-4.7337,6.7242,-0.2355,-0.4931,-0.4267
1624570082151,-2.8871,-5.1237,6.6835,-0.3393,-0.5053,-0.4414
1624570082160,-2.7124,-5.3247,6.6619,-0.3528,-0.5199,-0.4451
1624570082169,-2.5976,-5.3319,6.6428,-0.3039,-0.5322,-0.4622
1624570082178,-2.6119,-5.4635,6.7911,-0.2440,-0.5554,-0.4817
1624570082188,-2.6071,-5.6023,6.9251,-0.2367,-0.5835,-0.4817
1624570082198,-2.5401,-5.6836,7.1740,-0.2868,-0.6104,-0.4634
1624570082208,-2.3296,-5.7794,7.2242,-0.3235,-0.6226,-0.4536
1624570082218,-2.1142,-5.7770,7.2314,-0.3271,-0.6177,-0.4548
1624570082226,-2.0233,-5.7913,7.1453,-0.2831,-0.5981,-0.4646
1624570082235,-1.9898,-5.9038,7.0472,-0.1768,-0.5810,-0.4817
1624570082245,-1.8917,-5.8775,7.1142,-0.0302,-0.5798,-0.4915
1624570082254,-1.7481,-5.8942,7.2793,0.1713,-0.5884,-0.4927
1624570082264,-1.6237,-5.8894,7.3104,0.3582,-0.6006,-0.5123
1624570082273,-1.5304,-5.6645,7.2625,0.4022,-0.6006,-0.5184
1624570082286,-1.4442,-5.4324,7.1860,0.2581,-0.6091,-0.4793
1624570082295,-1.3078,-5.3175,7.2482,-0.0192,-0.6189,-0.4316
1624570082305,-1.1380,-5.2314,7.3319,-0.3687,-0.6201,-0.4280
1624570082314,-0.9609,-5.3534,7.3941,-0.6912,-0.6042,-0.4426
1624570082324,-0.8795,-5.6047,7.4659,-0.9038,-0.5810,-0.4487
1624570082333,-0.8580,-5.8224,7.5401,-0.9856,-0.5493,-0.4683
1624570082343,-0.8699,-5.9636,7.5760,-0.9233,-0.5224,-0.5049
1624570082352,-0.8963,-6.1885,7.4611,-0.7633,-0.5028,-0.5440
1624570082362,-0.8508,-6.3560,7.3511,-0.6399,-0.4857,-0.5599
1624570082372,-0.7671,-6.4972,7.2912,-0.6362,-0.4735,-0.5416
1624570082381,-0.6355,-6.4446,7.1812,-0.7559,-0.4723,-0.4976
1624570082390,-0.4584,-6.2316,7.1979,-0.9722,-0.4735,-0.4536
1624570082398,-0.2981,-6.1431,7.0902,-1.2190,-0.4711,-0.4341
1624570082410,-0.1736,-6.3249,7.0998,-1.4401,-0.4466,-0.4316
1624570082420,-0.0516,-6.8059,7.0591,-1.5354,-0.4137,-0.4316
1624570082429,0.0082,-7.2892,7.2147,-1.4536,-0.3807,-0.4463
1624570082439,0.0226,-7.5979,7.2530,-1.1897,-0.3513,-0.4707
1624570082448,0.0250,-7.5548,7.2841,-0.8671,-0.3269,-0.4829
1624570082458,0.0800,-7.2342,7.3894,-0.6167,-0.3171,-0.4707
1624570082468,0.2738,-6.9806,7.2912,-0.5214,-0.3208,-0.4365
1624570082477,0.5466,-7.0858,7.2171,-0.5703,-0.3061,-0.3840
1624570082486,0.7213,-7.3849,7.0089,-0.6777,-0.2719,-0.3278
1624570082496,0.7428,-7.6817,6.7600,-0.7181,-0.2304,-0.2777
1624570082504,0.6471,-7.7774,6.7672,-0.6277,-0.1962,-0.2422
1624570082514,0.5681,-7.6721,6.8007,-0.4114,-0.1864,-0.2252
1624570082523,0.5968,-7.4735,6.9610,-0.1353,-0.1876,-0.2142
1624570082534,0.6686,-7.5046,6.9850,0.1017,-0.2035,-0.1946
1624570082545,0.6351,-7.6936,6.8940,0.2397,-0.2169,-0.1714
1624570082555,0.5418,-7.7750,6.7170,0.3143,-0.2182,-0.1433
1624570082564,0.4892,-7.6481,6.6189,0.3692,-0.2255,-0.1140
1624570082574,0.4892,-7.2964,6.7840,0.4206,-0.2353,-0.0969
1624570082583,0.5155,-6.9590,6.9275,0.4951,-0.2414,-0.0920
1624570082592,0.5203,-6.6049,6.9491,0.5867,-0.2377,-0.0895
1624570082603,0.4604,-6.4350,6.8845,0.6453,-0.2316,-0.0822
1624570082612,0.4533,-6.4302,6.9802,0.6515,-0.2292,-0.0651
1624570082622,0.4748,-6.4637,7.1333,0.6234,-0.2304,-0.0455
1624570082631,0.5179,-6.5187,7.2745,0.5611,-0.2353,-0.0321
1624570082641,0.5179,-6.9160,7.2314,0.4987,-0.2463,-0.0114
1624570082650,0.5538,-7.2079,7.1477,0.4511,-0.2426,0.0021
1624570082660,0.6208,-7.3203,7.2195,0.4853,-0.2292,0.0033
1624570082668,0.6567,-6.8896,7.2912,0.6160,-0.2047,-0.0126
1624570082679,0.6638,-6.0330,7.3870,0.7895,-0.1913,-0.0394
1624570082688,0.5873,-5.1812,7.4444,0.8897,-0.1925,-0.0553
1624570082696,0.5490,-4.7552,7.4922,0.8311,-0.1962,-0.0590
1624570082706,0.4461,-4.9945,7.5162,0.6136,-0.1925,-0.0517
1624570082715,0.4126,-5.6908,7.5329,0.3521,-0.1791,-0.0407
1624570082727,0.3695,-6.3919,7.6406,0.1945,-0.1656,-0.0394
1624570082737,0.3958,-6.6958,7.6573,0.2104,-0.1571,-0.0455
1624570082746,0.5370,-6.5618,7.6813,0.3631,-0.1583,-0.0492
1624570082756,0.7356,-6.0785,7.3798,0.5098,-0.1595,-0.0492
1624570082764,0.8840,-5.8775,7.4324,0.5586,-0.1424,-0.0346
1624570082773,0.8074,-5.7794,7.5856,0.5036,-0.0948,-0.0272
1624570082783,0.6854,-5.8488,7.7650,0.4340,-0.0581,-0.0174
1624570082792,0.5322,-6.0186,7.8655,0.3546,-0.0398,0.0009
1624570082802,0.4222,-6.1694,7.9206,0.2397,-0.0154,0.0314
1624570082814,0.3384,-5.9349,7.8775,0.1310,0.0017,0.0754
1624570082823,0.3073,-5.6789,7.8224,0.0858,0.0115,0.0937
1624570082833,0.3169,-5.8703,7.8679,0.0931,0.0139,0.0998
1624570082842,0.3552,-5.7865,8.1742,0.1286,0.0335,0.1035
1624570082852,0.4365,-5.7458,8.3226,0.2214,0.0494,0.1145
1624570082862,0.4461,-6.0497,8.2316,0.3033,0.0836,0.1181
1624570082871,0.2786,-6.0689,8.1311,0.3375,0.1312,0.1169
1624570082881,-0.0061,-6.0665,7.9780,0.4193,0.1520,0.1010
1624570082890,-0.2550,-5.6454,7.9373,0.5110,0.1593,0.0644
1624570082900,-0.2933,-5.1596,8.0115,0.5342,0.1385,0.0571
1624570082909,-0.0684,-4.8079,7.9852,0.4181,0.1214,0.0558
1624570082918,0.1542,-5.0400,8.0809,0.2324,0.1190,0.0522
1624570082929,0.1518,-5.3104,8.1814,0.0357,0.1349,0.0522
1624570082938,-0.0468,-5.4061,8.1909,-0.0254,0.1496,0.0228
1624570082948,-0.2287,-5.3941,7.9828,0.0003,0.1349,-0.0040
1624570082958,-0.2909,-5.4348,7.9301,0.0003,0.1166,-0.0150
1624570082968,-0.2622,-5.3726,7.8918,-0.0217,0.1129,-0.0321
1624570082977,-0.1617,-5.3750,7.7435,-0.0473,0.1068,-0.0517
1624570082987,-0.1641,-5.3558,7.7124,-0.1048,0.1141,-0.0627
1624570082996,-0.2454,-5.4970,7.6430,-0.1707,0.1129,-0.0663
1624570083006,-0.3268,-5.6143,7.5664,-0.2453,0.1092,-0.0651
1624570083015,-0.3244,-5.6406,7.6191,-0.3100,0.1056,-0.0675
1624570083025,-0.3053,-5.5927,7.6286,-0.3406,0.0934,-0.0761
1624570083035,-0.3124,-5.5568,7.6143,-0.3454,0.0909,-0.0859
1624570083042,-0.3531,-5.5401,7.8296,-0.3357,0.1031,-0.1115
1624570083052,-0.2957,-5.6741,7.8224,-0.3002,0.1092,-0.1299
1624570083061,-0.2335,-5.8870,7.6119,-0.2538,0.0995,-0.1323
1624570083071,-0.2909,-5.8488,7.4875,-0.2269,0.0982,-0.1384
1624570083081,-0.4416,-5.7530,7.4348,-0.2208,0.1007,-0.1396
1624570083090,-0.4249,-5.6119,7.5832,-0.2269,0.1117,-0.1469
1624570083101,-0.3029,-5.7267,7.5903,-0.2697,0.1117,-0.1433
1624570083112,-0.2024,-5.8751,7.7674,-0.3332,0.1300,-0.1506
1624570083121,-0.1042,-5.8057,7.8512,-0.3992,0.1447,-0.1469
1624570083131,0.0465,-5.9445,8.0091,-0.4591,0.1654,-0.1421
1624570083140,0.2020,-6.0234,7.9373,-0.5348,0.1911,-0.1409
1624570083150,0.3576,-6.1096,7.8536,-0.6118,0.2253,-0.1311
1624570083160,0.4006,-6.1718,7.5569,-0.6753,0.2668,-0.1335
1624570083169,0.2786,-6.3824,7.5832,-0.7132,0.3035,-0.1299
1624570083178,0.2020,-6.2914,7.6597,-0.7352,0.3426,-0.1347
1624570083189,0.2666,-6.5953,7.6047,-0.6961,0.3548,-0.1115
1624570083198,0.2930,-6.6623,7.5975,-0.6497,0.3634,-0.0871
1624570083208,0.2403,-6.7724,7.4324,-0.5886,0.3694,-0.0627
1624570083217,0.2188,-6.8226,7.4803,-0.5556,0.3792,-0.0333
1624570083228,0.2355,-6.9423,7.4133,-0.5263,0.3853,-0.0065
1624570083237,0.2571,-7.2486,7.2434,-0.4994,0.3890,0.0143
1624570083246,0.2403,-7.6864,7.0879,-0.4517,0.4012,0.0228
1624570083256,0.2307,-7.5716,7.1070,-0.3687,0.4098,0.0326
1624570083266,0.1901,-7.1050,7.0256,-0.2477,0.3988,0.0448
1624570083275,0.1398,-6.8011,7.0472,-0.1793,0.3853,0.0571
1624570083284,0.0824,-6.8681,7.1261,-0.2123,0.3743,0.0705
1624570083295,0.0967,-7.1648,7.1405,-0.2953,0.3621,0.0949
1624570083304,0.1637,-7.3873,7.1477,-0.3650,0.3524,0.1279
1624570083313,0.3217,-7.5213,7.0783,-0.4065,0.3499,0.1743
1624570083321,0.5155,-7.5572,7.0711,-0.4689,0.3524,0.2379
1624570083330,0.7213,-7.7104,6.8342,-0.5495,0.3621,0.2965
1624570083340,0.8433,-8.0693,6.6141,-0.6142,0.3890,0.3466
1624570083350,0.7524,-8.1530,6.6763,-0.6277,0.4220,0.3906
1624570083359,0.6351,-8.0190,6.7098,-0.5678,0.4305,0.4321
1624570083371,0.5251,-7.9377,6.6093,-0.5043,0.4244,0.4773
1624570083381,0.4724,-8.0047,6.5208,-0.5006,0.4195,0.5360
1624570083390,0.5322,-8.1554,6.5160,-0.5238,0.4147,0.6032
1624570083400,0.5992,-8.2320,6.5303,-0.5079,0.4098,0.6679
1624570083410,0.7021,-8.1267,6.3939,-0.4689,0.4012,0.7327
1624570083419,0.6471,-8.0549,6.2767,-0.4224,0.3951,0.7901
1624570083429,0.5203,-8.0741,6.1953,-0.3809,0.3939,0.8426
1624570083438,0.4270,-8.1889,6.0135,-0.3369,0.3804,0.8927
1624570083448,0.2738,-8.2057,5.9728,-0.2856,0.3548,0.9306
1624570083457,0.1542,-8.0454,6.0350,-0.2526,0.3230,0.9685
1624570083467,0.1063,-7.8922,6.0972,-0.2502,0.2949,1.0015
1624570083477,0.0202,-7.7989,6.0733,-0.2514,0.2827,1.0198
1624570083486,-0.1928,-7.7415,5.9106,-0.2453,0.2803,1.0357
1624570083496,-0.4153,-7.6386,5.5517,-0.2404,0.2803,1.0601
1624570083505,-0.6307,-7.4400,5.3866,-0.2220,0.2705,1.0870
1624570083515,-0.8891,-7.2509,5.4296,-0.2025,0.2399,1.0821
1624570083525,-1.1571,-7.2127,5.4703,-0.1903,0.2143,1.0528
1624570083534,-1.4131,-7.2462,5.5014,-0.1671,0.1935,1.0357
1624570083544,-1.5639,-7.3466,5.5421,-0.0706,0.1642,1.0124
1624570083554,-1.7098,-7.1409,5.7551,0.0809,0.1410,0.9746
1624570083561,-1.7984,-6.8609,5.8555,0.2666,0.1227,0.9367
1624570083625,-1.9156,-6.7389,5.7766,0.4523,0.1263,0.8939
1624570083626,-2.1286,-6.6910,5.6665,0.6002,0.1373,0.8561
1624570083627,-2.4707,-6.4996,5.5397,0.6832,0.1471,0.8268
1624570083628,-2.8871,-6.1646,5.5134,0.7138,0.1398,0.7986
1624570083629,-3.1001,-5.8152,5.5014,0.6796,0.1117,0.7730
1624570083629,-3.1742,-5.5137,5.6546,0.6014,0.0848,0.7314
1624570083630,-3.2388,-5.4755,5.8651,0.5256,0.0677,0.6606
1624570083642,-3.2460,-5.4850,6.1594,0.4865,0.0701,0.5909
1624570083647,-3.2101,-5.5042,6.3054,0.4987,0.0848,0.5360
1624570083657,-3.3537,-5.5520,6.2887,0.5721,0.1117,0.4737
1624570083667,-3.6600,-5.4731,6.2910,0.6563,0.1422,0.4138
1624570083676,-4.0309,-5.2888,6.1523,0.7296,0.1483,0.3747
1624570083689,-4.2271,-5.0902,6.0661,0.7663,0.1373,0.3393
1624570083697,-4.3228,-4.9825,5.9728,0.7663,0.1105,0.2990
1624570083707,-4.2941,-4.9873,5.9321,0.7553,0.0824,0.2489
1624570083717,-4.1697,-4.9586,6.0757,0.7504,0.0628,0.1890
1624570083726,-4.0452,-4.9323,6.4418,0.7797,0.0457,0.1401
1624570083736,-4.0141,-4.8725,6.5973,0.8250,0.0396,0.0949
1624570083745,-4.1768,-4.8509,6.5901,0.8824,0.0579,0.0583
1624570083753,-4.4185,-4.7122,6.6069,0.9019,0.0738,0.0326
1624570083766,-4.6123,-4.5112,6.6260,0.9154,0.0665,-0.0016
1624570083774,-4.7057,-4.3915,6.5255,0.9288,0.0506,-0.0480
1624570083784,-4.7272,-4.3724,6.2863,0.9361,0.0371,-0.0956
1624570083794,-4.7392,-4.3532,6.1523,0.9068,0.0188,-0.1384
1624570083803,-4.7415,-4.2288,6.2456,0.8188,-0.0178,-0.1641
1624570083813,-4.7080,-3.9967,6.5303,0.6820,-0.0740,-0.1726
1624570083823,-4.6051,-3.9943,6.8558,0.5256,-0.1168,-0.1885
1624570083832,-4.5693,-4.0039,6.9586,0.3888,-0.1253,-0.2178
1624570083842,-4.6458,-4.1905,6.8749,0.3253,-0.1192,-0.2410
1624570083851,-4.7104,-4.4465,6.7218,0.3521,-0.1217,-0.2703
1624570083859,-4.7750,-4.5973,6.6332,0.4157,-0.1326,-0.2911
1624570083871,-4.7966,-4.6045,6.5471,0.4865,-0.1717,-0.2862
1624570083880,-4.7320,-4.4298,6.5495,0.5183,-0.2292,-0.2716
1624570083890,-4.6650,-4.2025,6.8486,0.4926,-0.2890,-0.2606
1624570083897,-4.5405,-4.2073,7.3200,0.4108,-0.3416,-0.2667
1624570083907,-4.4113,-4.3963,7.6980,0.2679,-0.3685,-0.2703
1624570083917,-4.2821,-4.6595,8.0306,0.1298,-0.3575,-0.2594
1624570083926,-4.3467,-4.8533,8.2101,0.0760,-0.3355,-0.2459
1624570083936,-4.4042,-4.8725,8.1048,0.0895,-0.3123,-0.2361
1624570083945,-4.4113,-4.5734,7.8248,0.0882,-0.2793,-0.2178
1624570083957,-4.3467,-4.0972,7.9732,0.0027,-0.2304,-0.1812
1624570083967,-4.3204,-4.0422,7.9493,-0.1378,-0.1730,-0.1384
1624570083977,-4.3204,-4.4059,8.2627,-0.2978,-0.0948,-0.1127
1624570083986,-4.2893,-4.8103,8.5714,-0.4737,-0.0215,-0.0956
1624570083997,-4.3300,-5.2242,8.7078,-0.5739,0.0371,-0.0639
1624570084005,-4.3946,-5.4563,8.6767,-0.6032,0.0946,-0.0126
1624570084015,-4.4400,-5.4922,8.6360,-0.5873,0.1471,0.0412
1624570084024,-4.4544,-5.3152,8.5068,-0.5495,0.1923,0.0864
1624570084034,-4.4640,-5.1261,8.2914,-0.5067,0.2314,0.1316
1624570084044,-4.5764,-4.8988,8.1335,-0.4921,0.2742,0.1609
1624570084054,-4.7176,-4.7026,8.0641,-0.4957,0.3071,0.1731
1624570084063,-4.8133,-4.6188,7.9684,-0.4908,0.3279,0.1866
1624570084072,-4.8875,-4.5255,7.8560,-0.4444,0.3401,0.1890
1624570084082,-4.9665,-4.4705,7.7746,-0.3393,0.3389,0.1768
1624570084092,-4.9880,-4.3724,7.6454,-0.2233,0.3230,0.1536
1624570084101,-4.9880,-4.4226,7.5688,-0.1353,0.3047,0.1340
1624570084111,-4.9689,-4.4561,7.5210,-0.0828,0.2864,0.1230
1624570084121,-4.8803,-4.4465,7.3894,-0.0510,0.2583,0.1120
1624570084130,-4.8014,-4.5207,7.1668,-0.0217,0.2253,0.0925
1624570084140,-4.7320,-4.6476,7.1501,-0.0278,0.1923,0.0754
1624570084150,-4.7080,-4.6332,7.1955,-0.0632,0.1557,0.0681
1624570084159,-4.6602,-4.5949,7.1788,-0.1158,0.1275,0.0607
1624570084169,-4.6363,-4.5159,6.9730,-0.1756,0.1031,0.0448
1624570084176,-4.6267,-4.4825,6.8127,-0.2489,0.0811,0.0302
1624570084186,-4.6578,-4.4872,6.7624,-0.3210,0.0604,0.0070
1624570084195,-4.6411,-4.5279,6.7983,-0.3638,0.0384,-0.0272
1624570084205,-4.6291,-4.6476,6.8103,-0.3601,0.0213,-0.0688
1624570084214,-4.6602,-4.8390,6.6572,-0.3259,0.0017,-0.1103
1624570084225,-4.7344,-5.0926,6.5208,-0.2807,-0.0105,-0.1433
1624570084236,-4.6841,-5.2649,6.4873,-0.2551,-0.0337,-0.1665
1624570084246,-4.4496,-5.3845,6.3939,-0.2673,-0.0764,-0.1702
1624570084255,-4.1673,-5.3582,6.3891,-0.3210,-0.1119,-0.1592
1624570084265,-4.0381,-5.3534,6.5112,-0.3674,-0.1314,-0.1628
1624570084275,-3.9854,-5.3654,6.6284,-0.4065,-0.1485,-0.1860
1624570084284,-4.0022,-5.4683,6.6356,-0.4359,-0.1583,-0.2044
1624570084294,-4.0022,-5.5903,6.5878,-0.4444,-0.1644,-0.2227
1624570084303,-3.9998,-5.7315,6.4897,-0.4371,-0.1693,-0.2398
1624570084313,-3.9543,-5.8152,6.3724,-0.4175,-0.1840,-0.2533
1624570084322,-3.9328,-5.8966,6.2910,-0.3662,-0.1925,-0.2679
1624570084332,-3.8873,-5.9756,6.3174,-0.2758,-0.2096,-0.2960
1624570084342,-3.8275,-5.8440,6.4083,-0.1805,-0.2353,-0.3351
1624570084351,-3.7342,-5.6501,6.3150,-0.1035,-0.2573,-0.3656
1624570084361,-3.6097,-5.5329,6.1570,-0.0755,-0.2756,-0.3803
1624570084371,-3.5356,-5.4683,6.0254,-0.1390,-0.2805,-0.3889
1624570084380,-3.4135,-5.6334,5.9513,-0.2611,-0.2890,-0.3925
1624570084390,-3.2221,-5.9421,5.9417,-0.4114,-0.3025,-0.3950
1624570084399,-2.9804,-6.1909,6.1331,-0.5238,-0.3013,-0.3876
1624570084409,-2.8177,-6.5020,6.2528,-0.5312,-0.3037,-0.4011
1624570084419,-2.7483,-6.6169,6.3676,-0.4297,-0.3086,-0.4475
1624570084428,-2.7890,-6.7030,6.4490,-0.2807,-0.3061,-0.4939
1624570084438,-2.7675,-6.7963,6.4059,-0.1683,-0.3147,-0.5123
1624570084447,-2.5928,-6.6719,6.2384,-0.1903,-0.3330,-0.4915
1624570084455,-2.4205,-6.4326,6.0637,-0.2990,-0.3575,-0.4524
1624570084464,-2.2386,-6.4230,6.1116,-0.4456,-0.3709,-0.4377
1624570084474,-2.0855,-6.5642,6.1786,-0.5837,-0.3648,-0.4536
1624570084484,-1.9515,-6.8657,6.3485,-0.6130,-0.3342,-0.4768
1624570084493,-1.8917,-7.1026,6.3533,-0.4859,-0.3110,-0.5025
1624570084503,-1.9228,-7.2222,6.3437,-0.2404,-0.2854,-0.5416
1624570084515,-1.9395,-7.3060,6.3222,0.0125,-0.2646,-0.5636
1624570084524,-1.9252,-7.2270,6.2815,0.1530,-0.2670,-0.5403
1624570084534,-1.8414,-6.9686,6.2528,0.1029,-0.2756,-0.5025
1624570084543,-1.6452,-6.6767,6.2025,-0.1280,-0.2915,-0.4731
1624570084553,-1.4155,-6.5499,6.0757,-0.4383,-0.2927,-0.4451
1624570084563,-1.2504,-6.7556,6.0111,-0.7046,-0.2732,-0.4414
1624570084572,-1.2361,-7.0643,6.1427,-0.8219,-0.2390,-0.4841
1624570084581,-1.2384,-7.3466,6.3365,-0.7486,-0.2121,-0.5440
1624570084592,-1.2361,-7.5931,6.2791,-0.5312,-0.1999,-0.5770
1624570084601,-1.1762,-7.7630,6.1164,-0.3076,-0.1889,-0.5733
1624570084611,-1.0901,-7.6242,6.0661,-0.2123,-0.2011,-0.5306
1624570084620,-0.9035,-7.3969,6.0254,-0.2721,-0.2402,-0.4829
1624570084630,-0.7312,-7.2055,5.9919,-0.4737,-0.2658,-0.4561
1624570084640,-0.5661,-7.1457,5.9441,-0.7327,-0.2658,-0.4365
1624570084649,-0.4393,-7.3227,5.8244,-0.9062,-0.2487,-0.4267
1624570084659,-0.3555,-7.9257,5.7622,-0.8928,-0.2267,-0.4487
1624570084668,-0.4057,-8.1985,5.8268,-0.6973,-0.2035,-0.4927
1624570084678,-0.4680,-8.0238,5.8316,-0.3809,-0.1913,-0.5208
1624570084688,-0.4345,-7.7128,5.8699,-0.0718,-0.1986,-0.5208
1624570084697,-0.2574,-7.4184,5.9824,0.0320,-0.2194,-0.5013
1624570084706,-0.0061,-7.2773,6.0494,-0.0828,-0.2426,-0.4524
1624570084716,0.1781,-7.3299,5.9919,-0.3503,-0.2475,-0.4047
1624570084725,0.2834,-7.6769,5.8867,-0.6289,-0.2267,-0.3766
1624570084734,0.3360,-8.1076,5.7646,-0.7889,-0.2011,-0.3607
1624570084743,0.3456,-8.4761,5.6474,-0.7645,-0.1742,-0.3449
1624570084753,0.3719,-8.4952,5.6450,-0.5654,-0.1571,-0.3473
1624570084762,0.3863,-8.2990,5.7598,-0.2758,-0.1498,-0.3607
1624570084772,0.4389,-8.0717,5.8986,-0.0266,-0.1534,-0.3571
1624570084781,0.5394,-7.8635,5.9776,0.0907,-0.1571,-0.3180
1624570084793,0.5825,-7.6505,5.8436,0.0760,-0.1644,-0.2728
1624570084803,0.4844,-7.6362,5.7144,-0.0376,-0.1730,-0.2312
1624570084812,0.3432,-7.8731,5.7335,-0.2001,-0.1754,-0.1995
1624570084822,0.2475,-8.2966,5.8197,-0.2929,-0.1815,-0.1677
1624570084832,0.1805,-8.5574,5.8603,-0.2599,-0.1827,-0.1409
1624570084841,0.1422,-8.3205,5.9632,-0.1060,-0.1766,-0.1323
1624570084851,0.1494,-7.8683,6.0661,0.0773,-0.1779,-0.1311
1624570084861,0.1853,-7.4950,5.9824,0.1896,-0.1791,-0.1323
1624570084869,0.2044,-7.5596,5.8986,0.1945,-0.1644,-0.1335
1624570084878,0.1949,-7.9185,5.8412,0.1457,-0.1534,-0.1274
1624570084889,0.0226,-8.0525,5.8077,0.1163,-0.1388,-0.1176
1624570084899,-0.1904,-7.8348,5.7766,0.1286,-0.1339,-0.1103
1624570084909,-0.2717,-7.5620,5.8364,0.1286,-0.1473,-0.1005
1624570084918,-0.2048,-7.4160,5.9106,0.0773,-0.1644,-0.0871
1624570084929,-0.0229,-7.6099,5.9991,0.0210,-0.1779,-0.0724
1624570084937,0.0609,-7.8085,6.0996,-0.0022,-0.1717,-0.0724
1624570084947,0.0034,-7.8850,6.1020,0.0736,-0.1608,-0.0859
1624570084957,-0.1354,-7.8396,6.0637,0.1921,-0.1510,-0.1078
1624570084966,-0.2789,-7.7008,6.0087,0.2947,-0.1498,-0.1201
1624570084976,-0.3053,-7.7678,5.9321,0.3631,-0.1632,-0.1127
1624570084986,-0.2000,-7.7941,5.8029,0.3595,-0.1779,-0.0956
1624570084995,-0.1569,-7.7008,5.8388,0.3497,-0.1864,-0.0822
1624570085005,-0.1378,-7.5165,5.9106,0.3692,-0.1925,-0.0895
1624570085012,-0.1090,-7.3395,6.0972,0.4144,-0.1815,-0.1103
1624570085022,-0.0277,-7.1815,6.2288,0.4670,-0.1779,-0.1213
1624570085031,0.0513,-6.9686,6.3269,0.5195,-0.1705,-0.1372
1624570085041,0.1015,-7.0667,6.3796,0.5659,-0.1571,-0.1506
1624570085050,0.0585,-7.2390,6.4274,0.5940,-0.1473,-0.1567
1624570085060,0.0082,-7.3658,6.4609,0.6099,-0.1412,-0.1579
1624570085071,0.0561,-7.2390,6.3389,0.5965,-0.1424,-0.1457
1624570085082,0.1661,-7.2916,6.3868,0.5586,-0.1400,-0.1152
1624570085091,0.2092,-7.1768,6.4849,0.4816,-0.1192,-0.0908
1624570085100,0.3408,-7.0356,6.6380,0.3998,-0.0923,-0.0724
1624570085110,0.4748,-7.0452,6.9012,0.3228,-0.0716,-0.0480
1624570085120,0.4365,-7.0787,6.9012,0.2715,-0.0300,-0.0321
1624570085130,0.3121,-7.0356,6.8821,0.2972,0.0237,-0.0382
1624570085139,0.1542,-7.0260,6.8318,0.3619,0.0506,-0.0419
1624570085147,0.0537,-6.9829,6.8270,0.3595,0.0714,-0.0260
1624570085159,0.0776,-7.2629,6.7505,0.2813,0.0848,0.0375
1624570085168,-0.0014,-7.4184,6.7002,0.1628,0.1007,0.0900
1624570085177,-0.1066,-7.1887,6.5255,0.1041,0.1080,0.0888
1624570085187,-0.1904,-7.1552,6.6619,0.1615,0.1068,0.0681
1624570085196,-0.1856,-6.8322,6.6595,0.2739,0.1153,0.0180
1624570085206,-0.0038,-6.6551,7.2051,0.4987,0.1019,-0.0333
1624570085216,0.1733,-6.5235,6.9634,0.5977,0.0433,-0.0040
1624570085225,-0.0325,-6.6145,6.7600,0.5439,0.0530,0.0375
1624570085236,-0.3555,-6.5786,6.7983,0.4096,0.0799,0.0216
1624570085245,-0.4823,-6.6169,6.7624,0.3020,0.0371,-0.0089
1624570085255,-0.3914,-6.5403,6.7337,0.2288,0.0029,-0.0284
1624570085264,-0.2981,-6.4326,6.6500,0.1310,-0.0251,-0.0126
1624570085274,-0.2359,-6.4876,6.7098,-0.0009,-0.0374,-0.0138
1624570085283,-0.1138,-6.6695,6.9563,-0.0828,-0.0325,-0.0297
1624570085291,-0.0109,-6.8250,7.0902,-0.0877,-0.0129,-0.0431
1624570085300,0.0082,-6.6791,7.2099,-0.0254,0.0152,-0.0651
1624570085310,-0.0133,-6.5977,7.0185,0.0357,0.0335,-0.0712
1624570085320,-0.1641,-6.5809,6.9060,-0.0022,0.0579,-0.0639
1624570085329,-0.2574,-6.8490,6.8486,-0.1109,0.0714,-0.0492
1624570085339,-0.2335,-6.7915,6.8605,-0.2306,0.0836,-0.0309
1624570085351,-0.1665,-6.5929,6.8916,-0.3051,0.0934,-0.0126
1624570085360,-0.0827,-6.3632,6.9682,-0.3772,0.1105,-0.0065
1624570085370,0.0082,-6.4302,7.0448,-0.4725,0.1324,-0.0052
1624570085380,0.0920,-6.8035,6.8510,-0.5837,0.1520,0.0021
1624570085389,0.0202,-7.1122,6.7529,-0.6753,0.2094,-0.0065
1624570085399,-0.0540,-7.2270,6.6859,-0.7193,0.2632,-0.0089
1624570085408,-0.1019,-7.2653,6.5806,-0.7340,0.2839,0.0058
1624570085418,-0.0995,-7.3514,6.6595,-0.7767,0.3071,0.0253
1624570085427,-0.1569,-7.4950,6.5758,-0.8390,0.3084,0.0558
1624570085437,-0.1114,-7.5118,6.5231,-0.8757,0.3181,0.0558
1624570085447,-0.0803,-7.5716,6.3030,-0.8879,0.3084,0.0729
1624570085456,-0.0157,-7.6075,6.1786,-0.8781,0.3120,0.0839
1624570085466,0.1183,-7.7989,6.0661,-0.8610,0.3120,0.1010
1624570085476,0.1709,-8.1195,6.0709,-0.8219,0.3230,0.1230
1624570085485,0.0704,-8.3158,6.0661,-0.7779,0.3242,0.1414
1624570085494,-0.0372,-8.3397,6.0542,-0.6998,0.3304,0.1597
1624570085504,-0.0253,-8.3397,5.9895,-0.6179,0.3120,0.1890
1624570085514,0.0130,-8.4593,5.7838,-0.5605,0.2913,0.2183
1624570085524,0.0489,-8.4593,5.6833,-0.5324,0.2742,0.2415
1624570085533,0.0752,-8.5837,5.7000,-0.4872,0.2656,0.2538
1624570085543,0.0728,-8.6699,5.6976,-0.4224,0.2607,0.2684
1624570085553,0.0489,-8.5311,5.7407,-0.3393,0.2595,0.2892
1624570085562,-0.0420,-8.2966,5.8149,-0.2392,0.2534,0.3051
1624570085570,-0.2454,-8.1435,5.8125,-0.1573,0.2436,0.3148
1624570085579,-0.4249,-8.1387,5.8029,-0.1402,0.2302,0.3344
1624570085589,-0.4967,-8.2200,5.7598,-0.1487,0.2082,0.3576
1624570085598,-0.4512,-8.3229,5.7933,-0.1487,0.1886,0.3686
1624570085608,-0.3124,-8.3325,5.7527,-0.1451,0.1789,0.3882
1624570085618,-0.1402,-8.4665,5.7192,-0.1378,0.1764,0.4175
1624570085630,0.0441,-8.6220,5.7479,-0.1268,0.1801,0.4443
1624570085639,0.2475,-8.6723,5.7096,-0.1121,0.1960,0.4785
1624570085649,0.2810,-8.6220,5.5636,-0.0962,0.2155,0.5201
1624570085658,0.1446,-8.6196,5.4775,-0.0889,0.2412,0.5470
1624570085668,-0.0444,-8.6196,5.3937,-0.1072,0.2473,0.5763
1624570085677,-0.2239,-8.6483,5.3722,-0.1121,0.2351,0.6142
1624570085686,-0.3914,-8.6364,5.4583,-0.0925,0.2143,0.6459
1624570085697,-0.4488,-8.5766,5.5517,-0.0571,0.1886,0.6777
1624570085706,-0.3986,-8.4904,5.5349,0.0064,0.1642,0.7107
1624570085716,-0.3387,-8.4593,5.5014,0.0931,0.1606,0.7351
1624570085726,-0.2048,-8.5096,5.3650,0.1958,0.1666,0.7498
1624570085735,-0.1593,-8.5479,5.2071,0.2642,0.1764,0.7864
1624570085745,-0.2430,-8.3588,5.1592,0.2801,0.1813,0.8231
1624570085754,-0.3627,-8.0143,5.1353,0.2092,0.1776,0.8597
1624570085762,-0.6091,-7.7295,5.1712,0.0467,0.1776,0.8915
1624570085773,-0.9035,-7.5165,5.1497,-0.1341,0.1838,0.9062
1624570085783,-1.1571,-7.4974,5.1975,-0.2673,0.1838,0.8976
1624570085793,-1.3055,-7.5859,5.2430,-0.3174,0.1813,0.8719
1624570085802,-1.4299,-7.5931,5.2167,-0.2770,0.1752,0.8548
1624570085812,-1.5256,-7.4591,5.1018,-0.1964,0.1728,0.8426
1624570085822,-1.5208,-7.3778,5.0372,-0.1341,0.1703,0.8365
1624570085831,-1.3748,-7.3443,4.9008,-0.1072,0.1630,0.8390
1624570085839,-1.2935,-7.3706,4.8889,-0.0913,0.1703,0.8304
1624570085848,-1.4179,-7.4543,4.9750,-0.0693,0.1776,0.8243
1624570085858,-1.6692,-7.3251,4.8721,-0.0241,0.1752,0.8255
1624570085867,-2.0113,-7.2079,4.9487,0.0455,0.1679,0.8121
1624570085877,-2.3559,-7.0715,5.0228,0.0895,0.1532,0.7840
1624570085887,-2.5760,-7.0475,5.1066,0.1335,0.1361,0.7473
1624570085896,-2.6646,-7.0188,5.0228,0.1884,0.1178,0.6911
1624570085907,-2.6933,-7.0715,5.0683,0.2520,0.1117,0.6533
1624570085917,-2.5904,-7.0643,5.0157,0.3253,0.1117,0.6362
1624570085927,-2.5928,-6.8872,5.0468,0.4328,0.1300,0.6032
1624570085937,-2.7722,-6.8035,4.9798,0.5488,0.1508,0.5616
1624570085946,-3.0618,-6.6408,5.0228,0.6539,0.1581,0.5250
1624570085956,-3.2939,-6.4278,5.2167,0.7248,0.1447,0.4883
1624570085966,-3.3537,-6.2890,5.2167,0.7406,0.1263,0.4492
1624570085975,-3.3561,-6.3345,5.2717,0.7016,0.1263,0.4114
1624570085985,-3.3705,-6.4398,5.3626,0.6038,0.1227,0.3820
1624570085994,-3.4183,-6.6288,5.2741,0.4853,0.1178,0.3576
1624570086004,-3.4303,-6.7150,5.1257,0.3986,0.1202,0.3405
1624570086014,-3.4805,-6.6934,5.1473,0.3900,0.1275,0.3246
1624570086023,-3.5691,-6.4254,5.2717,0.4450,0.1275,0.2904
1624570086033,-3.7198,-6.1215,5.4249,0.5501,0.1239,0.2379
1624570086042,-3.9041,-5.9157,5.5660,0.6417,0.1153,0.1768
1624570086052,-4.0883,-5.9062,5.6522,0.6735,0.0995,0.1291
1624570086062,-4.2008,-6.0521,5.6857,0.6453,0.0848,0.0961
1624570086071,-4.2151,-6.0689,5.7766,0.5928,0.0726,0.0766
1624570086081,-4.1553,-5.9947,5.8795,0.5598,0.0628,0.0705
1624570086090,-4.1027,-5.8272,6.0015,0.5855,0.0701,0.0607
1624570086100,-4.0500,-5.6693,5.9872,0.6625,0.0872,0.0412
1624570086109,-4.0333,-5.5760,5.7263,0.7663,0.1092,0.0045
1624570086117,-4.1601,-5.4874,5.5900,0.8628,0.1239,-0.0370
1624570086127,-4.3611,-5.3582,5.6713,0.9251,0.1141,-0.0737
1624570086138,-4.5166,-5.3104,5.8244,0.9264,0.0762,-0.1078
1624570086146,-4.5094,-5.2960,5.9656,0.8665,0.0384,-0.1396
1624570086156,-4.4592,-5.4587,6.1116,0.7822,0.0152,-0.1751
1624570086166,-4.4233,-5.4491,6.1092,0.7101,0.0042,-0.2068
1624570086177,-4.4520,-5.4372,6.2336,0.6967,0.0103,-0.2252
1624570086186,-4.3659,-5.4300,6.1786,0.7431,0.0103,-0.2471
1624570086196,-4.2558,-5.4013,5.9943,0.8103,0.0078,-0.2679
1624570086205,-4.2534,-5.3080,5.8077,0.8824,0.0005,-0.2826
1624570086216,-4.3683,-5.1453,5.7407,0.9166,-0.0239,-0.3021
1624570086224,-4.4927,-4.9921,5.8149,0.9105,-0.0691,-0.3241
1624570086235,-4.5334,-4.8988,6.0183,0.8714,-0.1229,-0.3461
1624570086244,-4.5023,-4.8940,6.2575,0.8274,-0.1693,-0.3669
1624570086253,-4.4927,-4.9993,6.4920,0.7822,-0.2011,-0.3730
1624570086264,-4.4424,-5.1142,6.6428,0.7370,-0.2206,-0.3583
1624570086273,-4.4712,-5.1835,6.7098,0.7174,-0.2402,-0.3339
1624570086283,-4.5118,-5.2529,6.6930,0.7040,-0.2622,-0.3131
1624570086292,-4.5262,-5.1955,6.6882,0.7052,-0.2915,-0.2997
1624570086302,-4.5932,-5.0448,6.7696,0.6942,-0.3330,-0.2838
1624570086311,-4.5453,-5.0424,7.0065,0.6930,-0.3746,-0.2813
1624570086321,-4.4664,-5.1094,7.4803,0.6991,-0.3892,-0.2826
1624570086331,-4.3922,-5.3199,7.6861,0.7468,-0.3929,-0.2765
1624570086340,-4.3228,-5.5520,7.9182,0.8384,-0.3855,-0.2606
1624570086348,-4.3156,-5.4611,7.9517,0.9141,-0.3819,-0.2142
1624570086360,-4.4185,-5.1931,7.9134,0.9618,-0.3746,-0.1592
1624570086369,-4.4855,-4.8820,7.8775,0.9667,-0.3685,-0.1213
1624570086379,-4.5190,-4.7169,8.0019,0.9117,-0.3660,-0.0932
1624570086386,-4.4664,-4.3891,8.0522,0.7651,-0.3562,-0.0578
1624570086396,-4.4066,-4.1690,8.2125,0.5708,-0.3403,-0.0187
1624570086405,-4.3276,-4.0111,8.4135,0.3729,-0.3171,0.0033
1624570086415,-4.2582,-3.8771,8.5786,0.1945,-0.2732,0.0143
1624570086425,-4.2414,-3.9465,8.8226,0.0882,-0.2206,0.0253
1624570086434,-4.2678,-4.0781,8.9662,0.0650,-0.1595,0.0314
1624570086446,-4.3396,-4.2312,8.9351,0.1005,-0.1070,0.0436
1624570086456,-4.4807,-4.5183,8.8394,0.1579,-0.0642,0.0766
1624570086465,-4.5717,-4.8533,8.8298,0.2202,-0.0386,0.1157
1624570086475,-4.5908,-4.8294,8.7748,0.2422,-0.0227,0.1536
1624570086484,-4.5166,-4.6667,8.7245,0.2348,-0.0080,0.2012
1624570086494,-4.4042,-4.3580,8.6049,0.1725,0.0103,0.2452
1624570086504,-4.3802,-4.1738,8.5211,0.0773,0.0457,0.2696
1624570086513,-4.4424,-3.9656,8.4111,-0.0437,0.0897,0.2733
1624570086523,-4.5214,-3.9776,8.3680,-0.1536,0.1324,0.2721
1624570086533,-4.5334,-4.1068,8.3178,-0.2282,0.1642,0.2660
1624570086542,-4.4424,-4.2599,8.2125,-0.2758,0.1825,0.2538
1624570086551,-4.2749,-4.2838,8.1503,-0.3174,0.1911,0.2452
1624570086561,-4.1936,-4.1451,8.1096,-0.3503,0.2009,0.2428
1624570086571,-4.1744,-4.0446,8.0857,-0.3906,0.2106,0.2354
1624570086580,-4.2486,-4.0015,8.0019,-0.4371,0.2192,0.2208
1624570086590,-4.3372,-4.0565,7.8823,-0.4798,0.2265,0.2049
1624570086600,-4.4377,-4.3197,7.7650,-0.4884,0.2290,0.1890
1624570086609,-4.4305,-4.6619,7.7028,-0.4664,0.2216,0.1805
1624570086618,-4.3754,-4.7935,7.6215,-0.4224,0.2057,0.1792
1624570086629,-4.3132,-4.8055,7.5162,-0.3503,0.1850,0.1927
1624570086638,-4.3060,-4.6499,7.4276,-0.2599,0.1630,0.1988
1624570086646,-4.3348,-4.4202,7.3176,-0.1915,0.1508,0.1914
1624570086655,-4.4089,-4.2647,7.1955,-0.1365,0.1349,0.1670
1624570086665,-4.4472,-4.3484,7.1764,-0.1072,0.1166,0.1316
1624570086675,-4.3970,-4.4274,7.2745,-0.1231,0.1019,0.0986
1624570086684,-4.2965,-4.4059,7.4205,-0.1292,0.0885,0.0742
1624570086698,-4.2390,-4.3796,7.3630,-0.1060,0.0714,0.0448
1624570086704,-4.2295,-4.3150,7.2673,-0.0913,0.0530,0.0021
1624570086715,-4.2127,-4.3556,7.1453,-0.0925,0.0323,-0.0394
1624570086725,-4.1697,-4.5351,6.9180,-0.0791,0.0164,-0.0785
1624570086735,-4.1290,-4.6930,6.8007,-0.0278,0.0017,-0.1262
1624570086744,-4.0165,-4.8988,6.7792,0.0430,-0.0190,-0.1751
1624570086754,-3.9136,-4.9084,6.8988,0.0919,-0.0545,-0.2117
1624570086764,-3.7437,-4.4920,6.7576,0.0308,-0.0911,-0.2264
1624570086773,-3.5667,-4.2097,6.6524,-0.0974,-0.1204,-0.2276
1624570086782,-3.4087,-4.1905,6.6069,-0.2330,-0.1424,-0.2545
1624570086791,-3.3681,-4.3963,6.6380,-0.3406,-0.1595,-0.3070
1624570086802,-3.3848,-4.8390,6.7720,-0.3540,-0.1754,-0.3656
1624570086811,-3.3920,-5.2697,6.8127,-0.2868,-0.1974,-0.4206
1624570086821,-3.2747,-5.6190,6.8031,-0.1988,-0.2255,-0.4536
1624570086830,-2.9780,-5.8822,6.8342,-0.1414,-0.2548,-0.4548
1624570086838,-2.6813,-5.7841,6.7744,-0.1475,-0.2854,-0.4365
1624570086850,-2.5665,-5.3750,6.6930,-0.1988,-0.3049,-0.4230
1624570086859,-2.5928,-5.0065,6.6859,-0.2257,-0.3257,-0.4438
1624570086870,-2.6359,-4.8318,6.8127,-0.2074,-0.3513,-0.4903
1624570086878,-2.5760,-5.0495,6.8940,-0.1158,-0.3672,-0.5355
1624570086887,-2.4875,-5.6932,6.8055,0.0369,-0.3807,-0.5843
1624570086897,-2.3703,-6.3154,6.7576,0.1896,-0.3965,-0.6112
1624570086907,-2.1956,-6.4015,6.8414,0.2361,-0.4246,-0.5721
1624570086917,-1.9922,-6.0473,6.8869,0.1909,-0.4564,-0.5074
1624570086926,-1.8343,-5.6190,6.9395,0.1005,-0.4796,-0.4878
1624570086935,-1.7577,-5.2003,7.0137,-0.0547,-0.4747,-0.5086
1624570086945,-1.7673,-5.0759,7.1692,-0.1830,-0.4515,-0.5477
1624570086954,-1.7505,-5.1955,7.2147,-0.2172,-0.4234,-0.5978
1624570086963,-1.7266,-5.5879,7.2290,-0.1378,-0.3978,-0.6589
1624570086976,-1.6189,-5.9588,7.2195,-0.0364,-0.3904,-0.7004
1624570086984,-1.4299,-6.0354,7.0974,-0.0254,-0.3978,-0.6784
1624570086994,-1.2361,-5.8894,7.0567,-0.1414,-0.4100,-0.6161
1624570087003,-1.0590,-5.7770,7.0209,-0.3711,-0.4222,-0.5758
1624570087013,-0.8389,-5.7674,7.0567,-0.6875,-0.4222,-0.5697
1624570087022,-0.5996,-5.9564,7.1955,-0.9722,-0.4039,-0.5648
1624570087032,-0.5062,-6.3249,7.2506,-1.0980,-0.3709,-0.5733
1624570087042,-0.6020,-6.4637,7.2218,-1.0443,-0.3391,-0.6100
1624570087051,-0.6905,-6.4374,7.2147,-0.8390,-0.3208,-0.6576
1624570087061,-0.6570,-6.4374,7.1668,-0.5727,-0.3171,-0.6870
1624570087071,-0.5110,-6.5211,7.1477,-0.4175,-0.3232,-0.6699
1624570087080,-0.2933,-6.5642,7.1118,-0.4151,-0.3306,-0.6124
1624570087090,-0.1066,-6.5929,7.1908,-0.5165,-0.3257,-0.5538
1624570087099,0.0872,-6.6169,7.1405,-0.6570,-0.3171,-0.5184
1624570087108,0.2547,-6.7820,7.0089,-0.7462,-0.2829,-0.4964
1624570087119,0.3241,-7.1193,7.1190,-0.6826,-0.2414,-0.4854
1624570087128,0.2738,-7.2318,7.2841,-0.4615,-0.2121,-0.5037
1624570087138,0.2307,-7.2988,7.4133,-0.0987,-0.1962,-0.5342
1624570087148,0.2475,-7.2079,7.4109,0.2361,-0.1803,-0.5342
1624570087156,0.3097,-6.9399,7.3056,0.3986,-0.1742,-0.4744
1624570087166,0.3360,-6.6503,7.1357,0.3741,-0.1730,-0.3986
1624570087176,0.3145,-6.3847,6.9730,0.1958,-0.1705,-0.3522
1624570087186,0.3432,-6.3488,6.9610,-0.0547,-0.1620,-0.3241
1624570087194,0.3312,-6.6240,7.0639,-0.2795,-0.1559,-0.3094
1624570087203,0.2858,-6.9638,7.1764,-0.4163,-0.1485,-0.3046
1624570087212,0.2212,-7.3323,7.2147,-0.4420,-0.1546,-0.2911
1624570087222,0.1781,-7.4232,7.1237,-0.4016,-0.1656,-0.2655
1624570087232,0.2379,-7.1457,7.0639,-0.3760,-0.1754,-0.2215
1624570087242,0.3241,-6.7556,6.9658,-0.4053,-0.1779,-0.1775
1624570087253,0.2690,-6.5642,6.9634,-0.4957,-0.1669,-0.1567
1624570087263,0.1183,-6.7580,6.8414,-0.6093,-0.1522,-0.1567
1624570087272,-0.0038,-7.2557,6.8342,-0.6936,-0.1388,-0.1518
1624570087282,-0.0444,-7.6003,6.8773,-0.6973,-0.1436,-0.1409
1624570087292,0.1039,-7.6075,6.8366,-0.6203,-0.1559,-0.1189
1624570087301,0.2738,-7.4448,6.8223,-0.5336,-0.1632,-0.0785
1624570087311,0.3504,-7.1337,6.7433,-0.4945,-0.1705,-0.0394
1624570087321,0.2140,-7.1313,6.6308,-0.4884,-0.1656,-0.0187
1624570087330,-0.0181,-7.3993,6.5399,-0.4823,-0.1522,-0.0187
1624570087340,-0.1856,-7.7869,6.4897,-0.3894,-0.1534,-0.0223
1624570087349,-0.2622,-8.0190,6.5758,-0.1866,-0.1632,-0.0309
1624570087359,-0.2550,-7.7750,6.8605,0.0711,-0.1766,-0.0382
1624570087369,-0.1545,-7.3060,6.9969,0.3350,-0.1999,-0.0321
1624570087378,-0.0875,-6.8968,6.8988,0.5293,-0.2145,-0.0162
1624570087388,-0.0803,-6.7221,6.6284,0.6026,-0.2206,-0.0065
1624570087397,-0.1114,-6.7867,6.4633,0.5989,-0.2231,-0.0004
1624570087407,-0.0325,-6.9782,6.3222,0.5989,-0.2304,0.0107
1624570087417,0.1087,-7.1672,6.4825,0.6148,-0.2414,0.0363
1624570087426,0.2212,-7.2294,6.7433,0.6368,-0.2597,0.0754
1624570087436,0.1757,-7.3108,6.9993,0.6796,-0.2683,0.1047
1624570087446,0.0441,-7.4137,7.0424,0.7785,-0.2683,0.1084
1624570087455,-0.1210,-7.5070,7.2769,0.9312,-0.2646,0.1120
1624570087462,-0.2071,-7.3921,7.3511,1.1621,-0.2719,0.1206
1624570087472,-0.1712,-7.1935,7.2769,1.4578,-0.2744,0.1353
1624570087481,-0.1354,-7.0906,7.3870,1.7302,-0.2805,0.1658
1624570087491,-0.1593,-6.9303,7.5162,1.9453,-0.2841,0.1914
1624570087501,-0.2478,-6.6384,7.7196,2.1334,-0.2878,0.2146
1624570087510,-0.3292,-6.1622,7.7411,2.2715,-0.3037,0.2440
1624570087522,-0.4034,-5.7363,7.6645,2.3301,-0.3281,0.2794
1624570087532,-0.4991,-5.4420,7.5497,2.3289,-0.3526,0.3210
1624570087541,-0.6091,-5.2864,7.5186,2.3118,-0.3623,0.3222
1624570087551,-0.7431,-4.9443,7.7746,2.3228,-0.3672,0.2892
1624570087560,-0.7072,-4.6404,8.1479,2.3875,-0.3990,0.2696
1624570087570,-0.5756,-4.2264,8.3489,2.4523,-0.4393,0.2709
1624570087580,-0.4871,-3.8196,8.7293,2.4584,-0.4466,0.2647
1624570087590,-0.5780,-3.6330,8.7939,2.3521,-0.4393,0.2819
1624570087599,-0.6929,-3.6521,8.9734,2.2043,-0.4088,0.2684
1624570087608,-0.7240,-3.5397,9.1696,2.0968,-0.3794,0.2525
1624570087618,-0.7264,-3.4105,9.3443,2.0723,-0.3575,0.2477
1624570087628,-0.7455,-3.0994,9.3562,2.1126,-0.3501,0.2244
1624570087638,-0.6714,-2.4964,9.4831,2.1676,-0.3562,0.1719
1624570087647,-0.5708,-1.9700,9.6075,2.1175,-0.3513,0.1548
1624570087657,-0.5469,-1.7116,9.4352,1.9086,-0.3293,0.1450
1624570087667,-0.3316,-1.3502,9.3467,1.5311,-0.2780,0.0998
1624570087676,-0.0157,-1.4388,9.3443,1.0668,-0.2206,0.0949
1624570087686,0.1566,-1.7618,9.5309,0.5684,-0.1498,0.0974
1624570087695,0.1781,-1.9245,9.9329,0.1994,-0.0703,0.0656
1624570087704,0.1566,-1.8336,10.0047,0.0357,-0.0313,0.0119
1624570087714,0.1613,-2.1518,10.0741,0.0333,-0.0203,-0.0333
1624570087724,0.1566,-2.4653,9.9329,0.0296,0.0127,-0.0553
1624570087734,0.1183,-2.1925,9.8252,0.0162,0.0335,-0.0590
1624570087741,0.0872,-2.0154,9.4017,0.0479,0.0323,-0.0724
1624570087750,0.0609,-2.0178,9.2414,0.0443,0.0506,-0.0993
1624570087760,0.1996,-2.8290,9.6219,0.0357,0.1068,-0.1237
1624570087770,0.2786,-3.0061,10.3708,0.0944,0.1838,-0.1421
1624570087779,0.2451,-1.6422,10.4067,0.3668,0.1434,-0.2202
1624570087789,0.3241,-1.7857,9.4591,0.4719,0.0689,-0.1836
1624570087801,0.3791,-1.8336,9.3108,0.1652,0.1105,-0.1763
1624570087809,0.2547,-1.6039,9.2725,-0.2685,0.1569,-0.2129
1624570087818,0.3025,-1.8695,9.1433,-0.5544,0.1471,-0.2239
1624570087830,0.4198,-2.1638,9.0763,-0.8366,0.1398,-0.2093
1624570087839,0.5155,-2.4629,9.2055,-1.1017,0.1483,-0.1958
1624570087849,0.5514,-3.0922,9.4639,-1.2080,0.1813,-0.2105
1624570087858,0.5131,-3.6067,9.7391,-1.0956,0.2216,-0.2325
1624570087868,0.4485,-3.9776,9.8827,-0.7914,0.2314,-0.2422
1624570087878,0.4054,-4.0350,9.7343,-0.3748,0.2131,-0.2533
1624570087887,0.3576,-3.7048,9.3084,-0.0339,0.1874,-0.2484
1624570087897,0.3312,-3.5421,8.8179,0.1200,0.1532,-0.2044
1624570087906,0.3624,-3.2525,8.6839,0.0382,0.1471,-0.1384
1624570087916,0.4317,-3.0444,8.5164,-0.1597,0.1544,-0.0810
1624570087926,0.5442,-3.5110,8.7389,-0.3271,0.1752,-0.0504
1624570087935,0.5729,-3.9752,9.0667,-0.4517,0.2057,-0.0297
1624570087945,0.4940,-4.2288,9.6314,-0.4798,0.2351,0.0021
1624570087954,0.3097,-4.1714,9.9210,-0.4078,0.2424,0.0338
1624570087964,0.0896,-3.9919,9.9305,-0.3137,0.2448,0.0791
1624570087974,-0.1880,-3.8388,9.7343,-0.2269,0.2436,0.1230
1624570087983,-0.4632,-3.6067,9.3156,-0.1793,0.2461,0.1487
1624570087992,-0.6594,-3.6904,9.2462,-0.1072,0.2558,0.1621
1624570088002,-0.7168,-3.7766,9.3395,0.0125,0.2522,0.1621
1624570088012,-0.7096,-3.6928,9.2462,0.2190,0.2216,0.1731
1624570088021,-0.7455,-3.5325,9.2294,0.4535,0.1898,0.1743
1624570088029,-0.8915,-3.1808,9.0907,0.6515,0.1593,0.1633
1624570088039,-1.1068,-3.0779,9.0476,0.7822,0.1410,0.1560
1624570088048,-1.1427,-3.0611,9.2175,0.8359,0.1251,0.1328
1624570088058,-1.0566,-2.9056,9.2605,0.8775,0.0921,0.1059
1624570088068,-1.0159,-2.6974,9.2749,0.9141,0.0555,0.0986
1624570088078,-1.0063,-2.3145,9.1600,0.8775,0.0139,0.0876
1624570088089,-1.0375,-2.0154,9.1648,0.7272,-0.0129,0.0742
1624570088099,-1.1092,-1.8958,8.9925,0.4755,-0.0203,0.0729
1624570088108,-1.2217,-2.1447,8.9447,0.2141,-0.0044,0.0509
1624570088118,-1.3174,-2.7931,8.9590,0.1127,0.0017,0.0021
1624570088128,-1.3294,-3.3052,9.0930,0.1811,-0.0056,-0.0358
1624570088137,-1.3246,-3.3052,9.2773,0.3143,-0.0386,-0.0272
1624570088147,-1.2050,-2.6615,9.1935,0.3534,-0.0862,0.0070
1624570088157,-1.0733,-2.0298,9.0907,0.3045,-0.1033,0.0131
1624570088166,-1.0422,-1.8527,8.9710,0.2104,-0.0972,-0.0077
1624570088176,-0.9537,-2.1279,9.0045,0.1554,-0.0874,-0.0358
1624570088186,-0.8389,-2.2739,9.1720,0.1652,-0.0923,-0.0443
1624570088195,-0.5015,-2.2858,9.5046,0.2593,-0.0984,-0.0309
1624570088204,-0.2765,-2.3720,9.7559,0.3998,-0.0679,-0.0236
1624570088213,-0.3076,-2.7835,9.3778,0.5391,-0.0398,-0.0394
1624570088223,-0.5302,-3.3985,9.2151,0.7321,-0.0251,-0.0761
1624570088233,-0.6474,-3.2789,9.1911,0.9239,-0.0606,-0.0675
1624570088243,-0.5828,-2.3552,9.0260,1.0546,-0.1046,-0.0333
1624570088253,-0.5565,-1.8743,9.0787,1.1096,-0.1070,0.0558
1624570088262,-0.5972,-0.9865,9.1265,1.0021,-0.0887,0.0656
1624570088272,-0.6259,-0.9435,9.1696,0.9777,-0.0691,0.0082
1624570088281,-0.4823,-1.1445,9.2534,0.9508,-0.0764,-0.0382
1624570088291,-0.3579,-1.2234,9.1217,0.8946,-0.0789,-0.0517
1624570088301,-0.3459,-1.4125,9.3754,0.8922,-0.0826,-0.0541
1624570088308,-0.5445,-1.6087,9.2270,0.9789,-0.1009,-0.0614
1624570088319,-0.6977,-1.7044,9.1672,1.0730,-0.1375,-0.0602
1624570088329,-0.7240,-1.8408,8.8657,1.1805,-0.1852,-0.0517
1624570088338,-0.6402,-1.5560,8.7054,1.2770,-0.2353,-0.0492
1624570088347,-0.5086,-0.9578,8.9830,1.3735,-0.2878,-0.0492
1624570088359,-0.0540,-0.6109,9.3850,1.3869,-0.3208,-0.0480
1624570088368,0.2738,-0.5415,9.6913,1.1964,-0.2964,-0.0260
1624570088377,0.2642,-0.5415,9.8492,0.9593,-0.2524,-0.0077
1624570088387,0.1135,-0.6396,9.8898,0.8396,-0.2231,-0.0236
1624570088396,-0.0133,-0.7736,9.9018,0.8164,-0.2084,-0.0333
1624570088406,-0.0803,-0.6755,10.0262,0.8115,-0.1962,-0.0187
1624570088416,-0.1162,-0.5462,10.0789,0.8457,-0.1766,-0.0040
1624570088425,-0.0588,-0.4505,10.0669,0.9288,-0.1644,-0.0040
1624570088435,0.0585,-0.3668,10.0885,0.9740,-0.1546,-0.0065
1624570088444,0.1111,-0.1395,10.1267,0.9703,-0.1363,-0.0052
1624570088454,0.1470,0.1429,10.1602,0.9080,-0.1143,-0.0016
1624570088464,0.2092,0.4348,10.1555,0.7834,-0.0899,-0.0101
1624570088473,0.2858,0.2841,10.2847,0.5965,-0.0410,-0.0187
1624570088482,0.1350,-0.0318,10.3517,0.4144,0.0152,-0.0138
1624570088492,-0.0923,-0.1538,10.2703,0.3130,0.0274,-0.0211
1624570088502,-0.1808,-0.0773,9.9927,0.3179,0.0042,-0.0297
1624570088512,-0.0779,0.1333,9.8707,0.3582,-0.0093,-0.0248
1624570088521,-0.0038,0.2601,9.8731,0.4181,-0.0117,-0.0260
1624570088530,-0.0564,0.5066,9.7439,0.4535,-0.0251,-0.0382
1624570088539,-0.0923,0.7100,9.7343,0.4462,-0.0532,-0.0468
1624570088550,-0.0732,0.6765,9.8109,0.4267,-0.0764,-0.0480
1624570088558,0.2427,0.3606,9.9042,0.3741,-0.0752,-0.0358
1624570088568,0.5777,0.1668,10.0119,0.3082,-0.0545,-0.0199
1624570088627,0.5610,0.2649,10.0430,0.2801,-0.0471,-0.0016
1624570088628,0.5227,0.4348,10.1722,0.2984,-0.0484,0.0082
1624570088629,0.3576,0.5090,10.3804,0.3179,-0.0361,0.0192
1624570088630,0.3384,0.4276,10.4234,0.3179,-0.0068,0.0375
1624570088631,0.3408,0.2553,10.3541,0.3473,0.0262,0.0485
1624570088633,0.2523,0.1285,10.1196,0.4523,0.0481,0.0485
1624570088646,-0.0372,0.4898,9.8994,0.6307,0.0408,0.0375
1624570088649,-0.0851,1.1694,9.7104,0.7675,0.0127,0.0363
1624570088654,0.1470,1.2914,9.6625,0.7675,0.0469,0.0302
1624570088663,0.2858,0.9804,9.7511,0.5989,0.1190,0.0107
1624570088673,0.1877,0.7531,9.9425,0.3827,0.1752,-0.0040
1624570088687,-0.1234,0.8296,9.9999,0.2080,0.1825,-0.0028
1624570088694,-0.3555,1.1407,9.9688,0.0602,0.1581,-0.0004
1624570088703,-0.4536,1.3058,9.6601,-0.1145,0.1459,0.0009
1624570088714,-0.5780,0.9110,9.7295,-0.2831,0.1654,0.0107
1624570088723,-0.8604,0.6693,9.9281,-0.3601,0.1508,0.0228
1624570088733,-0.9705,0.7985,10.0621,-0.3650,0.0848,0.0497
1624570088742,-0.8436,0.9445,10.0550,-0.3308,0.0176,0.0595
1624570088752,-0.8030,1.0641,9.9186,-0.3369,-0.0105,0.0314
1624570088761,-0.8197,1.1526,9.6458,-0.3320,-0.0190,-0.0101
1624570088771,-0.8269,1.0186,9.3945,-0.2660,-0.0276,-0.0529
1624570088781,-0.8652,0.8679,9.2773,-0.1976,-0.0447,-0.0773
1624570088790,-0.8269,0.8751,9.2581,-0.1927,-0.0655,-0.0810
1624570088799,-0.6498,0.8918,9.3754,-0.2428,-0.0887,-0.0859
1624570088808,-0.5254,1.0258,9.5931,-0.3381,-0.1094,-0.1005
1624570088817,-0.3316,1.1742,9.6960,-0.5079,-0.1339,-0.1127
1624570088829,-0.0229,0.9971,9.7559,-0.6888,-0.1375,-0.1127
1624570088838,0.0417,0.6597,9.9138,-0.8512,-0.1143,-0.1201
1624570088848,-0.0229,0.4635,9.9138,-0.9734,-0.1070,-0.1286
1624570088856,0.0130,0.2577,10.0789,-1.0137,-0.1009,-0.1433
1624570088867,0.0489,0.2242,10.2823,-1.0137,-0.0960,-0.1579
1624570088875,0.2666,0.3056,10.2536,-1.0223,-0.0850,-0.1641
1624570088884,0.4963,0.2171,10.3756,-1.0235,-0.0447,-0.1824
1624570088894,0.6878,0.1166,10.4474,-1.0565,0.0029,-0.1983
1624570088904,0.8194,0.0280,10.4570,-1.0992,0.0604,-0.2129
1624570088913,0.7835,-0.0701,10.4426,-1.1347,0.1080,-0.2252
1624570088923,0.7954,-0.0605,10.3469,-1.1921,0.1447,-0.2361
1624570088935,0.8194,-0.1227,10.2057,-1.2434,0.1813,-0.2435
1624570088944,0.8792,-0.3716,10.1650,-1.3057,0.2253,-0.2557
1624570088953,0.8529,-0.5582,10.1052,-1.3766,0.2461,-0.2581
1624570088963,1.0060,-0.7329,9.9664,-1.4401,0.2485,-0.2508
1624570088973,1.2668,-1.1229,9.8827,-1.5208,0.2729,-0.2325
1624570088983,1.3769,-1.5967,9.9257,-1.6038,0.3242,-0.2056
1624570088992,1.2477,-1.9700,10.0406,-1.5892,0.3731,-0.1934
1624570089002,1.0467,-2.2045,10.1842,-1.4487,0.3890,-0.1824
1624570089011,0.8553,-2.3289,10.3062,-1.2434,0.3914,-0.1518
1624570089020,0.7237,-2.2811,10.4354,-1.0663,0.3866,-0.1103
1624570089029,0.6662,-2.3145,10.3971,-0.9539,0.3829,-0.0688
1624570089040,0.6710,-2.4127,10.2392,-0.9319,0.4061,-0.0284
1624570089049,0.7380,-2.5371,10.1483,-0.9502,0.4477,0.0058
1624570089058,0.7978,-2.5395,10.1100,-0.8977,0.4868,0.0290
1624570089069,0.9534,-2.6663,9.8157,-0.7621,0.5087,0.0375
1624570089079,0.9869,-2.6950,9.7319,-0.6497,0.5258,0.0497
1624570089088,0.9558,-2.8912,9.7080,-0.5971,0.5478,0.0827
1624570089098,0.8912,-3.1520,9.7104,-0.6057,0.5820,0.1230
1624570089107,0.8002,-3.2262,9.6362,-0.6826,0.5991,0.1670
1624570089117,0.6591,-3.2932,9.6099,-0.8036,0.6028,0.2281
1624570089127,0.5011,-3.2047,9.5453,-0.9355,0.6040,0.2916
1624570089134,0.5011,-3.2501,9.5453,-1.0553,0.6089,0.3466
1624570089144,0.6112,-3.4248,9.5453,-1.1200,0.6321,0.3882
1624570089153,0.6710,-3.6210,9.5549,-1.1115,0.6749,0.4065
1624570089163,0.6615,-3.7000,9.4185,-1.0443,0.7238,0.4150
1624570089173,0.4389,-3.9249,9.2892,-0.9172,0.7665,0.4248
1624570089183,0.2188,-4.1331,9.1170,-0.7718,0.7946,0.4419
1624570089194,0.1350,-4.1833,9.0739,-0.6667,0.8068,0.4700
1624570089203,0.0465,-3.9728,8.9997,-0.6203,0.7971,0.5091
1624570089213,0.0082,-3.6928,8.9423,-0.6741,0.7873,0.5518
1624570089222,0.0776,-3.5851,8.7652,-0.7975,0.7910,0.5763
1624570089233,0.1901,-3.7024,8.5666,-0.9392,0.8154,0.5983
1624570089242,0.2571,-3.9129,8.3369,-1.0553,0.8520,0.6129
1624570089252,0.0369,-4.0733,8.1646,-1.1127,0.8826,0.6129
1624570089261,-0.3723,-4.1642,8.0139,-1.1347,0.8875,0.6105
1624570089271,-0.6929,-4.2671,7.9469,-1.1567,0.8716,0.6105
1624570089281,-0.8747,-4.2121,7.9182,-1.1713,0.8386,0.6032
1624570089290,-1.0087,-4.0972,7.8177,-1.2043,0.7958,0.5995
1624570089298,-1.1475,-4.1881,7.6741,-1.2520,0.7580,0.5983
1624570089308,-1.3150,-4.3580,7.5473,-1.3130,0.7287,0.5897
1624570089319,-1.4490,-4.3796,7.4683,-1.3424,0.6908,0.5812
1624570089329,-1.5447,-4.2623,7.4731,-1.3118,0.6480,0.5714
1624570089338,-1.6716,-4.1211,7.4492,-1.2251,0.6162,0.5421
1624570089348,-1.8486,-3.9632,7.3056,-1.1273,0.5894,0.4957
1624570089358,-2.1023,-4.1738,7.0161,-1.0467,0.5600,0.4419
1624570089367,-2.4373,-4.2814,6.8007,-1.0101,0.5283,0.3784
1624570089378,-2.7842,-4.2121,6.8103,-1.0125,0.4831,0.3332
1624570089387,-2.9589,-4.3843,6.9921,-0.9807,0.4281,0.2965
1624570089394,-2.9924,-4.5590,7.3439,-0.9343,0.3829,0.2489
1624570089403,-2.9948,-4.3915,7.5090,-0.9013,0.3487,0.2000
1624570089413,-3.0522,-4.3389,7.4683,-0.8280,0.3426,0.1585
1624570089423,-3.1551,-4.4753,7.2578,-0.7132,0.3524,0.1035
1624570089432,-3.3058,-4.7050,7.0065,-0.6069,0.3560,0.0522
1624570089444,-3.5930,-4.7241,6.7744,-0.5336,0.3475,0.0168
1624570089454,-3.9280,-4.5782,6.6739,-0.5092,0.3206,-0.0065
1624570089463,-4.0620,-4.3197,6.6763,-0.5666,0.2729,-0.0272
1624570089473,-4.0500,-4.2767,6.8294,-0.6936,0.2253,-0.0663
1624570089483,-4.0428,-4.4872,7.0328,-0.8525,0.2119,-0.1262
1624570089492,-4.1290,-4.7863,7.0233,-0.9807,0.2167,-0.1787
1624570089502,-4.3587,-5.1979,7.1405,-0.9954,0.2180,-0.2056
1624570089511,-4.6004,-5.4539,7.2554,-0.8964,0.2192,-0.2252
1624570089521,-4.7009,-5.4204,7.2314,-0.7474,0.1972,-0.2361
1624570089531,-4.6243,-5.2601,7.0017,-0.6020,0.1642,-0.2361
1624570089540,-4.5286,-5.2410,6.8127,-0.4798,0.1483,-0.2508
1624570089550,-4.4831,-5.3534,6.5255,-0.4126,0.1410,-0.2813
1624570089559,-4.5621,-5.3702,6.4298,-0.4016,0.1324,-0.3009
1624570089569,-4.7822,-5.3845,6.5734,-0.3821,0.1190,-0.2972
1624570089579,-4.9641,-5.4491,6.7768,-0.3283,0.0897,-0.2899
1624570089588,-5.0071,-5.4300,6.9395,-0.2538,0.0689,-0.2887
1624570089598,-4.9832,-5.3199,7.0448,-0.1720,0.0640,-0.2838
1624570089607,-4.9066,-5.3128,7.0974,-0.0816,0.0677,-0.2826
1624570089615,-4.8157,-5.4013,7.0280,-0.0461,0.0726,-0.2813
1624570089627,-4.7080,-5.4420,6.9180,-0.0816,0.0665,-0.2728
1624570089636,-4.7272,-5.3893,6.7840,-0.1707,0.0628,-0.2508
1624570089646,-4.7655,-5.3295,6.7265,-0.2428,0.0579,-0.2422
