1230798289888,-0.7144,2.2653,9.3204,0.0548,0.0549,-0.1024
1230798289890,-0.7599,2.9066,9.3898,-0.0393,0.1098,-0.0376
1230798289901,-1.0829,1.9542,9.5214,-0.0112,0.0842,0.0418
1230798289905,-1.1044,1.6456,9.4807,-0.0735,0.0891,0.0723
1230798289922,-1.1140,1.8370,9.5405,-0.1211,0.0988,0.0528
1230798289943,-1.1116,1.8992,9.6553,-0.1516,0.1025,0.0454
1230798289945,-1.0183,2.0021,9.7056,-0.2518,0.1355,-0.0193
1230798289947,-1.1356,2.0787,9.7989,-0.3813,0.2027,-0.1427
1230798289959,-1.2026,1.4709,9.7511,-0.4510,0.2503,-0.1916
1230798289968,-1.1475,0.4516,9.8420,-0.4070,0.2613,-0.1317
1230798289973,-0.9872,0.5664,9.7104,-0.2494,0.2210,0.0186
1230798289981,-0.8891,1.8322,9.7032,-0.0466,0.1819,0.0674
1230798289999,-0.9059,2.8420,9.7056,0.0536,0.1770,0.0430
1230798290001,-0.8245,3.1770,9.7870,-0.0209,0.2247,0.0210
1230798290015,-0.5685,3.1100,9.6649,-0.1883,0.2943,-0.0462
1230798290019,-0.5397,2.7056,9.6889,-0.3300,0.3578,-0.1024
1230798290031,-0.5062,2.4185,9.7247,-0.4217,0.4104,-0.1622
1230798290038,-0.4656,2.2414,9.8157,-0.4326,0.4458,-0.2111
1230798290050,-0.4704,2.3849,9.8898,-0.4143,0.4739,-0.2636
1230798290057,-0.5517,2.7200,9.9042,-0.4070,0.5045,-0.3223
1230798290071,-0.7120,3.1411,9.8875,-0.4363,0.5399,-0.3846
1230798290080,-0.9082,3.4904,9.8516,-0.5304,0.5777,-0.4445
1230798290087,-1.1068,3.6412,9.7654,-0.6904,0.6034,-0.4995
1230798290096,-1.2743,3.5814,9.7582,-0.9348,0.6168,-0.5483
1230798290106,-1.3988,3.4569,9.9329,-1.2756,0.6278,-0.5886
1230798290117,-1.4897,3.3182,10.3230,-1.6690,0.6572,-0.6326
1230798290125,-1.6596,2.9832,10.6436,-2.0734,0.7073,-0.6778
1230798290136,-1.8702,2.4950,10.8924,-2.4900,0.7806,-0.7120
1230798290144,-2.2506,1.9351,11.0767,-2.8773,0.8563,-0.7499
1230798290154,-2.7675,1.2843,11.1724,-3.1669,0.9076,-0.7926
1230798290163,-3.2006,0.5257,11.0839,-3.3477,0.9162,-0.8159
1230798290173,-3.5930,-0.0342,10.8877,-3.4686,0.8929,-0.7878
1230798290183,-4.0715,-0.3859,10.7728,-3.5578,0.8722,-0.7401
1230798290192,-4.5932,-0.7233,10.7537,-3.5395,0.8624,-0.7218
1230798290202,-4.7607,-1.4292,10.7465,-3.4161,0.8306,-0.6937
1230798290211,-4.6171,-2.1518,10.5981,-3.3110,0.7879,-0.6864
1230798290221,-4.2821,-2.7261,10.3756,-3.2133,0.7549,-0.7120
1230798290231,-4.0261,-3.1664,10.0597,-3.0813,0.7525,-0.7169
1230798290240,-3.9950,-3.6091,9.7319,-2.9066,0.7683,-0.6815
1230798290251,-4.1003,-4.1307,9.6601,-2.7050,0.7977,-0.6424
1230798290259,-4.2654,-4.6308,9.5046,-2.4986,0.8148,-0.6241
1230798290269,-4.4472,-4.8294,8.9614,-2.3569,0.8135,-0.6069
1230798290279,-4.7583,-4.5088,8.2149,-2.2933,0.8282,-0.5740
1230798290288,-5.0789,-3.8651,7.6047,-2.2213,0.8685,-0.5263
1230798290299,-5.3110,-3.8914,7.2530,-2.0319,0.8881,-0.4750
1230798290308,-5.2823,-4.6045,7.1549,-1.8071,0.8563,-0.4371
1230798290317,-5.0000,-5.4803,6.9826,-1.6214,0.7903,-0.4237
1230798290329,-4.5980,-6.4517,6.8390,-1.3905,0.7243,-0.4188
1230798290337,-4.3060,-7.1624,6.8677,-1.0948,0.6682,-0.4005
1230798290347,-4.1505,-7.1959,7.0113,-0.7796,0.6315,-0.3687
1230798290357,-4.1075,-6.8801,7.0424,-0.4253,0.5863,-0.3247
1230798290367,-4.1338,-6.6097,7.2338,-0.0954,0.5497,-0.2942
1230798290377,-4.1457,-6.1837,7.3582,0.0890,0.5081,-0.2856
1230798290386,-4.0285,-5.6119,7.2051,0.1648,0.4666,-0.2881
1230798290396,-3.8107,-4.8438,6.3844,0.2222,0.4385,-0.3040
1230798290406,-3.7461,-4.1331,5.5182,0.2588,0.4348,-0.3296
1230798290415,-3.7964,-3.5540,5.0874,0.2051,0.4397,-0.3455
1230798290425,-3.8179,-3.6330,5.3028,0.1037,0.4153,-0.3394
1230798290434,-3.5762,-4.1881,5.6402,0.0230,0.3261,-0.3528
1230798290444,-3.1934,-5.0280,5.7503,-0.0551,0.1831,-0.3968
1230798290454,-2.8058,-5.7674,5.9058,-0.1028,0.1147,-0.4494
1230798290463,-2.5617,-6.3800,6.2504,-0.0148,0.0854,-0.5043
1230798290473,-2.4325,-6.6384,6.7170,0.1953,0.0854,-0.5483
1230798290481,-2.3272,-6.2029,7.0783,0.4128,0.0646,-0.5495
1230798290492,-2.2841,-5.5137,7.3439,0.5863,0.0133,-0.5275
1230798290501,-2.2267,-4.8629,7.3176,0.6534,-0.0343,-0.5202
1230798290511,-2.1621,-4.3724,6.9371,0.5753,-0.0514,-0.5129
1230798290521,-2.2052,-4.4705,6.6284,0.4250,-0.0392,-0.4982
1230798290531,-2.3870,-4.8414,6.6739,0.2772,-0.0502,-0.5043
1230798290540,-2.4660,-4.8964,6.7600,0.2026,-0.1149,-0.5336
1230798290550,-2.2937,-4.6571,6.7409,0.2772,-0.2127,-0.5679
1230798290559,-1.9898,-4.5255,6.7481,0.4800,-0.3190,-0.5886
1230798290569,-1.7146,-4.7074,6.6787,0.7267,-0.4057,-0.6167
1230798290579,-1.4634,-5.1261,6.8390,0.8819,-0.4399,-0.6326
1230798290588,-1.2767,-5.3821,6.8845,0.9039,-0.4473,-0.5947
1230798290598,-1.1260,-4.7385,6.5806,0.8037,-0.4399,-0.5373
1230798290607,-1.1451,-3.5469,6.3437,0.6950,-0.4204,-0.4995
1230798290615,-1.3222,-3.0539,6.5064,0.6547,-0.4521,-0.5055
1230798290624,-1.4610,-3.1449,6.9610,0.4934,-0.5218,-0.5336
1230798290634,-1.2720,-3.3913,7.2099,0.2161,-0.6146,-0.5251
1230798290643,-0.8843,-3.8388,7.2242,-0.0038,-0.6794,-0.4946
1230798290656,-0.5421,-4.7672,7.0209,-0.0527,-0.6855,-0.4799
1230798290665,-0.4153,-5.4683,6.8414,-0.0099,-0.6244,-0.4836
1230798290675,-0.5421,-5.7148,6.9156,0.1183,-0.5499,-0.4616
1230798290684,-0.8149,-5.4946,7.2266,0.3138,-0.4949,-0.4188
1230798290694,-1.0422,-4.9969,7.6430,0.5117,-0.4839,-0.3773
1230798290703,-1.0159,-4.5566,8.0569,0.5948,-0.5218,-0.3296
1230798290713,-0.7575,-4.3078,8.1551,0.5105,-0.5645,-0.2746
1230798290723,-0.4632,-4.2480,7.9636,0.3101,-0.5584,-0.2417
1230798290732,-0.3818,-4.4442,8.1120,0.0866,-0.4851,-0.2258
1230798290742,-0.4943,-4.5829,8.3513,-0.1125,-0.4179,-0.2233
1230798290751,-0.6426,-4.7457,8.3250,-0.2262,-0.3691,-0.2135
1230798290761,-0.7982,-4.9754,8.1574,-0.2506,-0.3288,-0.2001
1230798290771,-0.9035,-5.1309,7.9325,-0.2311,-0.2909,-0.1806
1230798290780,-1.0733,-5.1453,7.9756,-0.1688,-0.2591,-0.1683
1230798290789,-1.2384,-5.1429,8.1933,-0.0612,-0.2555,-0.1561
1230798290799,-1.3007,-4.9682,8.2723,0.0585,-0.2616,-0.1500
1230798290809,-1.2624,-4.7265,8.3010,0.1660,-0.2542,-0.1378
1230798290819,-1.2313,-4.7600,8.3273,0.2649,-0.2432,-0.1280
1230798290828,-1.2480,-4.7337,8.3369,0.2955,-0.2176,-0.1317
1230798290837,-1.4466,-4.5447,8.4733,0.2930,-0.1760,-0.1366
1230798290847,-1.7601,-4.1881,8.5666,0.3114,-0.1394,-0.1402
1230798290857,-2.0065,-3.8101,8.6241,0.3138,-0.1101,-0.1439
1230798290867,-2.1286,-3.5827,8.7413,0.2625,-0.1076,-0.1451
1230798290876,-2.0999,-3.6306,8.8466,0.1599,-0.1394,-0.1402
1230798290886,-1.9659,-3.7646,8.9112,0.0084,-0.1504,-0.1476
1230798290895,-1.9084,-4.2168,8.7700,-0.1064,-0.1333,-0.1622
1230798290905,-2.0448,-4.6260,8.6647,-0.1969,-0.0807,-0.1867
1230798290915,-2.3415,-4.6523,8.7844,-0.2408,-0.0319,-0.2148
1230798290924,-2.5904,-4.3819,8.8586,-0.1993,-0.0160,-0.2478
1230798290934,-2.6526,-4.1140,8.7245,-0.1272,-0.0135,-0.2734
1230798290943,-2.5760,-4.0661,8.5977,-0.0857,-0.0184,-0.2917
1230798290952,-2.5330,-4.1857,8.6719,-0.0942,-0.0319,-0.3247
1230798290962,-2.4707,-4.2886,8.7102,-0.1651,-0.0441,-0.3528
1230798290970,-2.3918,-4.4083,8.6312,-0.2531,-0.0429,-0.3516
1230798290980,-2.3368,-4.4777,8.6887,-0.3251,-0.0355,-0.3479
1230798290990,-2.2147,-4.3676,8.7030,-0.3899,-0.0380,-0.3504
1230798291000,-2.1023,-4.6523,8.3584,-0.4082,-0.0526,-0.3516
1230798291011,-2.0735,-5.0878,8.0450,-0.4339,-0.0307,-0.3687
1230798291020,-2.2123,-5.1644,8.2938,-0.4693,0.0255,-0.3895
1230798291030,-2.3080,-5.0017,8.3537,-0.3728,0.0219,-0.4103
1230798291040,-2.2386,-4.6882,8.2914,-0.1883,0.0097,-0.4371
1230798291049,-2.1070,-4.5375,8.0928,0.0255,-0.0123,-0.4530
1230798291059,-1.9802,-4.5231,8.0569,0.1257,-0.0282,-0.4469
1230798291068,-1.9252,-4.3437,7.9971,0.0536,-0.0453,-0.4017
1230798291078,-1.9156,-4.0159,8.1263,-0.1468,-0.0551,-0.3712
1230798291088,-1.8486,-3.9273,8.1287,-0.3435,-0.0710,-0.3614
1230798291097,-1.6333,-4.0350,7.7243,-0.5121,-0.0624,-0.3797
1230798291105,-1.5328,-4.4226,7.2578,-0.6672,-0.0355,-0.4188
1230798291116,-1.5758,-4.5853,7.0089,-0.7821,-0.0075,-0.4689
1230798291126,-1.7840,-4.6787,7.1668,-0.7405,-0.0148,-0.5080
1230798291136,-1.8630,-4.8701,7.2171,-0.5243,-0.0710,-0.5605
1230798291145,-1.7314,-4.9419,7.2003,-0.2482,-0.1369,-0.5874
1230798291155,-1.4514,-5.0591,7.1166,0.0218,-0.2017,-0.5654
1230798291164,-1.1858,-5.0926,6.9299,0.2173,-0.2371,-0.5312
1230798291174,-1.0111,-4.6834,6.8845,0.2796,-0.2249,-0.5275
1230798291184,-1.1044,-4.1546,7.3080,0.1904,-0.2163,-0.5336
1230798291193,-1.0422,-3.8699,7.1118,0.0267,-0.2457,-0.5532
1230798291203,-0.8030,-4.2575,6.8079,-0.1333,-0.1980,-0.5947
1230798291212,-0.7695,-5.1668,6.9539,-0.2848,-0.1699,-0.6534
1230798291222,-0.6426,-5.3702,7.4851,-0.3398,-0.1712,-0.7389
1230798291232,-0.2909,-5.3128,7.3080,-0.1272,-0.2273,-0.7804
1230798291241,0.1685,-4.8605,6.8510,0.2405,-0.2505,-0.8098
1230798291251,0.3432,-4.6954,6.6763,0.5496,-0.2383,-0.8122
1230798291261,0.4317,-4.6787,6.9371,0.6486,-0.2041,-0.7939
1230798291268,0.7093,-4.2767,7.3702,0.4592,-0.1882,-0.7597
1230798291278,1.2166,-4.4633,7.7483,0.1391,-0.2286,-0.7083
1230798291287,1.8100,-4.8150,8.3560,-0.2567,-0.2579,-0.6876
1230798291297,2.4034,-5.5999,8.5882,-0.5732,-0.2383,-0.6693
1230798291309,2.8389,-5.9708,8.1287,-0.7161,-0.1357,-0.6460
1230798291316,2.8365,-6.1359,7.5616,-0.6489,0.0109,-0.6290
1230798291325,2.4178,-5.7028,7.1381,-0.4241,0.1367,-0.6497
1230798291337,1.7239,-5.1500,7.0328,-0.1724,0.1905,-0.6546
1230798291347,1.2238,-5.0687,7.5903,-0.0185,0.1172,-0.6033
1230798291357,1.2525,-5.0759,8.3058,-0.0893,-0.0783,-0.5410
1230798291366,1.8626,-5.1764,8.7796,-0.2970,-0.2640,-0.5165
1230798291376,2.6523,-5.3702,8.6432,-0.4608,-0.3178,-0.4995
1230798291385,3.0686,-5.7913,8.7963,-0.5438,-0.2481,-0.4616
1230798291395,2.9610,-6.5068,9.4472,-0.4998,-0.1712,-0.4200
1230798291405,2.7241,-7.1720,9.9856,-0.3532,-0.1492,-0.3895
1230798291414,2.6858,-6.9710,9.5955,-0.2054,-0.1589,-0.3492
1230798291422,2.6307,-6.3895,8.7868,0.0279,-0.1785,-0.2930
1230798291434,2.5614,-6.5833,9.6625,0.2808,-0.2005,-0.2490
1230798291443,2.6403,-6.8059,10.2536,0.2283,-0.2787,-0.1488
1230798291451,2.7289,-6.0761,9.8205,-0.0979,-0.2176,-0.0047
1230798291462,2.5159,-5.8416,8.9782,-0.0710,-0.1345,0.0295
1230798291472,1.9560,-5.4180,8.1718,0.1037,-0.0368,0.0137
1230798291482,1.1735,-5.7291,8.3154,0.3407,-0.0148,-0.0205
1230798291491,0.7285,-6.3465,8.6552,0.4812,-0.0930,-0.0266
1230798291500,1.0850,-6.2651,8.7030,0.3566,-0.2176,0.0088
1230798291510,1.6617,-6.4972,9.0476,0.1831,-0.3263,0.0858
1230798291520,2.1617,-6.7341,8.8705,0.0536,-0.3226,0.1432
1230798291530,2.2072,-6.6001,8.9686,-0.0148,-0.1748,0.1517
1230798291539,1.7215,-6.1933,9.0093,0.0646,-0.0221,0.1688
1230798291549,0.9007,-5.5688,8.7341,0.3004,0.0683,0.1652
1230798291558,0.1877,-4.5901,8.2149,0.5948,0.0610,0.1688
1230798291568,-0.0875,-3.6091,7.7004,0.8294,-0.0245,0.2189
1230798291578,0.0465,-3.4966,7.8871,0.9344,-0.2005,0.3020
1230798291587,0.6686,-4.4992,8.8035,0.8514,-0.3947,0.3472
1230798291595,1.5109,-5.7746,9.0763,0.5911,-0.3862,0.3338
1230798291605,1.9584,-6.9183,8.6743,0.4299,-0.2041,0.2287
1230798291614,1.7669,-7.9496,8.5738,0.3908,-0.0319,0.1688
1230798291624,1.2549,-7.8635,8.8729,0.2906,0.0133,0.1530
1230798291634,1.0252,-6.0330,9.3012,0.1721,-0.0319,0.1688
1230798291645,1.0874,-4.1403,9.3299,0.3016,-0.0661,0.1969
1230798291655,1.3003,-3.4248,9.1744,0.4348,-0.0245,0.2226
1230798291664,1.4463,-3.7837,9.0739,0.2772,0.0707,0.2128
1230798291674,1.4152,-4.7241,9.0356,-0.0515,0.2063,0.2079
1230798291683,1.1233,-5.7124,9.1983,-0.3007,0.3334,0.2446
1230798291693,0.8481,-6.6121,9.2845,-0.3264,0.3957,0.2873
1230798291703,0.8864,-6.8035,9.3945,-0.3227,0.4018,0.3240
1230798291712,1.0898,-6.1694,9.5549,-0.3239,0.3823,0.3423
1230798291722,1.3290,-5.6478,9.5261,-0.2665,0.3737,0.3374
1230798291732,1.4750,-5.2529,9.2414,-0.2750,0.4128,0.3264
1230798291741,1.3506,-4.7002,8.4637,-0.4107,0.4776,0.3277
1230798291751,0.8433,-4.3796,8.1383,-0.5732,0.5313,0.3545
1230798291760,0.4892,-4.6380,7.9253,-0.6965,0.5521,0.4022
1230798291770,0.4892,-5.3032,8.2005,-0.8309,0.5509,0.4425
1230798291779,0.7643,-6.3632,8.7006,-0.8676,0.5228,0.4608
1230798291788,1.1376,-7.1241,8.7915,-0.8126,0.5289,0.4865
1230798291797,1.3362,-7.2031,8.4805,-0.7332,0.5558,0.5341
1230798291807,1.3099,-6.9255,8.0498,-0.6208,0.5643,0.6025
1230798291817,1.0993,-6.5427,7.8033,-0.5463,0.5594,0.6514
1230798291827,0.8505,-6.3465,7.9062,-0.5841,0.5472,0.7039
1230798291837,0.8146,-6.5379,7.9923,-0.7088,0.5142,0.7895
1230798291847,1.0299,-6.7676,7.6717,-0.8395,0.4825,0.8603
1230798291856,1.1951,-6.8848,7.4181,-0.9006,0.4739,0.9299
1230798291866,1.2142,-7.0093,7.3989,-0.8700,0.4751,1.0277
1230798291875,1.0658,-6.9183,7.6262,-0.8297,0.4702,1.1193
1230798291884,0.7285,-6.7987,7.7220,-0.7650,0.4446,1.1804
1230798291907,0.3312,-6.8418,7.5999,-0.7247,0.4238,1.2391
1230798291911,0.0561,-6.7915,7.5712,-0.7124,0.3786,1.2818
1230798291915,-0.1114,-6.8633,7.5975,-0.6489,0.2968,1.3136
1230798291922,-0.0085,-6.9590,7.3391,-0.5328,0.2198,1.3515
1230798291931,0.1805,-7.3179,7.0352,-0.3862,0.1795,1.4064
1230798291942,0.2762,-7.3466,7.1572,-0.2518,0.1526,1.4614
1230798291951,0.0680,-6.9662,7.5425,-0.0954,0.1269,1.5103
1230798291961,-0.3316,-6.5403,7.6693,0.0756,0.1196,1.5653
1230798291970,-0.8006,-6.3106,7.5473,0.1623,0.1318,1.6068
1230798291980,-1.2193,-6.0689,7.4037,0.1208,0.1367,1.6227
1230798291994,-1.5160,-6.1311,7.2865,0.0744,0.1208,1.6080
1230798292002,-1.6716,-6.0641,7.1860,0.0157,0.1159,1.5726
1230798292010,-1.8845,-5.9253,7.2218,-0.0576,0.1062,1.5518
1230798292018,-2.0281,-5.9780,7.2554,-0.0637,0.1074,1.5201
1230798292031,-2.2267,-6.3704,7.2817,-0.0393,0.1269,1.4907
1230798292037,-2.3942,-6.4206,7.3104,-0.0344,0.1489,1.4712
1230798292047,-2.7005,-6.1311,7.4587,0.0121,0.1697,1.4541
1230798292060,-3.0618,-5.7722,7.4061,0.1257,0.1819,1.4309
1230798292066,-3.4590,-5.5329,7.3582,0.1953,0.2051,1.4150
1230798292077,-3.8227,-5.2697,7.2386,0.1831,0.2186,1.4028
1230798292085,-4.1409,-5.1357,7.1525,0.1758,0.2198,1.3722
1230798292095,-4.3802,-5.0687,7.2003,0.1892,0.2002,1.3258
1230798292104,-4.5621,-5.1070,7.3678,0.2368,0.1758,1.2696
1230798292114,-4.4855,-5.1692,7.2171,0.3566,0.1611,1.2097
1230798292124,-4.3587,-5.0998,6.9132,0.4738,0.1611,1.1694
1230798292133,-4.4042,-4.6045,6.8342,0.5203,0.1673,1.1474
1230798292143,-4.6458,-3.9297,6.9467,0.5020,0.1697,1.1279
1230798292152,-4.8827,-3.6330,7.0567,0.4751,0.1636,1.0949
1230798292162,-4.9689,-3.5325,7.0544,0.3688,0.1501,1.0460
1230798292172,-4.9019,-3.5923,6.9850,0.2185,0.1318,0.9972
1230798292183,-4.9258,-3.5469,6.8390,0.1049,0.1172,0.9544
1230798292191,-4.9330,-3.4464,6.6667,0.0939,0.1037,0.9177
1230798292202,-5.0359,-3.6856,6.5351,0.1990,0.0756,0.8799
1230798292213,-5.0287,-3.6785,6.4274,0.2869,0.0500,0.8310
1230798292221,-5.0215,-3.2621,6.5686,0.3028,0.0072,0.8176
1230798292229,-4.8995,-2.9989,6.4897,0.3163,-0.0490,0.8102
1230798292241,-4.7200,-2.7764,6.3365,0.2943,-0.0710,0.7748
1230798292249,-4.7248,-2.5299,6.4538,0.2026,-0.0881,0.7247
1230798292259,-4.7726,-2.6256,6.6141,0.1367,-0.1198,0.6746
1230798292270,-4.7033,-2.7764,6.5064,0.0829,-0.1565,0.6221
1230798292279,-4.6099,-2.8984,6.4633,0.0255,-0.1748,0.5806
1230798292287,-4.5645,-2.8745,6.2863,0.0096,-0.1968,0.5476
1230798292297,-4.6004,-2.7165,6.1738,0.0011,-0.2176,0.5182
1230798292306,-4.7200,-2.5562,6.2647,-0.0197,-0.2432,0.4865
1230798292315,-4.7798,-2.4198,6.4873,-0.0661,-0.2811,0.4413
1230798292328,-4.6387,-2.1829,6.4609,-0.1297,-0.3202,0.3924
1230798292336,-4.4161,-1.9652,6.3533,-0.1846,-0.3446,0.3521
1230798292347,-4.2893,-1.8815,6.2910,-0.2335,-0.3617,0.3142
1230798292356,-4.2486,-1.9508,6.2025,-0.2860,-0.3569,0.2605
1230798292366,-4.2726,-2.1710,6.1882,-0.3447,-0.3507,0.2116
1230798292375,-4.2989,-2.4653,6.2336,-0.3997,-0.3642,0.1700
1230798292385,-4.2821,-2.5203,6.2288,-0.4571,-0.3874,0.1346
1230798292394,-4.2247,-2.4414,5.9680,-0.5121,-0.4094,0.1053
1230798292404,-4.2390,-2.3935,6.0063,-0.5951,-0.4265,0.0772
1230798292414,-4.3036,-2.3409,6.1786,-0.7332,-0.4570,0.0381
1230798292422,-4.1649,-2.3648,6.1451,-0.9091,-0.4802,-0.0022
1230798292433,-3.9974,-2.7692,6.2312,-1.0362,-0.5010,-0.0511
1230798292443,-3.8777,-3.1042,6.3006,-1.1144,-0.5267,-0.1146
1230798292451,-3.6791,-3.2741,6.0542,-1.1327,-0.5487,-0.1647
1230798292462,-3.5356,-3.1114,5.4847,-1.0924,-0.5389,-0.1891
1230798292471,-3.5954,-2.9750,5.3435,-1.0203,-0.5316,-0.2050
1230798292481,-3.7868,-3.2142,5.7766,-0.9372,-0.5841,-0.2453
1230798292491,-3.8347,-3.4416,6.1882,-0.9042,-0.6708,-0.3015
1230798292500,-3.7461,-3.8460,6.5471,-0.8480,-0.7429,-0.3565
1230798292510,-3.4733,-4.1522,6.7672,-0.7344,-0.7857,-0.4151
1230798292520,-3.1001,-3.9393,6.7840,-0.6306,-0.7894,-0.4664
1230798292529,-2.8751,-3.6617,6.8342,-0.5353,-0.7771,-0.4946
1230798292539,-2.7866,-3.5588,6.8701,-0.5133,-0.7478,-0.5349
1230798292548,-2.7052,-3.5205,6.6595,-0.6232,-0.7087,-0.5923
1230798292558,-2.6335,-3.0563,6.1906,-0.8334,-0.6611,-0.6412
1230798292567,-2.8010,-2.5538,6.0637,-1.0325,-0.6317,-0.6839
1230798292577,-2.9445,-3.0061,6.2934,-1.0997,-0.6623,-0.7499
1230798292587,-2.9756,-3.8723,6.8438,-1.1926,-0.7319,-0.8550
1230798292596,-2.8153,-4.6858,7.3104,-1.2964,-0.8284,-0.9759
1230798292606,-2.4133,-5.5161,7.4205,-1.2487,-0.8846,-1.0639
1230798292620,-1.8845,-6.1790,7.1285,-1.0814,-0.8920,-1.1274
1230798292624,-1.4873,-6.4781,6.7457,-0.9507,-0.8688,-1.1470
1230798292633,-1.3031,-6.7054,6.8246,-0.8810,-0.8517,-1.1286
1230798292642,-1.2815,-6.9375,7.0137,-0.8810,-0.8529,-1.1054
1230798292654,-1.3055,-7.0021,7.0902,-0.9568,-0.8456,-1.0993
1230798292663,-1.3844,-7.4113,7.1764,-1.0386,-0.8248,-1.0907
1230798292673,-1.4514,-8.0860,7.2984,-1.0973,-0.7967,-1.0700
1230798292683,-1.4203,-8.7106,7.4013,-1.1095,-0.7661,-1.0504
1230798292693,-1.2313,-9.1078,7.1405,-1.0337,-0.7393,-1.0199
1230798292703,-0.9537,-8.7010,7.2434,-0.9287,-0.6745,-0.9490
1230798292712,-0.7838,-9.9668,9.5142,-0.8908,-0.6916,-0.7829
1230798292721,-0.4608,-10.1965,10.1028,-1.3160,-0.6000,-0.5495
1230798292731,-0.1449,-9.8352,9.3586,-1.8022,-0.3153,-0.3699
1230798292741,-0.3124,-10.0936,9.0069,-1.6532,-0.0148,-0.3565
1230798292750,-0.5541,-10.7493,8.9279,-1.1351,0.2161,-0.3638
1230798292760,-0.7048,-11.3953,8.3991,-0.7063,0.3285,-0.2893
1230798292770,-0.7599,-11.3666,7.7339,-0.5072,0.4006,-0.1183
1230798292779,-0.8532,-10.8139,7.0065,-0.3887,0.4312,0.0247
1230798292789,-1.0303,-10.0984,6.9060,-0.2347,0.4495,0.1053
1230798292798,-1.2313,-9.5122,7.3989,-0.0967,0.4336,0.1566
1230798292807,-1.2648,-8.7297,7.1860,-0.0148,0.3957,0.1810
1230798292817,-1.2026,-8.1171,6.7002,0.0462,0.3725,0.1835
1230798292827,-1.2480,-7.9114,6.3150,0.1196,0.3578,0.1407
1230798292837,-1.3868,-7.8779,6.0015,0.1562,0.3664,0.0858
1230798292846,-1.5926,-7.7845,5.9082,0.1342,0.3542,0.0503
1230798292855,-1.7362,-7.5261,5.9345,0.0695,0.3029,0.0491
1230798292866,-1.8032,-7.1600,6.0039,-0.0087,0.2210,0.0454
1230798292875,-1.7529,-6.8394,5.9489,-0.0576,0.1196,0.0173
1230798292885,-1.6404,-6.8322,5.6952,-0.0820,0.0597,-0.0254
1230798292894,-1.5567,-6.9614,5.4847,-0.1468,0.0304,-0.0560
1230798292904,-1.5543,-7.2270,5.5134,-0.2347,0.0084,-0.0645
1230798292911,-1.5782,-7.5429,5.5900,-0.2885,-0.0307,-0.0621
1230798292921,-1.5328,-7.8683,5.7263,-0.2812,-0.0697,-0.0718
1230798292933,-1.4466,-8.0645,5.9154,-0.1956,-0.1040,-0.0926
1230798292941,-1.2767,-8.0286,5.9608,-0.0881,-0.1296,-0.1048
1230798292950,-1.1212,-7.8731,6.0231,-0.0295,-0.1272,-0.0706
1230798292961,-1.1116,-7.8180,6.3963,-0.0625,-0.1137,-0.0107
1230798292969,-1.1451,-7.8156,6.8055,-0.1846,-0.0954,0.0259
1230798292979,-1.1595,-7.9664,6.9347,-0.3508,-0.0490,0.0564
1230798292990,-1.1667,-8.2248,7.1429,-0.4815,0.0353,0.0931
1230798293000,-1.2074,-8.6316,7.2027,-0.4962,0.1294,0.1151
1230798293009,-1.1404,-8.8350,6.8916,-0.3801,0.2381,0.1273
1230798293019,-1.2145,-9.0647,6.6260,-0.1284,0.3530,0.1590
1230798293029,-1.4538,-9.0097,6.4657,0.1599,0.4678,0.2116
1230798293038,-1.7960,-8.4545,6.6978,0.3871,0.5741,0.2910
1230798293048,-2.1286,-7.7822,7.1070,0.5557,0.6266,0.3741
1230798293057,-2.2243,-7.0787,7.0496,0.5863,0.6413,0.4315
1230798293067,-2.2195,-6.6169,6.9299,0.4897,0.6901,0.4523
1230798293077,-2.2626,-6.3584,6.9371,0.2845,0.7574,0.4535
1230798293086,-2.3056,-6.2603,6.8127,0.0426,0.8380,0.4584
1230798293096,-2.3822,-6.6025,6.6667,-0.1040,0.9149,0.4559
1230798293105,-2.4612,-7.1002,6.3341,-0.1346,0.9724,0.4181
1230798293115,-2.5186,-7.4783,5.8651,-0.0698,1.0188,0.3667
1230798293125,-2.5449,-7.4639,5.4344,0.0768,1.0444,0.3203
1230798293134,-2.5617,-7.1074,5.0611,0.2356,1.0273,0.2947
1230798293144,-2.4995,-6.6910,4.6185,0.3358,0.9675,0.2764
1230798293152,-2.3894,-6.3656,4.3194,0.3260,0.8844,0.2568
1230798293162,-2.3344,-6.3369,4.2165,0.2039,0.7842,0.2385
1230798293173,-2.3033,-6.3943,4.1255,0.0145,0.6963,0.2275
1230798293183,-2.2052,-6.7772,4.1016,-0.1333,0.6205,0.2165
1230798293192,-2.1621,-7.1217,4.0514,-0.2225,0.5472,0.1859
1230798293202,-2.1836,-7.2270,3.9485,-0.2702,0.4727,0.1456
1230798293212,-2.1334,-7.3371,3.8791,-0.2164,0.3847,0.1175
1230798293221,-2.0999,-7.3778,3.7044,-0.1407,0.2821,0.0870
1230798293231,-2.0640,-7.4017,3.7738,-0.0893,0.1966,0.0589
1230798293241,-2.0903,-7.4089,4.0322,-0.0136,0.1111,0.0369
1230798293250,-2.0496,-7.1720,4.1160,0.0267,0.0390,0.0357
1230798293260,-2.0018,-7.0499,4.1399,0.0670,-0.0123,0.0540
1230798293267,-2.0018,-7.1265,4.2380,0.1098,-0.0331,0.0601
1230798293278,-1.9994,-7.0380,4.3744,0.1183,-0.0380,0.0528
1230798293287,-1.9994,-6.9614,4.3624,0.1220,-0.0465,0.0674
1230798293297,-1.9802,-6.9207,4.3194,0.1464,-0.0429,0.0980
1230798293310,-1.9874,-6.9040,4.5036,0.1904,-0.0307,0.1114
1230798293317,-1.9707,-6.8537,4.6783,0.2246,-0.0148,0.1126
1230798293327,-1.8654,-6.6910,4.6831,0.2258,0.0194,0.1261
1230798293336,-1.7649,-6.3225,4.6568,0.2051,0.0927,0.1456
1230798293346,-1.7050,-6.0952,4.5850,0.1806,0.1892,0.1481
1230798293356,-1.6596,-5.9229,4.2595,0.1134,0.2919,0.1371
1230798293365,-1.6452,-5.6597,3.9509,-0.1077,0.4202,0.1554
1230798293375,-1.6716,-5.4611,3.6565,-0.3813,0.5362,0.1847
1230798293384,-1.6787,-5.3606,3.3263,-0.6526,0.6462,0.1920
1230798293394,-1.7457,-5.3917,3.0631,-0.9018,0.7561,0.1810
1230798293403,-1.8391,-5.5161,2.9172,-1.1620,0.8612,0.1652
1230798293412,-1.8678,-5.4898,2.5917,-1.4283,0.9577,0.1481
1230798293422,-1.9204,-5.5688,2.4817,-1.6702,1.0542,0.1407
1230798293430,-2.1047,-5.8440,2.7736,-1.8657,1.1275,0.1273
1230798293441,-2.3152,-5.8822,2.8813,-2.0722,1.1801,0.1114
1230798293452,-2.5043,-5.9157,2.5535,-2.2396,1.2570,0.1383
1230798293461,-2.7029,-6.1191,2.1706,-2.3605,1.3645,0.1981
1230798293469,-2.9828,-6.3441,1.9409,-2.4974,1.4672,0.2433
1230798293480,-3.2771,-6.7221,1.9361,-2.6073,1.5246,0.2776
1230798293488,-3.4662,-6.9829,1.8595,-2.7087,1.5466,0.3228
1230798293499,-3.6432,-7.2916,1.7830,-2.7637,1.5612,0.3973
1230798293509,-3.8347,-7.7056,1.6227,-2.7099,1.5979,0.4730
1230798293519,-4.0213,-8.1147,1.3188,-2.5878,1.6602,0.5170
1230798293528,-4.2845,-8.4761,1.1991,-2.4387,1.7372,0.5427
1230798293538,-4.5812,-8.8541,1.3164,-2.3141,1.7921,0.5695
1230798293548,-4.8014,-8.9857,1.2900,-2.2652,1.8056,0.5830
1230798293555,-4.8708,-9.1173,0.9957,-2.2310,1.7921,0.5915
1230798293567,-4.9234,-9.4810,0.6895,-2.1687,1.8044,0.5818
1230798293574,-5.0287,-9.8352,0.3927,-2.1259,1.8312,0.5537
1230798293586,-5.1866,-10.1510,0.2803,-2.1333,1.8471,0.5390
1230798293594,-5.3948,-10.5459,0.3377,-2.1345,1.8129,0.5451
1230798293603,-5.6508,-10.8258,0.4286,-2.1235,1.7384,0.5659
1230798293613,-5.9092,-11.0651,0.4789,-2.0563,1.6578,0.6001
1230798293622,-6.1055,-11.2159,0.5052,-1.9146,1.5906,0.6221
1230798293632,-6.2227,-11.3187,0.4238,-1.7179,1.5173,0.6184
1230798293642,-6.2562,-11.5221,0.3808,-1.4797,1.4232,0.5989
1230798293653,-6.2083,-11.5987,0.5291,-1.2500,1.2888,0.5732
1230798293663,-6.0983,-11.4934,0.6559,-1.0301,1.1251,0.5451
1230798293672,-5.9284,-11.2159,0.5555,-0.7711,0.9834,0.5134
1230798293682,-5.7920,-10.9287,0.3186,-0.5243,0.8978,0.4694
1230798293692,-5.7824,-10.5363,0.1199,-0.3545,0.8429,0.4156
1230798293701,-5.8877,-10.1223,-0.0763,-0.2457,0.7757,0.3631
1230798293711,-5.9762,-9.8687,-0.2581,-0.1663,0.6828,0.3093
1230798293720,-6.0073,-9.6988,-0.2725,-0.1138,0.5655,0.2482
1230798293730,-5.9140,-9.5337,-0.2605,-0.0845,0.4189,0.1786
1230798293740,-5.7130,-9.3566,-0.3036,-0.0674,0.2723,0.1163
1230798293749,-5.4833,-9.0791,-0.3658,-0.0747,0.1538,0.0650
1230798293759,-5.2751,-8.8972,-0.4041,-0.0918,0.0817,0.0295
1230798293768,-5.2081,-8.7728,-0.4950,-0.1162,0.0463,-0.0071
1230798293778,-5.2632,-8.6771,-0.6266,-0.1272,0.0329,-0.0425
1230798293788,-5.3589,-8.6842,-0.8276,-0.0881,0.0280,-0.0694
1230798293797,-5.4690,-8.8350,-0.9449,-0.0099,0.0133,-0.0865
1230798293806,-5.5168,-8.8781,-0.9353,0.0695,-0.0331,-0.1036
1230798293817,-5.4115,-8.7991,-1.0836,0.1367,-0.1040,-0.1134
1230798293826,-5.1914,-8.7130,-1.2511,0.2222,-0.1675,-0.1232
1230798293836,-5.0167,-8.5598,-1.3971,0.2772,-0.2029,-0.1305
1230798293845,-4.9736,-8.4474,-1.4426,0.2979,-0.2029,-0.1256
1230798293855,-5.1029,-8.3804,-1.4880,0.2735,-0.1870,-0.1122
1230798293865,-5.2967,-8.4641,-1.5789,0.2381,-0.1699,-0.1012
1230798293874,-5.5360,-8.7369,-1.5048,0.2087,-0.1699,-0.0999
1230798293884,-5.7370,-9.0695,-1.3445,0.1843,-0.2017,-0.0987
1230798293892,-5.8111,-9.3758,-1.2033,0.1684,-0.2505,-0.0767
1230798293903,-5.9140,-9.5480,-1.0908,0.1782,-0.2884,-0.0315
1230798293913,-6.1366,-9.7825,-0.9807,0.2307,-0.2811,0.0259
1230798293920,-6.5433,-9.8926,-0.8611,0.3187,-0.2310,0.0931
1230798293930,-7.1080,-9.9381,-0.9783,0.4213,-0.1614,0.1798
1230798293941,-7.7757,-10.1678,-0.9544,0.5618,-0.0954,0.2873
1230798293950,-8.4169,-10.5865,-0.5668,0.7426,-0.0807,0.3936
1230798293961,-8.9074,-11.0986,-0.2629,0.9723,-0.1345,0.4999
1230798293970,-9.1348,-11.5652,-0.0021,1.2252,-0.1980,0.6453
1230798293981,-9.1730,-11.8619,0.1511,1.5123,-0.2249,0.8383
1230798293990,-9.1108,-11.7590,0.1391,1.8031,-0.2286,1.0643
1230798293999,-8.9888,-11.3666,0.0553,2.0560,-0.2237,1.3111
1230798294009,-9.0367,-11.1680,0.3186,2.3077,-0.2383,1.5005
1230798294018,-9.2520,-11.2254,0.6559,2.5948,-0.2762,1.6092
1230798294028,-9.2209,-10.8306,0.7373,2.8245,-0.3043,1.6923
1230798294037,-9.0127,-9.9213,0.8880,3.0077,-0.3251,1.7595
1230798294047,-8.8069,-8.9331,1.0579,3.2459,-0.3715,1.7888
1230798294057,-8.6945,-8.0501,1.2398,3.4707,-0.3996,1.7791
1230798294066,-8.5629,-7.1624,1.3355,3.6100,-0.4069,1.7534
1230798294076,-8.3978,-6.0210,1.4049,3.6650,-0.3947,1.6911
1230798294086,-8.2590,-4.8294,1.2948,3.7493,-0.3947,1.5934
1230798294095,-8.2781,-4.0135,1.1991,3.9326,-0.4045,1.4761
1230798294105,-8.5054,-3.7790,1.5509,4.1500,-0.4131,1.3515
1230798294114,-8.6969,-3.8125,1.5245,4.3809,-0.4521,1.1780
1230798294124,-8.5940,-3.4607,1.3235,4.5007,-0.4778,0.9654
1230798294133,-8.3236,-2.6998,1.0675,4.5312,-0.5328,0.7699
1230798294143,-8.0317,-1.6733,1.0197,4.4994,-0.5975,0.5634
1230798294152,-7.7613,-0.6348,0.8546,4.4530,-0.6000,0.3374
1230798294162,-7.7661,0.2290,0.6655,4.3064,-0.5597,0.1200
1230798294172,-8.0867,0.8631,0.9263,3.9179,-0.5694,-0.0889
1230798294181,-8.2494,1.3034,1.2685,3.2679,-0.6928,-0.3125
1230798294191,-7.9240,1.6839,1.6203,2.4836,-0.8602,-0.5752
1230798294201,-7.3186,1.8298,1.9218,1.6712,-1.0080,-0.8672
1230798294210,-6.6295,1.4948,2.1945,0.9027,-1.0997,-1.1555
1230798294219,-5.9356,0.5832,2.1515,0.2002,-1.1485,-1.4059
1230798294230,-5.2034,-0.3740,2.2185,-0.3654,-1.1840,-1.6442
1230798294239,-4.5836,-1.3048,2.3501,-0.6953,-1.2267,-1.8800
1230798294247,-3.9328,-2.3672,2.0892,-0.7234,-1.2817,-2.1072
1230798294256,-3.1431,-3.3219,1.6753,-0.6196,-1.3330,-2.2795
1230798294266,-2.4205,-3.9512,1.6370,-0.5829,-1.4051,-2.3736
1230798294276,-1.7960,-3.8053,1.6825,-0.6306,-1.5322,-2.4224
1230798294286,-1.1978,-3.5349,1.8165,-0.6183,-1.6788,-2.4505
1230798294297,-0.6068,-3.9417,2.1778,-0.5585,-1.7936,-2.4432
1230798294306,-0.0372,-4.8198,2.8334,-0.6562,-1.8376,-2.4408
1230798294316,0.5155,-5.9181,3.5632,-0.9018,-1.8022,-2.4652
1230798294326,1.0563,-7.1241,4.0155,-1.1144,-1.7068,-2.5031
1230798294335,1.5683,-8.3229,4.5347,-1.2390,-1.5566,-2.5031
1230798294345,1.9344,-9.3279,4.9367,-1.1327,-1.3990,-2.4982
1230798294355,2.0828,-9.5839,4.9391,-0.7564,-1.2854,-2.5104
1230798294364,1.9584,-9.0503,4.7572,-0.2384,-1.2047,-2.4774
1230798294374,1.7526,-8.1913,4.2571,0.2808,-1.1461,-2.3736
1230798294383,1.4606,-7.5716,4.1806,0.6486,-1.0703,-2.2245
1230798294393,1.0898,-7.2940,4.9319,0.6803,-1.0141,-2.0400
1230798294402,0.9917,-7.0691,5.7886,0.3431,-1.0166,-1.8482
1230798294413,1.2381,-7.0308,6.0326,-0.1700,-1.0264,-1.6796
1230798294422,1.7071,-7.8276,5.9417,-0.6306,-0.9873,-1.5611
1230798294431,2.1474,-9.2418,6.2001,-0.9397,-0.8688,-1.5098
1230798294441,2.3340,-10.2133,6.8151,-1.0643,-0.7124,-1.5013
1230798294451,2.3771,-10.3903,7.0567,-0.8529,-0.5487,-1.4536
1230798294461,2.2431,-9.8256,6.2432,-0.3215,-0.3886,-1.3779
1230798294470,1.8626,-8.4354,5.1832,0.2039,-0.2432,-1.3314
1230798294479,1.4032,-7.1265,5.1999,0.4861,-0.1162,-1.2508
1230798294490,1.0898,-6.4685,5.5756,0.5032,-0.1137,-1.1152
1230798294499,1.0563,-6.8059,6.3150,0.3468,-0.2017,-1.0455
1230798294509,1.5468,-7.4687,6.6500,0.0597,-0.3104,-1.0297
1230798294518,2.2694,-8.3684,6.3772,-0.2249,-0.3288,-0.9784
1230798294528,2.6571,-9.2848,5.7838,-0.4033,-0.2103,-0.8818
1230798294537,2.5350,-9.6797,5.6689,-0.4876,-0.0148,-0.7939
1230798294547,1.9177,-9.5074,6.2049,-0.3972,0.1086,-0.7401
1230798294557,1.2836,-8.9498,6.5638,-0.1077,0.1220,-0.7083
1230798294566,0.9677,-8.4832,6.5614,0.2319,0.0768,-0.6558
1230798294574,0.9438,-8.2990,6.5662,0.4690,0.0121,-0.5972
1230798294583,1.1185,-8.1507,6.7122,0.5875,-0.0832,-0.5459
1230798294593,1.3721,-8.3373,7.1979,0.5789,-0.1907,-0.4701
1230798294603,1.6281,-8.2942,7.5305,0.4152,-0.2493,-0.3761
1230798294613,1.8052,-8.0430,7.5784,0.1843,-0.1858,-0.2832
1230798294624,1.6832,-8.2440,7.5569,0.0963,-0.0807,-0.2282
1230798294634,1.4056,-8.5646,7.5090,0.0902,0.0463,-0.2209
1230798294643,1.0969,-8.9762,7.2841,0.1257,0.0927,-0.2025
1230798294653,0.8505,-9.1556,6.8175,0.1916,0.0549,-0.1451
1230798294662,0.8194,-9.0743,6.6021,0.2649,-0.0307,-0.0523
1230798294672,0.9821,-8.5766,6.8510,0.3089,-0.1382,0.0430
1230798294681,1.3865,-8.4330,7.4635,0.3297,-0.2396,0.1444
1230798294691,2.0660,-8.4785,7.8703,0.2246,-0.2823,0.2458
1230798294701,2.6786,-8.6986,8.4637,-0.0307,-0.2176,0.3399
1230798294710,2.9131,-8.8470,8.8968,-0.1871,-0.0490,0.4022
1230798294720,2.7599,-8.9164,8.7604,-0.1370,0.1440,0.4657
1230798294730,2.3771,-9.4763,7.9541,-0.0625,0.3004,0.5830
1230798294739,2.0373,-9.9907,7.2147,-0.1480,0.4226,0.7039
1230798294749,1.7861,-9.9907,7.2793,-0.3264,0.4702,0.7931
1230798294759,1.7430,-9.5480,7.7411,-0.4192,0.4324,0.8884
1230798294768,2.1857,-9.4140,7.8248,-0.3936,0.3823,1.0338
1230798294778,2.7863,-9.3375,7.2314,-0.4473,0.3749,1.1951
1230798294787,3.0567,-9.3662,6.3652,-0.6391,0.4434,1.3368
1230798294797,2.7767,-9.7706,6.0183,-0.8395,0.5936,1.4761
1230798294806,2.2048,-9.8256,5.9848,-1.0289,0.7341,1.6056
1230798294816,1.6281,-9.7921,5.6833,-1.0606,0.7989,1.7082
1230798294826,1.2309,-9.8519,5.4990,-0.9824,0.7537,1.7962
1230798294835,1.0634,-9.7347,5.5134,-0.9421,0.6388,1.8841
1230798294845,1.0467,-9.2346,5.1927,-0.9409,0.5118,1.9697
1230798294854,0.9414,-8.9331,4.9582,-0.8639,0.4715,2.0576
1230798294864,0.6782,-8.9522,4.7716,-0.7650,0.4947,2.1297
1230798294873,0.3145,-9.1748,4.5012,-0.7808,0.5045,2.2018
1230798294883,0.1470,-9.4834,4.2667,-0.8835,0.4580,2.2946
1230798294891,0.1781,-9.6079,4.0777,-0.9775,0.3652,2.3802
1230798294949,0.2714,-9.4117,3.8145,-0.9653,0.2784,2.4303
1230798294950,0.0680,-8.9451,3.4149,-0.8505,0.2430,2.4791
1230798294951,-0.7886,-8.4091,3.4819,-0.7320,0.2980,2.5329
1230798294952,-1.9874,-7.9138,3.7738,-0.6232,0.3444,2.5597
1230798294953,-2.8847,-7.6099,3.7834,-0.4962,0.3212,2.5206
1230798294953,-3.3058,-7.5142,3.6661,-0.4058,0.1709,2.4205
1230798294960,-3.1934,-7.4208,3.7403,-0.3875,-0.0966,2.2959
1230798294968,-2.7651,-7.0356,3.6829,-0.4351,-0.3776,2.2018
1230798294977,-2.3009,-6.2292,3.0990,-0.4668,-0.5450,2.1529
1230798294987,-2.3774,-5.3654,2.5511,-0.4571,-0.5242,2.1383
1230798294996,-3.2652,-4.4465,2.5965,-0.4608,-0.4179,2.1040
1230798295006,-4.5908,-3.9177,2.8621,-0.4155,-0.3642,2.0271
1230798295018,-5.7585,-4.1211,2.8549,-0.2824,-0.4204,1.9245
1230798295027,-6.4093,-4.5973,2.6468,-0.2237,-0.5719,1.8035
1230798295037,-6.5218,-5.0807,2.4554,-0.1736,-0.7857,1.6288
1230798295046,-6.1964,-5.3989,2.3525,-0.0612,-1.0068,1.4333
1230798295056,-5.7657,-5.3295,2.4865,0.0353,-1.1986,1.2708
1230798295066,-5.4235,-4.7313,2.9626,0.1000,-1.3354,1.1462
1230798295075,-5.2249,-3.9225,3.6183,0.1586,-1.3929,1.0399
1230798295085,-5.2440,-3.1377,3.9915,0.2356,-1.3904,0.8945
1230798295094,-5.4642,-2.5108,4.0825,0.2869,-1.3379,0.7137
1230798295104,-5.8686,-2.2356,4.1519,0.2503,-1.2585,0.5463
1230798295113,-6.1725,-2.1470,4.1064,0.1696,-1.2084,0.3777
1230798295121,-6.2059,-2.0298,3.7092,0.0744,-1.2023,0.2263
1230798295133,-6.1772,-1.9628,3.2857,0.0438,-1.2194,0.0894
1230798295142,-6.0480,-2.1566,3.0775,0.1599,-1.2438,-0.0633
1230798295152,-5.9236,-2.7094,3.2809,0.3468,-1.2939,-0.2270
1230798295161,-5.8877,-3.0252,3.9317,0.4568,-1.3684,-0.3919
1230798295171,-5.7944,-2.9223,4.6807,0.5044,-1.4527,-0.5214
1230798295181,-5.5431,-2.6232,5.3770,0.5814,-1.4967,-0.6082
1230798295191,-5.2728,-2.0226,5.9752,0.6143,-1.4698,-0.6803
1230798295200,-5.0837,-1.4699,6.6524,0.5753,-1.4014,-0.7682
1230798295210,-5.0263,-1.5345,7.4994,0.4494,-1.3330,-0.8782
1230798295219,-4.8923,-1.8647,7.7937,0.1623,-1.2548,-0.9771
1230798295229,-4.6530,-2.4294,7.4803,-0.2091,-1.1033,-1.0297
1230798295239,-4.5836,-3.2621,7.2721,-0.4668,-0.8944,-1.0468
1230798295248,-4.6315,-4.5231,7.0352,-0.4901,-0.6953,-1.0749
1230798295258,-4.6937,-5.8081,7.0639,-0.3716,-0.5413,-1.1152
1230798295268,-4.7272,-6.9016,7.5784,-0.1700,-0.4790,-1.1494
1230798295277,-4.6267,-7.3969,7.9229,0.0438,-0.4827,-1.1433
1230798295287,-4.2678,-7.1672,7.9325,0.1965,-0.4583,-1.0504
1230798295295,-3.9519,-6.8466,7.9229,0.2600,-0.3801,-0.9283
1230798295304,-3.7461,-6.6288,8.0498,0.1171,-0.2652,-0.8342
1230798295314,-3.6313,-6.7030,8.2220,-0.2579,-0.1431,-0.7584
1230798295323,-3.5954,-7.2725,8.3680,-0.6965,-0.0270,-0.6717
1230798295333,-3.6121,-8.1219,8.3872,-1.0533,0.0854,-0.5789
1230798295345,-3.7485,-9.0719,8.3441,-1.1889,0.1843,-0.4995
1230798295354,-3.9328,-9.6797,8.0306,-1.1083,0.2601,-0.4225
1230798295364,-4.2199,-10.1439,7.7531,-0.8456,0.3200,-0.3308
1230798295373,-4.5381,-10.3951,7.6310,-0.4864,0.3358,-0.2441
1230798295383,-4.7750,-10.1534,7.6310,-0.1883,0.3114,-0.1464
1230798295392,-4.9210,-9.7514,7.8847,0.0304,0.2442,-0.0181
1230798295402,-4.9114,-9.5361,8.2364,0.2014,0.1746,0.1102
1230798295412,-4.7774,-9.2226,8.4159,0.3150,0.1392,0.2030
1230798295421,-4.7392,-9.0360,8.4374,0.3847,0.1660,0.2690
1230798295431,-4.8755,-8.8876,8.2364,0.4274,0.2454,0.3301
1230798295441,-5.1818,-8.6101,7.8679,0.4421,0.3530,0.4071
1230798295450,-5.6460,-8.3325,7.5664,0.4531,0.4397,0.4962
1230798295460,-6.0432,-8.1722,7.2721,0.4848,0.4763,0.5830
1230798295470,-6.3974,-8.1746,6.9921,0.5007,0.4739,0.6563
1230798295479,-6.6534,-8.2535,6.8007,0.4787,0.4531,0.7113
1230798295489,-6.7898,-8.3086,6.5590,0.4616,0.4238,0.7687
1230798295498,-6.8281,-8.3277,6.3987,0.4702,0.3945,0.8567
1230798295508,-6.8400,-8.3469,6.3580,0.5215,0.3591,0.9458
1230798295517,-6.8592,-8.2272,6.1738,0.6229,0.3163,1.0143
1230798295527,-6.8496,-7.8826,6.0278,0.7182,0.2821,1.0741
1230798295537,-6.7419,-7.3156,5.8675,0.7744,0.2357,1.1230
1230798295546,-6.6414,-6.6527,5.5541,0.8184,0.1856,1.1633
1230798295555,-6.6103,-6.0282,5.4057,0.8465,0.1379,1.1914
1230798295566,-6.6271,-5.5807,5.5756,0.8257,0.0854,1.1902
1230798295575,-6.5481,-5.2482,5.7000,0.7952,0.0048,1.1438
1230798295585,-6.2825,-4.7672,5.4918,0.7732,-0.0905,1.0863
1230798295594,-5.9571,-4.4155,5.0755,0.7658,-0.1602,1.0411
1230798295604,-5.7298,-4.2910,4.6926,0.7817,-0.1834,0.9910
1230798295614,-5.7370,-4.3532,4.4390,0.8013,-0.1724,0.9165
1230798295621,-5.9116,-4.5901,4.5132,0.7976,-0.1712,0.8237
1230798295631,-6.0289,-4.7409,4.4342,0.7915,-0.2090,0.7394
1230798295640,-5.9236,-4.3819,4.0083,0.7353,-0.2677,0.6905
1230798295650,-5.6915,-3.8077,3.5560,0.6449,-0.3153,0.6490
1230798295662,-5.6628,-3.6210,3.8312,0.5716,-0.3837,0.5854
1230798295671,-5.6891,-3.5947,4.4199,0.4470,-0.5206,0.5207
1230798295681,-5.5527,-3.6474,4.8625,0.2686,-0.6818,0.4852
1230798295690,-5.3039,-4.0254,5.0348,0.1745,-0.8077,0.4743
1230798295700,-5.1053,-4.8773,4.8242,0.2014,-0.8419,0.4388
1230798295710,-5.1938,-5.8033,4.7022,0.2979,-0.8040,0.3667
1230798295719,-5.4283,-6.2292,4.6376,0.4091,-0.7857,0.3032
1230798295729,-5.6101,-6.3560,4.7572,0.5936,-0.8419,0.3044
1230798295739,-5.6700,-6.0665,5.0731,0.8501,-0.9860,0.3179
1230798295748,-5.4020,-5.3486,5.2693,1.1690,-1.1803,0.3008
1230798295758,-4.9425,-4.7504,5.7407,1.5587,-1.3526,0.2715
1230798295767,-4.4975,-4.3413,6.3533,1.9241,-1.4735,0.2299
1230798295777,-4.0213,-4.0063,6.6548,2.2319,-1.5346,0.2006
1230798295787,-3.7102,-4.0733,6.4561,2.5361,-1.4967,0.1810
1230798295796,-3.7126,-4.8007,6.1499,2.8281,-1.3758,0.1383
1230798295805,-3.8634,-5.2410,6.1427,2.9454,-1.2414,0.0882
1230798295814,-3.9758,-4.5925,6.2743,2.9185,-1.2084,0.0686
1230798295825,-3.9328,-3.3028,6.5997,2.9344,-1.2976,0.0528
1230798295835,-3.6911,-1.7618,7.0185,2.9515,-1.4613,-0.0034
1230798295844,-3.2532,-0.3094,7.3439,2.8171,-1.6152,-0.0926
1230798295854,-2.6048,0.3080,7.4468,2.4982,-1.6812,-0.1891
1230798295863,-1.9707,0.1237,7.1740,2.0413,-1.6323,-0.2844
1230798295873,-1.6069,-0.6707,6.8558,1.5942,-1.5150,-0.3614
1230798295883,-1.5663,-1.4316,6.6930,1.3168,-1.4026,-0.4469
1230798295891,-1.6692,-2.0944,6.8223,1.3474,-1.3477,-0.5471
1230798295902,-1.6046,-2.4677,7.0448,1.5587,-1.4039,-0.6326
1230798295911,-1.1762,-2.3409,7.2697,1.7249,-1.5419,-0.6913
1230798295921,-0.4345,-1.6087,7.5138,1.7640,-1.6995,-0.7279
1230798295931,0.2762,-0.5199,7.4516,1.6760,-1.8034,-0.7597
1230798295940,0.7452,0.5760,7.5233,1.4268,-1.8107,-0.7939
1230798295948,0.8337,1.0043,7.8416,1.0725,-1.7496,-0.8269
1230798295957,0.8098,0.2458,8.5355,0.6864,-1.6543,-0.8623
1230798295967,0.8481,-1.2330,8.8562,0.3505,-1.5822,-0.9051
1230798295977,1.0371,-2.2978,8.8131,0.1367,-1.5383,-0.9686
1230798295988,1.2597,-2.8529,9.2605,0.2039,-1.4980,-1.0382
1230798295998,1.4822,-2.5826,9.6290,0.5215,-1.4601,-1.1066
1230798296008,1.6808,-1.3096,9.1648,0.8990,-1.4552,-1.1189
1230798296017,1.8148,-0.0749,8.9232,1.1996,-1.4234,-1.0846
1230798296027,1.9608,0.6765,9.2175,1.2704,-1.3526,-1.0272
1230798296037,2.1330,1.0904,9.6290,1.0468,-1.2621,-0.9515
1230798296046,2.2646,0.5951,9.9138,0.6241,-1.1766,-0.8843
1230798296056,2.4441,-0.2687,10.1435,0.0878,-1.0838,-0.8562
1230798296065,2.5996,-0.7137,10.1842,-0.4045,-0.9738,-0.8941
1230798296075,2.6044,-1.0248,9.8970,-0.6391,-0.8614,-0.9442
1230798296083,2.5494,-1.1445,9.8468,-0.6782,-0.7661,-0.9661
1230798296094,2.6068,-0.8525,9.3969,-0.6574,-0.7050,-0.9612
1230798296104,2.6284,-0.9506,8.6743,-0.6074,-0.6427,-0.9515
1230798296112,2.6188,-1.1349,8.8418,-0.6550,-0.5462,-0.9258
1230798296123,2.5805,-0.9363,9.4639,-0.8163,-0.4558,-0.8953
1230798296132,2.6140,-0.7616,9.9114,-0.9042,-0.3727,-0.8794
1230798296142,2.7360,-1.1540,9.9305,-0.8993,-0.3190,-0.8782
1230798296152,2.9633,-1.8503,10.1291,-0.9360,-0.2616,-0.8745
1230798296159,3.1141,-2.1088,10.0406,-0.9836,-0.1895,-0.8537
1230798296171,2.8748,-2.1160,9.2294,-0.8737,-0.1113,-0.8342
1230798296180,2.3915,-1.7618,8.7126,-0.5609,-0.0368,-0.8293
1230798296190,1.7598,-1.7044,8.8586,-0.1016,-0.0380,-0.8220
1230798296200,1.4032,-1.7522,9.3204,0.4396,-0.1003,-0.8012
1230798296209,1.4798,-1.6948,10.0095,0.8783,-0.2066,-0.7413
1230798296219,2.0110,-1.0846,10.5096,1.1128,-0.3165,-0.6900
1230798296229,2.6642,-0.4266,10.5981,1.1531,-0.3898,-0.6644
1230798296238,2.9753,-0.0246,10.5216,1.0139,-0.3935,-0.6546
1230798296248,2.8892,0.1237,10.5335,0.7145,-0.3581,-0.6534
1230798296257,2.6212,0.2123,10.2727,0.3358,-0.3410,-0.6448
1230798296267,2.5638,-0.0677,10.0909,-0.0002,-0.3569,-0.6082
1230798296275,2.6953,-0.2017,9.9521,-0.2506,-0.3886,-0.5862
1230798296284,2.8174,-0.4003,10.0741,-0.3569,-0.4106,-0.5825
1230798296295,2.8365,-0.6204,10.1913,-0.3716,-0.4265,-0.5715
1230798296304,2.9059,-0.7114,10.1674,-0.4131,-0.4241,-0.5642
1230798296315,2.9849,-1.0607,10.0837,-0.4363,-0.4069,-0.5471
1230798296322,2.9418,-1.3909,9.8037,-0.3997,-0.3886,-0.5275
1230798296334,2.8533,-2.0633,9.7367,-0.2702,-0.3801,-0.4946
1230798296344,2.8150,-2.5706,10.2201,-0.0771,-0.3727,-0.4652
1230798296353,2.8533,-2.6974,10.3541,0.1648,-0.3947,-0.4286
1230798296363,3.1021,-2.4629,10.6005,0.4238,-0.4216,-0.3699
1230798296373,3.3151,-1.4890,10.7919,0.6278,-0.4241,-0.3137
1230798296382,3.4012,-0.5726,10.9882,0.7915,-0.3837,-0.2649
1230798296392,3.3869,-0.1658,11.2322,0.8734,-0.2982,-0.2062
1230798296402,3.4323,0.0687,11.4069,0.7756,-0.1931,-0.1647
1230798296411,3.5257,0.2577,11.5816,0.5863,-0.0856,-0.1378
1230798296421,3.5544,0.4204,11.7012,0.4262,-0.0013,-0.1024
1230798296430,3.5257,0.4970,11.8161,0.3419,0.0646,-0.0633
1230798296439,3.4778,0.5497,11.2801,0.3077,0.0903,-0.0217
1230798296449,3.4778,0.7052,10.2033,0.2686,0.0891,0.0295
1230798296459,3.5113,-0.7688,9.3299,0.2454,0.0903,0.1090
1230798296469,3.9109,-2.3600,8.9327,0.0621,0.1795,0.2421
1230798296479,4.4325,-2.2260,9.4591,-0.1602,0.3163,0.3289
1230798296488,4.6072,-0.8501,10.5503,-0.1321,0.4666,0.3545
1230798296497,4.3081,0.8559,11.6342,0.0756,0.5973,0.3240
1230798296507,3.8056,1.5666,11.9644,0.3163,0.7060,0.2715
1230798296517,3.5376,1.2819,11.9118,0.2906,0.7488,0.2849
1230798296526,3.7602,0.8727,11.5959,-0.0173,0.7464,0.3215
1230798296536,4.3440,0.4587,11.6151,-0.2958,0.7647,0.3887
1230798296545,4.8250,-0.1179,11.3566,-0.3716,0.8172,0.5109
1230798296555,5.0140,-1.0248,10.4450,-0.4131,0.8624,0.6868
1230798296565,5.2174,-1.8121,9.7367,-0.6574,0.9039,0.8933
1230798296574,5.3873,-2.3026,9.8564,-1.0203,0.9919,1.0570
1230798296584,5.1935,-1.8647,10.3828,-1.3062,1.1080,1.1438
1230798296594,4.5689,-1.3072,10.7896,-1.3526,1.1959,1.1963
1230798296601,3.8822,-1.4388,10.6125,-1.2231,1.1959,1.2672
1230798296611,3.5065,-1.7833,10.5670,-1.1852,1.1336,1.3539
1230798296620,3.5687,-2.1973,10.8111,-1.1999,1.0897,1.4235
1230798296630,3.8607,-2.4318,10.8566,-1.1351,1.0884,1.4798
1230798296640,4.0210,-2.8864,9.8851,-0.9910,1.1092,1.5555
1230798296651,3.9181,-3.5421,8.7485,-0.8981,1.1397,1.6263
1230798296661,3.6477,-3.6115,8.6934,-0.9335,1.2326,1.6239
1230798296670,2.9011,-2.9654,9.3036,-0.8932,1.3645,1.5372
1230798296680,1.9033,-2.3648,9.7032,-0.6550,1.4574,1.4724
1230798296690,1.1376,-2.1997,9.8276,-0.4595,1.4537,1.4651
1230798296699,0.8696,-2.1590,9.5883,-0.4901,1.3914,1.4565
1230798296709,0.9677,-2.0681,9.4544,-0.6782,1.3645,1.4028
1230798296719,1.0587,-2.0250,9.4065,-0.8163,1.3963,1.3185
1230798296728,0.9031,-1.8097,9.0284,-0.8932,1.4427,1.2659
1230798296738,0.5370,-1.5273,8.6767,-0.9494,1.4782,1.2513
1230798296747,0.1422,-1.5177,8.3250,-0.9543,1.5050,1.2305
1230798296757,-0.2837,-1.5680,8.0593,-0.9531,1.5319,1.1804
1230798296766,-0.6546,-1.7522,7.6621,-0.9299,1.5478,1.0986
1230798296776,-0.9489,-2.2834,7.2266,-0.8566,1.5441,1.0106
1230798296786,-1.2097,-2.9965,6.6260,-0.7393,1.5099,0.9239
1230798296795,-1.4777,-3.5469,6.5590,-0.6550,1.4830,0.8469
1230798296805,-1.7673,-3.4511,6.9180,-0.6049,1.4513,0.7797
1230798296814,-2.1070,-2.7118,7.3104,-0.5133,1.4183,0.7162
1230798296824,-2.4660,-1.9269,7.3415,-0.3203,1.3645,0.6306
1230798296834,-2.8632,-1.3981,7.0209,-0.1651,1.3377,0.5268
1230798296843,-3.2771,-1.0176,6.7385,-0.2152,1.3291,0.4168
1230798296853,-3.6313,-0.5295,6.5997,-0.4363,1.3169,0.3032
1230798296863,-3.9495,-0.3572,6.4705,-0.6391,1.2888,0.1969
1230798296872,-4.1529,-0.6085,6.2719,-0.7454,1.2460,0.1029
1230798296881,-4.2989,-1.0152,5.7407,-0.8175,1.1886,0.0295
1230798296891,-4.4377,-1.4962,4.9152,-0.8786,1.1361,-0.0388
1230798296901,-4.7104,-2.0370,4.4964,-0.9666,1.1055,-0.1073
1230798296911,-5.1651,-2.3648,4.7070,-1.0594,1.0506,-0.1989
1230798296920,-5.7513,-2.2284,4.9893,-1.1034,0.9406,-0.3198
1230798296928,-6.0839,-1.8312,5.2645,-1.1034,0.7574,-0.4384
1230798296938,-6.0648,-1.4483,5.4057,-1.0484,0.5716,-0.5556
1230798296947,-5.7059,-0.9961,5.1999,-1.0142,0.4324,-0.6705
1230798296957,-5.4091,-0.8789,5.0659,-0.9507,0.3762,-0.7792
1230798296967,-5.2632,-1.2785,4.9319,-0.8529,0.3835,-0.8708
1230798296978,-5.1986,-1.5752,4.7357,-0.8212,0.4116,-0.9319
1230798296988,-5.2656,-1.6422,4.7261,-0.8395,0.4165,-0.9576
1230798296997,-5.4091,-1.7331,5.0276,-0.8273,0.3627,-0.9893
1230798297007,-5.4714,-1.9197,5.3483,-0.7992,0.2552,-1.0345
1230798297016,-5.3493,-2.1614,5.4583,-0.8712,0.1587,-1.0675
1230798297026,-5.1483,-2.3648,5.4416,-1.0020,0.1318,-1.0895
1230798297036,-4.9497,-2.6232,5.3219,-1.1229,0.1721,-1.1176
1230798297045,-4.8827,-2.6567,5.1449,-1.2329,0.2601,-1.1347
1230798297055,-5.0933,-2.7333,5.1066,-1.2842,0.3554,-1.1335
1230798297065,-5.4594,-3.0324,5.1042,-1.2879,0.4262,-1.1347
1230798297072,-5.7059,-3.3483,5.0635,-1.3013,0.4544,-1.1433
1230798297084,-5.8638,-3.5181,5.1808,-1.3550,0.4372,-1.1494
1230798297093,-5.9092,-3.7072,5.4607,-1.4210,0.3725,-1.1567
1230798297101,-5.6867,-3.7718,5.5206,-1.4833,0.2980,-1.1665
1230798297113,-5.2847,-3.9273,5.4105,-1.5713,0.2638,-1.1653
1230798297122,-4.9449,-4.2288,5.3076,-1.6812,0.2674,-1.1677
1230798297132,-4.8014,-4.6499,5.4799,-1.8156,0.2870,-1.1750
1230798297141,-4.7583,-5.0926,5.7790,-1.8963,0.3151,-1.1714
1230798297151,-4.8372,-5.8272,5.9441,-1.8474,0.3419,-1.1787
1230798297160,-4.8827,-6.6695,6.0470,-1.6849,0.3676,-1.1995
1230798297170,-4.9210,-7.2390,6.1164,-1.4736,0.3969,-1.2007
1230798297180,-4.8564,-7.5261,6.2336,-1.2378,0.3969,-1.1677
1230798297189,-4.8038,-7.6290,6.5710,-1.0325,0.3591,-1.1103
1230798297199,-4.7439,-7.5548,7.0400,-0.9201,0.3029,-1.0333
1230798297209,-4.7057,-7.8276,7.3224,-0.9116,0.2870,-0.9221
1230798297218,-4.7631,-8.5359,7.6717,-0.9824,0.3444,-0.8171
1230798297228,-5.1268,-9.1508,8.0928,-1.2121,0.4360,-0.7157
1230798297237,-5.7896,-9.8807,8.5451,-1.4626,0.5167,-0.5959
1230798297247,-6.5601,-11.0053,8.8633,-1.5762,0.5875,-0.4677
1230798297260,-7.3354,-11.9193,8.6839,-1.5994,0.6608,-0.3455
1230798297264,-8.1130,-12.6396,8.2675,-1.5505,0.7720,-0.1720
1230798297274,-8.8979,-13.5393,8.2914,-1.3612,0.8832,0.0430
1230798297283,-9.5750,-13.8168,8.3441,-1.0521,0.9430,0.2446
1230798297295,-9.8215,-13.5536,7.8081,-0.6196,0.9430,0.4877
1230798297305,-9.7713,-13.1134,7.0735,-0.1443,0.9259,0.7870
1230798297314,-9.6540,-12.4505,6.6356,0.2723,0.9186,1.0656
1230798297324,-9.4985,-11.5748,6.3030,0.5826,0.9113,1.3002
1230798297334,-9.2209,-10.9096,5.8914,0.8282,0.9003,1.5078
1230798297343,-8.8955,-10.3185,5.6402,1.0090,0.8832,1.6434
1230798297353,-8.5461,-9.5792,5.6091,1.1348,0.8282,1.7045
1230798297363,-8.0748,-8.5718,5.7598,1.2851,0.7464,1.7339
1230798297372,-7.5723,-7.4137,5.6904,1.5490,0.6682,1.7204
1230798297381,-7.1798,-6.3991,5.3818,1.9106,0.6352,1.6422
1230798297391,-6.9860,-5.6908,5.2502,2.2906,0.6584,1.5054
1230798297401,-6.9573,-5.5831,4.9893,2.6718,0.6841,1.3429
1230798297410,-6.8305,-5.5257,4.8386,2.9576,0.6987,1.1816
1230798297420,-6.4811,-5.1931,4.8171,3.1543,0.6645,1.0399
1230798297429,-6.0217,-4.5495,4.4223,3.2740,0.5582,0.9263
1230798297439,-5.7250,-3.4727,3.7738,3.2007,0.4275,0.8090
1230798297449,-5.7346,-1.9173,3.6853,2.8868,0.3383,0.6575
1230798297459,-6.0361,-0.3070,4.0274,2.4555,0.2711,0.4816
1230798297468,-6.4070,0.6382,4.2213,2.0157,0.2125,0.3118
1230798297478,-6.5673,0.6190,4.4438,1.5135,0.1440,0.1163
1230798297488,-6.3352,-0.3213,4.5778,0.9968,0.0585,-0.1317
1230798297496,-5.6628,-1.7020,5.1401,0.6315,0.0145,-0.3956
1230798297506,-5.0311,-2.8840,5.9800,0.5985,0.0097,-0.6204
1230798297516,-4.5741,-3.5923,6.4274,0.8135,-0.0026,-0.7694
1230798297526,-4.3515,-3.7526,6.3222,0.9821,-0.0099,-0.8427
1230798297535,-4.6219,-3.4464,6.0518,0.8770,-0.0099,-0.8537
1230798297545,-5.1794,-2.8529,5.5804,0.5020,-0.0184,-0.8965
1230798297555,-5.6077,-2.1088,5.6498,-0.0258,-0.0392,-1.0016
1230798297564,-5.6747,-1.9604,5.8555,-0.4314,-0.1382,-1.1530
1230798297574,-5.0430,-2.6352,5.8460,-0.5414,-0.2713,-1.3498
1230798297581,-4.1816,-3.9345,6.0733,-0.3875,-0.3495,-1.4964
1230798297591,-3.4231,-5.1022,5.9010,-0.0283,-0.3715,-1.5819
1230798297600,-2.9852,-6.0785,5.9752,0.3382,-0.3764,-1.5868
1230798297610,-2.8129,-6.2675,6.2073,0.4054,-0.4069,-1.5294
1230798297621,-2.8273,-5.1405,6.5423,0.1269,-0.4546,-1.4780
1230798297630,-2.9158,-3.6330,6.8007,-0.3398,-0.5365,-1.4560
1230798297641,-2.4899,-2.5443,5.9178,-0.8847,-0.5975,-1.5208
1230798297651,-1.9204,-2.2547,5.1664,-1.4186,-0.5181,-1.6796
1230798297658,-1.6740,-2.9295,5.1401,-1.7228,-0.3935,-1.8226
1230798297669,-1.6740,-4.7839,5.4607,-1.5334,-0.3336,-1.9069
1230798297679,-1.6740,-6.9494,5.7192,-0.8945,-0.3275,-1.9350
1230798297689,-1.5998,-8.5502,5.9537,-0.0942,-0.3434,-1.8739
1230798297699,-1.2672,-8.5933,6.0015,0.5618,-0.3862,-1.7603
1230798297709,-0.8652,-7.2174,6.1523,1.0236,-0.4509,-1.6588
1230798297718,-0.5637,-5.1716,5.9943,1.2961,-0.5059,-1.6369
1230798297728,-0.5086,-3.1784,5.6833,1.2289,-0.5034,-1.6564
1230798297737,-0.7623,-2.1423,5.7622,0.8978,-0.4509,-1.7004
1230798297747,-0.9202,-2.6208,5.9273,0.4971,-0.4167,-1.7627
1230798297756,-0.4919,-4.2695,6.0254,0.0927,-0.4583,-1.7957
1230798297766,0.3791,-5.9564,6.1953,-0.2690,-0.5633,-1.7761
1230798297776,1.3386,-6.9207,6.2384,-0.5108,-0.6550,-1.7627
1230798297785,1.8818,-6.8490,6.4466,-0.6489,-0.6684,-1.7761
1230798297795,1.9392,-6.1120,6.5901,-0.7222,-0.6024,-1.8116
1230798297805,1.8579,-5.3869,6.3580,-0.8040,-0.5034,-1.8287
1230798297814,1.8268,-5.1500,6.0111,-0.9751,-0.4265,-1.7993
1230798297824,1.8626,-5.7746,5.8914,-1.1816,-0.3740,-1.7517
1230798297833,1.9512,-6.9638,5.8627,-1.3587,-0.3251,-1.7004
1230798297841,2.0158,-8.1722,6.0135,-1.4809,-0.2603,-1.6210
1230798297852,1.9536,-9.0695,6.2001,-1.4992,-0.1907,-1.5147
1230798297862,1.8220,-9.4930,6.5686,-1.4088,-0.0966,-1.4072
1230798297871,1.6210,-9.6725,6.7074,-1.1669,0.0084,-1.2728
1230798297881,1.5348,-9.5289,6.8079,-0.8761,0.1147,-1.1164
1230798297891,1.5037,-9.0503,6.6428,-0.6526,0.1929,-0.9674
1230798297900,1.5635,-8.4210,6.2695,-0.5194,0.2467,-0.8537
1230798297908,1.4296,-8.1459,6.2360,-0.4620,0.2809,-0.7914
1230798297917,1.3051,-8.0525,5.8962,-0.5060,0.2638,-0.7780
1230798297927,1.1328,-8.2009,5.7646,-0.6220,0.2589,-0.7536
1230798297937,0.9223,-8.4450,5.7862,-0.7601,0.2234,-0.6986
1230798297949,0.8122,-8.7010,5.9728,-0.8957,0.1624,-0.6473
1230798297959,0.9199,-8.9474,6.2169,-1.0374,0.0866,-0.5911
1230798297968,1.1807,-8.9834,6.2791,-1.1461,0.0463,-0.5336
1230798297978,1.3290,-8.9116,6.2360,-1.1681,0.0646,-0.4750
1230798297987,1.2860,-8.8589,6.2767,-1.0508,0.1257,-0.4176
1230798297997,1.0347,-8.9379,6.1810,-0.8395,0.1831,-0.3663
1230798298006,0.7380,-8.9881,6.0781,-0.5988,0.2198,-0.3198
1230798298016,0.5059,-9.0360,6.1092,-0.3740,0.2027,-0.2698
1230798298025,0.4628,-9.0480,6.1236,-0.2017,0.1367,-0.2209
1230798298035,0.5992,-8.8661,6.2647,-0.0979,0.0793,-0.1781
1230798298045,0.7883,-8.6651,6.5519,-0.0515,0.0341,-0.1402
1230798298054,0.9701,-8.4402,6.6332,-0.0832,-0.0062,-0.0999
1230798298062,1.0419,-8.5383,6.7529,-0.1688,-0.0075,-0.0706
1230798298073,1.0491,-8.7847,6.7935,-0.2812,0.0304,-0.0547
1230798298083,1.0467,-8.9451,6.3317,-0.4070,0.0414,-0.0132
1230798298091,1.0252,-8.9259,6.0781,-0.4888,0.0622,0.0564
1230798298102,1.0395,-9.1867,5.8651,-0.4021,0.0524,0.1187
1230798298112,1.1759,-9.3136,5.6522,-0.3569,0.0597,0.1969
1230798298122,1.2812,-9.9883,5.9585,-0.2604,0.0781,0.3057
1230798298131,1.2262,-10.8210,6.5686,-0.1040,0.1025,0.3777
1230798298140,1.2573,-11.2135,6.8246,0.0475,0.1355,0.4523
1230798298150,1.3267,-11.0771,7.0137,0.2405,0.1550,0.5732
1230798298160,1.4606,-10.5267,6.6715,0.4604,0.1196,0.6820
1230798298170,1.6521,-9.5600,5.7335,0.5655,0.1098,0.7638
1230798298179,1.7837,-8.6220,4.9152,0.5215,0.1379,0.8481
1230798298189,1.8746,-8.0621,4.6759,0.3297,0.1220,0.9409
1230798298198,2.1019,-7.8731,4.6472,0.0524,0.0280,0.9874
1230798298208,2.5159,-8.3445,4.5706,-0.1651,-0.0722,1.0143
1230798298218,2.7480,-9.0982,4.4701,-0.3092,-0.0942,1.0582
1230798298227,2.4752,-9.5050,4.4725,-0.4314,-0.0429,1.1389
1230798298235,1.7454,-9.4954,4.6113,-0.4449,0.0133,1.2195
1230798298244,1.1233,-9.2633,4.6448,-0.3581,0.0084,1.2916
1230798298254,0.8026,-8.6914,4.3959,-0.3031,-0.1137,1.3600
1230798298263,0.5705,-8.3469,4.4103,-0.2922,-0.2726,1.4077
1230798298273,0.6686,-7.9209,4.2906,-0.3080,-0.3471,1.4321
1230798298285,0.3288,-7.7534,4.3433,-0.3190,-0.3544,1.4798
1230798298295,-0.3962,-8.1770,4.8936,-0.2335,-0.3459,1.5103
1230798298304,-1.0207,-8.8948,5.2573,-0.0625,-0.3226,1.5103
1230798298313,-1.4083,-9.5361,5.6378,0.1354,-0.3422,1.5237
1230798298323,-1.5136,-9.7036,5.7981,0.3260,-0.4253,1.5701
1230798298333,-1.3007,-9.7658,5.9178,0.5203,-0.5034,1.6581
1230798298342,-1.0231,-9.4117,6.0685,0.5753,-0.5181,1.7827
1230798298352,-1.0351,-8.9546,6.2336,0.5154,-0.4607,1.8951
1230798298362,-1.4012,-8.7369,6.3174,0.4213,-0.3226,1.9745
1230798298371,-2.0233,-8.9690,6.4131,0.2674,-0.1712,2.0258
1230798298381,-2.5330,-9.1819,6.2599,0.0731,-0.1015,2.0222
1230798298391,-2.8416,-9.3255,6.0374,-0.0393,-0.1076,1.9880
1230798298400,-3.0139,-9.5959,6.2264,-0.0136,-0.1431,1.9464
1230798298410,-2.8967,-9.5648,6.4561,0.0475,-0.1712,1.9355
1230798298419,-2.6191,-9.1293,6.3652,0.1000,-0.1980,1.9806
1230798298429,-2.6359,-8.5550,6.1762,0.1648,-0.1614,2.0417
1230798298439,-3.1312,-8.0382,6.1020,0.2319,-0.0160,2.0723
1230798298449,-3.8179,-7.3993,5.9824,0.2271,0.1465,2.0784
1230798298458,-4.4975,-6.8083,5.6665,0.1696,0.2149,2.0845
1230798298468,-4.9497,-6.3560,5.3483,0.0878,0.2002,2.0747
1230798298477,-5.1387,-6.3010,4.9032,0.0108,0.1746,2.0478
1230798298487,-5.1053,-6.6121,4.8075,-0.0600,0.1294,1.9684
1230798298496,-4.9617,-6.5642,5.0731,-0.1578,0.0439,1.8560
1230798298505,-4.8085,-6.1790,5.2597,-0.1150,-0.0771,1.7742
1230798298513,-4.5597,-5.8870,5.0683,0.0548,-0.1589,1.7546
1230798298524,-4.4018,-5.6214,4.8601,0.2430,-0.1589,1.7302
1230798298533,-4.3443,-5.2936,4.5826,0.3541,-0.1333,1.6862
1230798298544,-4.4089,-4.6978,4.2500,0.3309,-0.1247,1.6520
1230798298554,-4.7104,-4.0374,3.8599,0.3053,-0.1382,1.5946
1230798298562,-5.1292,-3.6665,3.5297,0.2979,-0.1467,1.5408
1230798298571,-5.5072,-3.0491,3.5106,0.1562,-0.1785,1.4932
1230798298581,-5.8351,-2.6998,3.7212,0.0084,-0.3019,1.4150
1230798298590,-5.8638,-3.0683,3.8982,0.0169,-0.4851,1.2794
1230798298600,-5.6197,-3.4966,3.9772,0.0573,-0.6366,1.1218
1230798298611,-5.3278,-3.5732,4.1279,0.0878,-0.7454,1.0179
1230798298621,-5.0957,-3.6761,4.0801,0.2576,-0.8138,0.9446
1230798298630,-4.9784,-3.8053,3.7188,0.5325,-0.8187,0.8640
1230798298641,-5.0000,-3.3602,3.3694,0.6706,-0.7869,0.7968
1230798298650,-5.2225,-2.0968,2.9698,0.6376,-0.7906,0.7418
1230798298659,-5.5455,-0.7137,2.6061,0.5728,-0.8602,0.6893
1230798298669,-5.9164,0.2841,2.4482,0.4433,-0.9689,0.6123
1230798298679,-6.2107,0.5856,2.8980,0.1867,-1.1119,0.4926
1230798298688,-6.2203,0.2673,3.8312,-0.1688,-1.3012,0.3228
1230798298698,-5.8183,-0.6898,4.8386,-0.4571,-1.4821,0.1187
1230798298708,-5.0981,-1.7451,5.0157,-0.5707,-1.5920,-0.0816
1230798298717,-4.4568,-2.5466,4.6855,-0.5035,-1.5517,-0.2184
1230798298726,-4.1218,-2.8912,4.1232,-0.2970,-1.4185,-0.2868
1230798298736,-4.1314,-2.5658,3.6398,-0.0393,-1.2793,-0.3443
1230798298746,-4.3156,-1.7163,3.4077,0.1586,-1.2304,-0.3846
1230798298756,-4.5477,-0.9889,4.1160,0.1904,-1.2805,-0.4005
1230798298765,-4.7152,-0.6563,5.5636,0.0157,-1.4393,-0.4591
1230798298775,-4.3084,-0.7233,6.6428,-0.3068,-1.5822,-0.5630
1230798298785,-3.5308,-1.5632,7.2697,-0.5365,-1.5578,-0.6680
1230798298794,-2.9110,-2.8601,7.6167,-0.6037,-1.3892,-0.7707
1230798298802,-2.6478,-4.1594,7.4946,-0.5683,-1.1180,-0.8269
1230798298813,-2.9804,-5.3104,7.6861,-0.4277,-0.8138,-0.8476
1230798298821,-3.6504,-5.6214,8.2723,-0.2604,-0.5707,-0.8415
1230798298831,-4.2941,-5.1812,8.4805,-0.0747,-0.4033,-0.7670
1230798298842,-4.6434,-4.8031,8.4781,0.1330,-0.3165,-0.6558
1230798298852,-4.7368,-4.3389,8.9614,0.0853,-0.2799,-0.5813
1230798298861,-4.5597,-3.9321,9.4974,-0.2482,-0.2298,-0.5544
1230798298871,-4.2534,-4.2216,9.5931,-0.6489,-0.1088,-0.5679
1230798298880,-4.1146,-4.8438,9.3443,-1.1058,0.0817,-0.5984
1230798298888,-4.3372,-5.7602,9.0907,-1.4650,0.2699,-0.6204
1230798298898,-4.7248,-6.9518,8.8226,-1.5456,0.4226,-0.6106
1230798298907,-5.0406,-7.6793,8.6408,-1.4259,0.5081,-0.5898
1230798298917,-5.2225,-7.8779,8.2197,-1.1730,0.5228,-0.5288
1230798298931,-5.2081,-8.1363,8.0402,-0.8077,0.4996,-0.4139
1230798298939,-5.0765,-8.0860,8.0593,-0.5353,0.4617,-0.3101
1230798298948,-4.8660,-7.6793,8.0761,-0.4265,0.4372,-0.2245
1230798298957,-4.6434,-7.4567,7.8440,-0.4058,0.4348,-0.1451
1230798298967,-4.5166,-7.3490,7.5545,-0.4950,0.4544,-0.1048
1230798298977,-4.6291,-7.5070,7.4755,-0.6232,0.4678,-0.0975
1230798298986,-4.7320,-7.8013,7.3463,-0.7063,0.4617,-0.0938
1230798298996,-4.7583,-8.1100,7.2625,-0.6990,0.4287,-0.0755
1230798299005,-4.6769,-8.2320,6.9969,-0.5744,0.3908,-0.0474
1230798299013,-4.5597,-8.1602,6.7457,-0.3972,0.3615,-0.0010
1230798299024,-4.6147,-7.9090,6.7409,-0.2225,0.3419,0.0442
1230798299032,-4.7224,-7.6099,6.6978,-0.1125,0.3212,0.0870
1230798299042,-4.8971,-7.5118,6.7911,-0.0845,0.3151,0.1322
1230798299051,-5.0765,-7.3514,7.1094,-0.1113,0.3053,0.1688
1230798299061,-5.2034,-7.3586,7.6932,-0.1052,0.2760,0.2238
1230798299070,-5.2010,-7.6745,8.2675,-0.0002,0.2393,0.2678
1230798299080,-4.9952,-7.9999,8.2460,0.1867,0.2430,0.3008
1230798299091,-4.9330,-8.1722,8.1455,0.3871,0.3273,0.3631
1230798299100,-5.1962,-8.0143,8.1096,0.5948,0.4556,0.4181
1230798299109,-5.7992,-7.7869,8.2962,0.8514,0.6046,0.4718
1230798299119,-6.5122,-7.4232,8.0857,1.0994,0.7402,0.5451
1230798299128,-7.2588,-7.1433,8.1048,1.2887,0.8649,0.6099
1230798299138,-7.7900,-6.8466,8.2843,1.3828,0.9320,0.6575
1230798299150,-8.0101,-6.1909,8.0976,1.3767,0.9540,0.7027
1230798299159,-7.9958,-5.4827,7.7124,1.3523,0.9638,0.7479
1230798299169,-7.8690,-5.0065,7.3104,1.2973,0.9956,0.7687
1230798299179,-7.7780,-4.7959,6.7552,1.1592,1.0457,0.7553
1230798299188,-7.7637,-4.7887,6.4274,0.9039,1.1055,0.7259
1230798299198,-7.8690,-4.8844,6.4897,0.6266,1.1288,0.6844
1230798299208,-7.9120,-5.0783,6.8558,0.4580,1.0957,0.6074
1230798299216,-7.5986,-5.0089,6.8318,0.4482,1.0383,0.5048
1230798299225,-7.1511,-4.9730,6.7529,0.5850,1.0176,0.4266
1230798299235,-6.8472,-4.9969,6.5925,0.8049,1.0347,0.3631
1230798299245,-6.7611,-4.8414,6.2982,1.0872,1.0811,0.2873
1230798299254,-6.9238,-4.4298,5.8603,1.4622,1.1129,0.1896
1230798299263,-7.2731,-3.8172,5.4392,1.9033,1.0994,0.0711
1230798299275,-7.5340,-3.4583,4.9032,2.3553,1.0225,-0.0486
1230798299284,-7.5770,-3.7168,4.3098,2.7157,0.9125,-0.1586
1230798299294,-7.4646,-4.0613,4.1614,2.8159,0.7952,-0.2478
1230798299304,-7.1894,-4.2623,4.4366,2.7206,0.6547,-0.3125
1230798299312,-6.8353,-4.0015,4.8290,2.5789,0.4971,-0.3602
1230798299322,-6.5386,-3.1664,5.1305,2.4579,0.3322,-0.3993
1230798299332,-6.4189,-2.2380,5.1210,2.4005,0.1868,-0.4628
1230798299342,-6.6414,-1.5943,4.8817,2.3394,0.0707,-0.5764
1230798299352,-7.0028,-1.4077,4.6831,2.1672,-0.0160,-0.7316
1230798299361,-7.0722,-1.2593,4.6568,1.8288,-0.1198,-0.8721
1230798299371,-6.6893,-0.9746,4.7836,1.4292,-0.2664,-0.9893
1230798299380,-5.9954,-0.6563,4.8099,1.1421,-0.4289,-1.1262
1230798299390,-5.2823,-0.5271,4.8123,0.9601,-0.5707,-1.2471
1230798299399,-4.7152,-0.6898,4.7405,0.7451,-0.6782,-1.3449
1230798299409,-4.3324,-1.1110,4.7525,0.4384,-0.7539,-1.4414
1230798299419,-4.0141,-1.5919,4.6759,0.0634,-0.8211,-1.5342
1230798299428,-3.7724,-1.8025,4.9559,-0.2873,-0.8749,-1.6332
1230798299438,-3.5212,-1.8097,5.1688,-0.5450,-0.9469,-1.7285
1230798299447,-3.2341,-1.6158,5.3602,-0.6904,-1.0117,-1.8372
1230798299456,-2.8177,-1.7139,5.7766,-0.7307,-1.0655,-1.9374
1230798299467,-2.2410,-2.3768,5.8867,-0.7271,-1.1155,-1.9960
1230798299476,-1.7529,-3.1832,6.0278,-0.7540,-1.1387,-2.0278
1230798299486,-1.3222,-3.8268,6.2887,-0.7955,-1.1375,-2.0596
1230798299495,-0.8580,-4.6332,6.5854,-0.7760,-1.1326,-2.0449
1230798299505,-0.3794,-5.3678,6.8749,-0.7454,-1.1241,-1.9899
1230798299515,-0.0803,-5.4731,6.9371,-0.7344,-1.1082,-1.9399
1230798299524,-0.1186,-5.0280,6.5423,-0.6978,-1.0716,-1.8983
1230798299534,-0.5900,-4.5112,6.1570,-0.6208,-1.0239,-1.8678
1230798299542,-1.2361,-4.0781,5.9848,-0.5951,-0.9946,-1.8336
1230798299552,-1.5567,-3.8412,5.9800,-0.6855,-1.0141,-1.7737
1230798299562,-1.4969,-4.2001,6.3700,-0.7356,-1.0764,-1.7297
1230798299570,-1.2935,-5.2649,7.3056,-0.6220,-1.1705,-1.7346
1230798299580,-0.8508,-6.3130,7.7985,-0.3948,-1.2389,-1.7529
1230798299590,-0.3627,-7.4448,7.8751,-0.0197,-1.2023,-1.7309
1230798299601,-0.0636,-9.0121,7.7650,0.5313,-1.1070,-1.6833
1230798299611,0.0585,-10.1845,7.1357,1.0847,-1.0239,-1.6405
1230798299620,0.0321,-10.2180,6.7720,1.4964,-0.9726,-1.5965
1230798299630,-0.1880,-9.0456,7.2960,1.8471,-0.9983,-1.5220
1230798299640,-0.2095,-6.8107,7.6047,2.1635,-1.0972,-1.4084
1230798299649,0.0896,-3.8890,7.3989,2.2588,-1.1925,-1.2801
1230798299659,0.5107,-1.7235,7.4970,2.0902,-1.2084,-1.1971
1230798299669,0.9151,-0.9674,8.0354,1.6039,-1.1302,-1.1714
1230798299678,1.2812,-1.3694,8.5403,0.7805,-0.9812,-1.1628
1230798299687,1.6042,-2.5945,8.8083,-0.0845,-0.7673,-1.0871
1230798299697,1.8172,-4.4059,8.2149,-0.6318,-0.5108,-0.9661
1230798299706,1.7454,-6.3082,7.4300,-0.7527,-0.2310,-0.8623
1230798299717,1.3195,-7.3323,6.9251,-0.6122,-0.0331,-0.8122
1230798299726,0.6973,-7.3634,6.9299,-0.3520,0.0048,-0.7926
1230798299736,0.2451,-6.5522,7.6310,-0.1663,-0.1198,-0.7377
1230798299745,0.4509,-5.1405,8.0067,-0.1187,-0.3642,-0.6913
1230798299755,1.0850,-3.8651,8.1981,-0.2127,-0.5181,-0.6974
1230798299765,1.6808,-3.4631,8.3393,-0.3789,-0.4827,-0.7340
1230798299774,1.9440,-3.9441,8.2867,-0.6183,-0.2762,-0.7267
1230798299784,1.8196,-4.9514,8.1814,-0.8004,-0.0221,-0.6632
1230798299793,1.4654,-6.0378,8.1263,-0.7576,0.1465,-0.6253
1230798299802,1.1663,-6.5953,7.8918,-0.5035,0.1758,-0.6277
1230798299812,0.9940,-6.2771,7.6573,-0.2164,0.1269,-0.6167
1230798299822,0.9773,-5.4755,7.6980,0.0121,0.0280,-0.5898
1230798299832,1.1448,-4.6595,7.8895,0.0682,-0.0734,-0.5984
1230798299841,1.4606,-4.2456,8.3226,-0.0991,-0.1320,-0.6265
1230798299851,1.8315,-4.4681,8.6001,-0.3777,-0.1333,-0.6363
1230798299861,2.1689,-5.1429,8.5499,-0.6574,-0.0587,-0.6143
1230798299868,2.2359,-5.7435,8.3106,-0.8065,0.0585,-0.5740
1230798299878,1.9320,-6.0785,8.1574,-0.7405,0.1636,-0.5410
1230798299887,1.5229,-6.0737,7.9349,-0.5365,0.2027,-0.5263
1230798299897,1.2812,-5.7219,7.8033,-0.3410,0.1648,-0.5153
1230798299906,1.3506,-5.5185,7.9349,-0.2127,0.0463,-0.5055
1230798299957,1.7598,-5.4922,8.2005,-0.2017,-0.0954,-0.4884
1230798299958,2.4274,-5.6693,8.3943,-0.2982,-0.1760,-0.4359
1230798299959,2.9777,-5.8918,8.2986,-0.4058,-0.1712,-0.3712
1230798299960,3.1284,-5.8464,8.2675,-0.5231,-0.0710,-0.2942
1230798299961,2.9586,-5.9851,8.0498,-0.5585,0.0683,-0.2221
1230798299967,2.5566,-6.1526,7.7626,-0.5426,0.2002,-0.1708
1230798299976,2.2646,-6.1502,7.6550,-0.5133,0.2393,-0.1549
1230798299985,2.2670,-6.2771,7.5210,-0.4498,0.1611,-0.1830
1230798299995,2.3939,-6.4039,7.3008,-0.3813,0.0732,-0.2172
1230798300003,2.4608,-6.0641,7.3559,-0.3203,0.0292,-0.2258
1230798300012,2.4537,-5.8296,7.5832,-0.2213,0.0109,-0.2221
1230798300024,2.4585,-5.8703,7.8320,-0.1761,-0.0001,-0.2245
1230798300031,2.5302,-6.1191,8.1096,-0.2115,-0.0307,-0.2258
1230798300041,2.7025,-6.2507,7.8081,-0.2922,-0.0258,-0.1891
1230798300051,2.8916,-6.3249,7.4013,-0.3813,0.0267,-0.1183
1230798300061,2.9298,-6.6958,7.4013,-0.4143,0.0732,-0.0694
1230798300072,2.9777,-6.6192,7.3056,-0.5047,0.0817,-0.0242
1230798300081,3.0327,-6.6958,7.2721,-0.6428,0.0768,0.0577
1230798300091,2.9968,-7.1433,7.4157,-0.7515,0.0805,0.1297
1230798300099,2.7528,-7.7487,7.8703,-0.8651,0.1159,0.1749
1230798300110,2.4680,-8.2416,8.2029,-0.9421,0.1514,0.2043
1230798300120,2.3723,-8.4904,8.2603,-0.9861,0.1648,0.2507
1230798300130,2.2886,-8.4067,8.2603,-1.0044,0.1343,0.3020
1230798300139,2.3340,-8.4330,8.2890,-0.9702,0.0878,0.3387
1230798300149,2.6044,-9.0240,8.5666,-0.9177,0.0549,0.3802
1230798300158,2.9538,-9.3207,8.4374,-0.9250,0.0329,0.4119
1230798300166,3.1261,-9.2466,7.9899,-0.8945,0.0793,0.4718
1230798300178,2.9944,-9.4691,7.7124,-0.7332,0.1868,0.5818
1230798300187,2.7049,-9.3375,7.4300,-0.6086,0.3224,0.7064
1230798300195,2.4297,-9.0001,7.1214,-0.5084,0.4079,0.8102
1230798300205,2.3293,-8.8565,6.7194,-0.4449,0.4006,0.8933
1230798300214,2.3986,-8.6316,6.4179,-0.5267,0.3578,0.9654
1230798300224,2.4321,-8.1219,6.4968,-0.7051,0.3261,1.0301
1230798300235,2.5350,-7.9736,6.7194,-0.8725,0.3297,1.1205
1230798300245,2.6882,-7.9042,6.7194,-1.0863,0.3652,1.1975
1230798300255,2.7456,-7.8061,6.3915,-1.3612,0.4104,1.2549
1230798300264,2.4848,-7.9209,5.9704,-1.5579,0.4629,1.2892
1230798300274,2.0014,-8.1124,5.6187,-1.6409,0.5191,1.3014
1230798300284,1.3578,-8.4019,5.2526,-1.5945,0.5497,1.3002
1230798300293,0.8218,-8.6842,4.8721,-1.4259,0.5118,1.2696
1230798300303,0.4676,-9.0312,4.5371,-1.1229,0.3920,1.2244
1230798300312,0.3958,-9.2513,4.4055,-0.7650,0.2234,1.2244
1230798300321,0.5562,-9.5816,4.8721,-0.3716,0.0097,1.2928
1230798300332,1.0850,-9.8519,5.6354,-0.0612,-0.2139,1.4382
1230798300341,1.9440,-9.4906,5.9154,0.0279,-0.3972,1.6434
1230798300351,2.5996,-8.7608,5.6833,-0.0441,-0.4546,1.8756
1230798300361,2.4489,-8.1147,5.9369,-0.2225,-0.2872,2.1016
1230798300369,1.4822,-7.5213,6.4514,-0.4827,-0.0111,2.2580
1230798300380,0.2930,-7.4400,6.6619,-0.6464,0.2051,2.2812
1230798300389,-0.3914,-7.6697,6.2671,-0.6379,0.2625,2.1993
1230798300399,-0.4967,-8.1267,6.0709,-0.4913,0.1721,2.1077
1230798300409,-0.1066,-8.1961,5.8962,-0.2799,0.0097,2.0576
1230798300418,0.4437,-7.7726,5.4703,-0.0881,-0.0734,2.1065
1230798300428,0.4892,-7.4448,5.2454,-0.0087,-0.0368,2.2384
1230798300437,-0.1186,-7.1552,5.4033,-0.1272,0.0805,2.3814
1230798300447,-1.0925,-6.7484,5.2813,-0.3630,0.2002,2.4425
1230798300457,-2.1669,-6.4709,5.0994,-0.5499,0.2760,2.4131
1230798300466,-3.0450,-6.5905,5.3028,-0.5964,0.2589,2.3227
1230798300475,-3.4973,-6.6503,5.5349,-0.4608,0.1282,2.1627
1230798300485,-3.3106,-6.4924,5.4153,-0.1407,-0.0612,1.9978
1230798300495,-2.8249,-6.0641,5.0564,0.2576,-0.2273,1.8658
1230798300505,-2.5306,-5.4779,4.7190,0.5789,-0.3165,1.7974
1230798300514,-2.8153,-4.8294,4.3983,0.7011,-0.2884,1.7888
1230798300522,-3.5643,-4.2216,4.1614,0.6486,-0.1712,1.7778
1230798300531,-4.4424,-3.6091,4.1854,0.4836,-0.0563,1.7033
1230798300541,-5.1292,-3.2789,4.2595,0.3126,-0.0539,1.5494
1230798300551,-5.2249,-3.3817,4.0155,0.1745,-0.1565,1.3454
1230798300564,-4.9497,-3.6210,3.6063,0.0218,-0.2836,1.1401
1230798300572,-4.7200,-3.9129,3.7403,-0.1174,-0.3715,0.9544
1230798300582,-4.7368,-3.8244,4.1997,-0.1797,-0.4411,0.7907
1230798300591,-5.1029,-3.2860,4.4270,-0.1712,-0.4778,0.6624
1230798300600,-5.5671,-3.0468,4.3720,-0.0869,-0.4644,0.5806
1230798300610,-5.9404,-2.8625,4.2404,-0.0637,-0.4521,0.4852
1230798300620,-6.2179,-2.6496,4.0466,-0.0698,-0.4876,0.3203
1230798300629,-6.2036,-2.7883,3.6446,-0.0368,-0.5413,0.1468
1230798300639,-5.8638,-2.7955,3.1301,-0.0588,-0.5829,0.0039
1230798300649,-5.5360,-2.8721,3.0966,-0.0942,-0.6342,-0.1158
1230798300658,-5.2895,-2.9199,3.3263,-0.1553,-0.7075,-0.2197
1230798300668,-4.9904,-2.6974,3.5680,-0.2922,-0.7735,-0.3101
1230798300678,-4.7535,-2.4270,3.9150,-0.4229,-0.8162,-0.4225
1230798300687,-4.5238,-2.2284,4.2308,-0.5243,-0.8565,-0.5727
1230798300696,-4.1457,-1.9221,4.0825,-0.6367,-0.8712,-0.7316
1230798300706,-3.8801,-1.8527,3.8671,-0.7283,-0.8297,-0.8525
1230798300716,-3.7485,-2.3624,3.7594,-0.7503,-0.7600,-0.9454
1230798300726,-3.6887,-3.0396,3.6709,-0.7662,-0.6830,-1.0236
1230798300735,-3.7940,-3.6019,3.9485,-0.8004,-0.6220,-1.0785
1230798300745,-4.0069,-4.1187,4.6639,-0.7808,-0.6171,-1.1250
1230798300754,-4.0955,-4.4489,5.2980,-0.7417,-0.6403,-1.1616
1230798300764,-4.1194,-4.6906,5.7263,-0.7344,-0.5963,-1.1799
1230798300774,-4.2749,-4.9658,6.0948,-0.7735,-0.4680,-1.1946
1230798300781,-4.6434,-5.0471,6.1475,-0.8969,-0.2811,-1.2203
1230798300793,-5.1723,-5.2146,6.1140,-1.0887,-0.0905,-1.2313
1230798300802,-5.7800,-5.5903,6.2384,-1.3477,0.0170,-1.2251
1230798300812,-6.0624,-6.1766,6.2216,-1.6128,0.0512,-1.2300
1230798300821,-6.1318,-7.3443,6.2432,-1.7399,0.1001,-1.2227
1230798300831,-6.1461,-8.7441,6.3604,-1.7448,0.1648,-1.2178
1230798300841,-6.0552,-9.8448,6.4227,-1.7081,0.2344,-1.1787
1230798300849,-5.8566,-10.7995,6.2910,-1.6128,0.2784,-1.0663
1230798300858,-5.6508,-11.2948,6.4920,-1.4552,0.2968,-0.9209
1230798300868,-5.4498,-11.3618,6.6260,-1.2927,0.2796,-0.7475
1230798300877,-5.1890,-11.1393,6.3580,-1.1657,0.2699,-0.5556
1230798300890,-4.9976,-10.9096,5.6522,-1.0484,0.3187,-0.3651
1230798300899,-5.0024,-11.0699,5.2645,-0.9922,0.3945,-0.1818
1230798300908,-5.2081,-11.4145,5.4009,-0.9849,0.4336,-0.0376
1230798300917,-5.2728,-11.8117,5.6258,-0.9311,0.4250,0.1077
1230798300927,-5.1124,-12.0557,5.6857,-0.8102,0.3908,0.2470
1230798300937,-4.8085,-11.9672,5.6330,-0.6245,0.3701,0.3655
1230798300947,-4.5573,-11.5030,5.4177,-0.4290,0.3762,0.4901
1230798300956,-4.4281,-10.7564,5.2334,-0.2702,0.4104,0.6196
1230798300966,-4.3970,-10.1463,4.9247,-0.1419,0.4654,0.7259
1230798300976,-4.4281,-9.6246,4.5539,-0.1174,0.5289,0.8005
1230798300985,-4.5908,-9.2011,4.4175,-0.2030,0.5533,0.8506
1230798300994,-4.7392,-8.8637,4.3505,-0.2860,0.5154,0.8567
1230798301005,-4.7463,-8.7153,4.2428,-0.3007,0.4312,0.8493
1230798301014,-4.7368,-8.6292,4.2787,-0.2384,0.3285,0.8359
1230798301024,-4.6075,-8.6340,4.3146,-0.0710,0.2222,0.8139
1230798301031,-4.4257,-8.6699,4.0872,0.1696,0.1196,0.7858
1230798301043,-4.3372,-8.6316,3.8623,0.4213,0.0329,0.7455
1230798301052,-4.3707,-8.5861,3.7690,0.6718,-0.0307,0.7052
1230798301062,-4.4257,-8.6962,3.5896,0.9406,-0.0856,0.6758
1230798301071,-4.5956,-8.7871,3.4292,1.1910,-0.1553,0.6563
1230798301081,-4.8396,-8.7130,3.3024,1.4280,-0.2359,0.6636
1230798301091,-5.0861,-8.7465,3.5249,1.6980,-0.3361,0.7003
1230798301101,-5.2369,-8.7919,4.0705,1.9778,-0.4900,0.7125
1230798301110,-5.1053,-8.7297,4.4175,2.2283,-0.6501,0.7149
1230798301120,-4.7894,-8.8206,4.6568,2.4677,-0.7673,0.7504
1230798301129,-4.5836,-9.0575,5.1114,2.6436,-0.8394,0.8017
1230798301139,-4.4329,-9.1772,5.5014,2.7133,-0.8736,0.8725
1230798301149,-4.4975,-9.1748,5.7718,2.7560,-0.8541,0.9654
1230798301158,-4.7392,-9.0360,6.1044,2.7719,-0.8529,1.0790
1230798301167,-4.9090,-8.5072,6.2552,2.7108,-0.9079,1.1938
1230798301175,-4.9617,-7.8252,6.0063,2.6400,-0.9922,1.3136
1230798301185,-4.8684,-7.3036,5.9919,2.5593,-1.0496,1.4357
1230798301194,-4.7152,-7.0428,6.3533,2.4848,-1.0948,1.5347
1230798301204,-4.4783,-7.2677,6.7864,2.4311,-1.1241,1.6251
1230798301216,-4.2032,-7.2749,7.1333,2.3077,-1.1278,1.7216
1230798301225,-4.0524,-7.0188,7.2099,2.1513,-1.0923,1.8353
1230798301235,-4.1960,-6.6025,7.0448,2.0438,-1.0435,1.9391
1230798301244,-4.5549,-6.1933,7.1094,1.9338,-0.9934,2.0063
1230798301254,-4.8157,-6.0426,7.1644,1.8141,-0.9641,2.0723
1230798301264,-4.9282,-5.9636,7.1501,1.6870,-0.9738,2.1383
1230798301273,-4.6769,-5.6908,7.0663,1.5930,-1.0092,2.1786
1230798301283,-4.3707,-5.1596,7.0998,1.6088,-1.0423,2.2006
1230798301293,-4.1673,-4.6499,7.1716,1.7237,-1.0703,2.2433
1230798301302,-3.9160,-3.9728,7.3271,1.8361,-1.0777,2.2690
1230798301312,-3.6361,-3.5205,7.3128,1.9033,-1.0630,2.2482
1230798301321,-3.4542,-3.1903,7.3654,1.9473,-1.0264,2.2189
1230798301331,-3.4040,-2.9678,7.3989,1.9253,-0.9641,2.2067
1230798301341,-3.4351,-2.7620,7.3846,1.8410,-0.9237,2.1957
1230798301350,-3.4063,-2.1064,7.2865,1.6699,-0.9237,2.1712
1230798301359,-3.3609,-1.3885,7.1166,1.4647,-0.9445,2.1407
1230798301370,-3.2412,-0.9339,7.0926,1.2509,-0.9359,2.1028
1230798301379,-3.1838,-0.7473,7.1022,1.0151,-0.9030,2.0356
1230798301389,-2.9924,-0.8549,7.2912,0.7927,-0.8468,1.9415
1230798301399,-2.7627,-1.2186,7.3176,0.6644,-0.7991,1.8389
1230798301408,-2.5593,-1.5201,7.3774,0.6351,-0.7686,1.7339
1230798301418,-2.5330,-1.3790,7.3439,0.6486,-0.7698,1.6385
1230798301427,-2.5569,-1.1971,7.3606,0.6925,-0.7747,1.5628
1230798301436,-2.5425,-0.8310,7.5545,0.7023,-0.7698,1.4907
1230798301447,-2.5521,-0.2735,7.5377,0.6510,-0.7600,1.4297
1230798301456,-2.4420,-0.0270,7.4133,0.5704,-0.7515,1.3844
1230798301466,-2.1166,-0.1443,7.0233,0.4458,-0.7478,1.3331
1230798301475,-1.8582,0.0448,6.5806,0.2258,-0.7356,1.2635
1230798301485,-1.8414,0.2386,6.6859,0.0133,-0.6953,1.2024
1230798301495,-2.0664,0.0448,6.6811,-0.1553,-0.6672,1.1584
1230798301504,-2.2817,-0.4386,6.6141,-0.3862,-0.6818,1.1047
1230798301511,-2.2841,-1.1971,7.1237,-0.5658,-0.6672,1.0240
1230798301522,-2.1932,-1.5177,7.6908,-0.6440,-0.6440,0.9336
1230798301532,-2.1334,-1.0583,7.9110,-0.6831,-0.6501,0.8689
1230798301541,-2.0448,-0.2711,8.0593,-0.7112,-0.6464,0.8286
1230798301551,-2.0089,0.4372,8.1718,-0.7442,-0.6085,0.7797
1230798301561,-2.1884,0.7339,8.0833,-0.8370,-0.5413,0.7308
1230798301571,-2.4349,0.4874,7.9206,-0.9836,-0.4619,0.7149
1230798301581,-2.7794,-0.1514,7.9086,-1.1376,-0.3862,0.7162
1230798301591,-2.9852,-0.9554,8.0785,-1.2500,-0.3410,0.7039
1230798301600,-2.9421,-1.5632,8.3776,-1.2622,-0.3116,0.6478
1230798301610,-2.6550,-1.5273,8.7174,-1.2023,-0.3019,0.5610
1230798301619,-2.3368,-1.1397,8.9184,-1.1217,-0.2872,0.4792
1230798301629,-2.0999,-0.5774,9.1217,-1.0777,-0.2505,0.4107
1230798301639,-1.5567,-1.0583,10.3684,-1.0093,-0.1174,0.3509
1230798301648,-1.1188,-1.3813,10.4234,-0.8053,0.0768,0.2043
1230798301658,-1.4873,-0.5462,9.0284,-0.5707,0.2015,0.0674
1230798301667,-2.1358,-0.6874,9.7726,-0.2543,0.3542,0.1957
1230798301677,-2.5090,-1.9006,10.2368,0.1220,0.3859,0.3240
1230798301686,-2.4444,-2.8864,10.7728,0.3676,0.3811,0.2641
1230798301696,-1.8869,-3.4368,11.3279,0.5239,0.3468,0.2543
1230798301706,-1.3677,-3.6115,11.7850,0.6644,0.3310,0.3167
1230798301715,-1.2815,-2.6567,11.9453,0.7463,0.3762,0.3313
1230798301725,-1.7505,-1.2378,11.8161,0.7927,0.4372,0.2678
1230798301735,-2.2458,-0.1778,11.2705,0.7463,0.4690,0.2299
1230798301744,-2.4684,0.4420,10.4713,0.5643,0.5277,0.1908
1230798301754,-2.6741,0.7148,9.7056,0.3321,0.6230,0.1236
1230798301763,-3.0020,0.8847,9.2246,0.0609,0.6682,0.0625
1230798301773,-3.2006,0.9373,8.6312,-0.2372,0.6449,-0.0010
1230798301782,-3.1886,0.4444,8.5786,-0.5218,0.6498,-0.0621
1230798301792,-3.1718,-0.0773,8.2627,-0.8040,0.6230,-0.1415
1230798301802,-3.2412,-0.3165,8.1790,-1.0252,0.5997,-0.2245
1230798301811,-3.5523,-0.7664,8.3848,-1.0753,0.5851,-0.2453
1230798301821,-4.0285,-1.1636,8.6456,-1.0093,0.5362,-0.2466
1230798301829,-4.2941,-1.5871,8.6647,-0.8383,0.4604,-0.2710
1230798301838,-4.4089,-2.1710,8.5547,-0.5450,0.3969,-0.2893
1230798301848,-4.5286,-2.5514,8.5164,-0.2249,0.3273,-0.2783
1230798301857,-4.5405,-2.4916,8.3752,0.0536,0.2528,-0.2392
1230798301867,-4.5405,-2.1447,8.2986,0.2686,0.1660,-0.2294
1230798301879,-4.2821,-2.8649,7.8823,0.4005,0.0439,-0.2722
1230798301889,-4.3443,-0.7185,6.9563,0.2540,-0.0783,-0.3809
1230798301898,-4.3778,-0.2113,6.9850,-0.2091,-0.0856,-0.1073
1230798301908,-4.1242,-0.7066,6.4179,-0.7491,-0.1101,0.0344
1230798301917,-3.7031,-0.7209,5.7311,-1.3746,-0.0197,-0.0303
1230798301927,-3.7748,-1.5512,5.8077,-1.9464,0.1501,-0.0083
1230798301936,-4.3060,-2.4581,5.2406,-2.2652,0.1831,-0.0120
1230798301946,-4.7966,-3.0635,5.3913,-2.3996,0.1709,-0.0242
1230798301956,-4.8732,-3.6880,5.7263,-2.4155,0.0842,0.0308
1230798301965,-4.6315,-3.8005,5.9895,-2.3886,-0.0184,0.0405
1230798301975,-4.4640,-3.7837,6.3820,-2.2823,-0.0856,0.0161
1230798301984,-4.3922,-4.0996,6.7433,-2.1296,-0.1296,0.0442
1230798301994,-4.4329,-4.2240,6.6787,-1.9855,-0.1626,0.0943
1230798302004,-4.5525,-4.0230,7.1333,-1.8389,-0.2029,0.1310
1230798302012,-4.6554,-3.7335,7.7650,-1.6764,-0.2383,0.1444
1230798302023,-4.5812,-3.4153,8.3967,-1.6141,-0.2640,0.1371
1230798302032,-3.9758,-3.9704,9.6386,-1.6067,-0.1882,0.1187
1230798302041,-3.5092,-5.1835,10.2272,-1.5224,-0.0001,0.0503
1230798302052,-3.5547,-5.9445,10.4570,-1.3489,0.2222,0.0173
1230798302061,-3.7509,-5.9588,10.8494,-1.0704,0.3517,0.0772
1230798302071,-3.9280,-4.7792,10.8254,-0.7295,0.2894,0.0845
1230798302080,-3.9064,-3.2023,10.8757,-0.5218,0.1819,0.0503
1230798302090,-3.5858,-2.0681,10.7561,-0.6037,0.1257,0.0247
1230798302099,-3.1120,-1.7690,10.2847,-0.9751,0.1563,0.0063
1230798302109,-2.9326,-2.1303,9.4855,-1.4369,0.2442,-0.0327
1230798302119,-3.1312,-3.0922,8.7987,-1.8083,0.3126,-0.0608
1230798302128,-3.5810,-4.3389,8.3297,-1.9488,0.3090,-0.0865
1230798302138,-4.0381,-5.4420,8.2316,-1.8413,0.2271,-0.1207
1230798302148,-4.1529,-6.0904,8.3608,-1.5713,0.0671,-0.1451
1230798302157,-4.0165,-6.2125,8.5044,-1.2145,-0.1198,-0.1427
1230798302166,-3.7126,-6.1479,8.5762,-0.8407,-0.2713,-0.1280
1230798302175,-3.5571,-5.8775,8.7126,-0.5658,-0.3507,-0.1207
1230798302185,-3.6552,-5.5855,8.5044,-0.4485,-0.3837,-0.0816
1230798302195,-3.8562,-5.4611,8.0809,-0.4559,-0.3556,-0.0266
1230798302203,-4.1673,-5.2075,7.8679,-0.5536,-0.3031,-0.0034
1230798302214,-4.3419,-5.1189,7.7028,-0.6477,-0.2787,0.0003
1230798302223,-4.2558,-5.3295,7.5856,-0.7027,-0.2787,-0.0107
1230798302234,-4.0261,-5.7052,7.5999,-0.7417,-0.2774,-0.0437
1230798302244,-4.0141,-5.9110,7.5832,-0.6819,-0.2518,-0.0963
1230798302254,-4.1409,-5.9373,7.4540,-0.5670,-0.2213,-0.0963
1230798302263,-4.1673,-5.7267,7.1572,-0.4998,-0.1980,-0.0547
1230798302273,-4.1481,-5.5425,6.7672,-0.5096,-0.1772,-0.0242
1230798302282,-4.1721,-5.5903,6.3963,-0.6183,-0.1394,-0.0059
1230798302292,-4.1218,-5.8679,6.1570,-0.8150,-0.1088,0.0161
1230798302302,-3.9782,-6.1215,6.0374,-0.9739,-0.0978,0.0235
1230798302311,-3.8131,-6.1957,5.9393,-1.0337,-0.1027,0.0112
1230798302321,-3.6480,-5.9588,5.9537,-1.0117,-0.0942,-0.0279
1230798302330,-3.6073,-5.8272,6.1475,-0.9201,-0.0697,-0.0560
1230798302340,-3.6815,-5.9110,6.3293,-0.7918,-0.0478,-0.0572
1230798302349,-3.6935,-5.9708,6.5255,-0.6501,-0.0453,-0.0584
1230798302359,-3.6049,-5.9277,6.7289,-0.5133,-0.0575,-0.0743
1230798302368,-3.4757,-5.7028,6.7720,-0.4143,-0.0734,-0.0792
1230798302378,-3.4781,-5.4539,6.9419,-0.3899,-0.0587,-0.0816
1230798302388,-3.6073,-5.4635,7.0352,-0.4241,-0.0270,-0.0804
1230798302397,-3.7366,-5.7339,7.0615,-0.4730,0.0035,-0.0743
1230798302407,-3.8634,-6.1096,7.0280,-0.4705,0.0243,-0.0694
1230798302416,-3.8706,-6.3369,6.9156,-0.4045,0.0255,-0.0474
1230798302426,-3.8442,-6.1933,6.7888,-0.3117,0.0060,-0.0254
1230798302436,-3.8179,-5.9971,6.6117,-0.2017,-0.0075,-0.0022
1230798302445,-3.7772,-5.9803,6.5279,-0.1077,-0.0148,0.0137
1230798302455,-3.7198,-5.8679,6.5614,-0.0502,-0.0184,0.0039
1230798302465,-3.6767,-5.7506,6.6739,-0.0429,-0.0135,-0.0132
1230798302474,-3.6337,-5.7387,6.5590,-0.0625,-0.0001,-0.0352
1230798302484,-3.6767,-5.9588,6.4227,-0.1260,0.0267,-0.0511
1230798302494,-3.6983,-6.2507,6.3269,-0.1932,0.0463,-0.0462
1230798302501,-3.7246,-6.4493,6.1523,-0.1895,0.0451,-0.0511
1230798302511,-3.7102,-6.4781,6.0183,-0.1578,0.0341,-0.0266
1230798302520,-3.6791,-6.4158,5.9345,-0.1174,0.0280,0.0186
1230798302530,-3.6193,-6.3847,5.7287,-0.0661,0.0341,0.0589
1230798302540,-3.6600,-6.3201,5.5517,-0.0283,0.0512,0.0845
1230798302551,-3.7629,-6.3824,5.5445,0.0145,0.0622,0.1163
1230798302561,-3.7844,-6.3847,5.5564,0.0634,0.0500,0.1310
1230798302571,-3.7653,-6.2651,5.6163,0.0853,0.0378,0.1114
1230798302580,-3.6959,-6.2029,5.7072,0.0817,0.0451,0.0894
1230798302590,-3.6600,-6.1215,5.8244,0.0169,0.0732,0.0760
1230798302599,-3.5427,-6.0210,5.8771,-0.0991,0.1111,0.0589
1230798302609,-3.4040,-5.8894,5.8771,-0.2091,0.1550,0.0283
1230798302619,-3.4303,-5.8966,5.8986,-0.2909,0.2027,0.0186
1230798302628,-3.5786,-6.0593,5.8508,-0.3288,0.2406,0.0271
1230798302638,-3.7724,-6.1670,5.7862,-0.3129,0.2564,0.0332
1230798302647,-3.8323,-6.1479,5.8962,-0.2494,0.2418,0.0198
1230798302657,-3.8682,-6.1622,6.0733,-0.1700,0.2186,0.0088
1230798302667,-3.8083,-6.0521,6.2145,-0.1297,0.1990,0.0039
1230798302676,-3.7940,-5.9301,6.3222,-0.1394,0.1929,-0.0169
1230798302686,-3.8203,-6.0880,6.3557,-0.1724,0.2051,-0.0279
1230798302695,-3.8371,-6.2962,6.3868,-0.2127,0.2198,-0.0364
1230798302705,-3.8251,-6.3177,6.3461,-0.2457,0.2283,-0.0474
1230798302715,-3.8131,-6.3154,6.2887,-0.2690,0.2283,-0.0462
1230798302724,-3.8586,-6.3393,6.2623,-0.2970,0.2344,-0.0401
1230798302734,-3.9064,-6.4015,6.2456,-0.3154,0.2406,-0.0303
1230798302743,-3.9256,-6.4828,6.2288,-0.3190,0.2467,-0.0230
1230798302753,-3.9495,-6.6408,6.2240,-0.3007,0.2528,-0.0205
1230798302761,-3.9471,-6.9016,6.1642,-0.2677,0.2576,-0.0010
1230798302772,-3.9447,-6.8872,6.1283,-0.2396,0.2540,0.0051
1230798302782,-3.9495,-6.7604,6.1355,-0.1834,0.2564,-0.0010
1230798302791,-4.0045,-6.6288,6.1212,-0.1199,0.2625,0.0027
1230798302801,-4.1122,-6.4781,5.9943,-0.0918,0.2809,0.0039
1230798302810,-4.2008,-6.4422,5.8843,-0.0869,0.2992,0.0076
1230798302821,-4.1816,-6.5092,5.7335,-0.0784,0.3187,0.0100
1230798302828,-4.1433,-6.5259,5.7096,-0.0637,0.3261,0.0027
1230798302837,-4.1529,-6.4302,5.8005,-0.0307,0.3224,-0.0022
1230798302847,-4.2247,-6.4446,5.7287,-0.0124,0.3236,0.0027
1230798302856,-4.4185,-6.5163,5.0252,0.0389,0.3346,0.0100
1230798302870,-4.2390,-7.0404,4.8793,0.1306,0.1892,0.0564
1230798302876,-4.1385,-7.0260,5.0372,0.1806,0.1905,0.0931
1230798302886,-3.9304,-6.8896,4.6424,0.0670,0.1746,0.0992
1230798302895,-3.9854,-6.7317,5.4727,0.1257,0.1953,0.0821
1230798302905,-4.1744,-6.2627,5.4440,0.0988,0.1709,0.0564
1230798302915,-4.0405,-5.9947,5.6641,0.0206,0.1526,0.0271
1230798302924,-3.8849,-6.0043,5.8197,-0.0380,0.1611,-0.0083
1230798302935,-3.6169,-6.1814,6.1738,-0.1358,0.2149,-0.0120
1230798302950,-3.4829,-6.2101,6.3293,-0.2592,0.3261,-0.0034
1230798302953,-3.6935,-6.4828,6.1738,-0.3276,0.4299,-0.0169
1230798302965,-3.9543,-7.0021,6.0996,-0.2982,0.5215,-0.0181
1230798302973,-4.6243,-7.0332,5.7383,-0.2311,0.5191,-0.0059
