1624273988755,0.3671,2.4663,9.3299,-0.0102,0.0130,0.0044
1624273988756,0.2906,2.7558,9.5118,0.0546,0.0753,-0.0041
1624273988758,0.1350,2.9808,9.5931,0.0643,0.0802,-0.0114
1624273988764,0.0441,2.9688,9.5357,0.0265,0.0460,-0.0054
1624273988767,0.1422,2.7893,9.5764,-0.0175,-0.0017,0.0044
1624273988785,0.2475,2.6745,9.4926,-0.0334,-0.0261,0.0044
1624273988788,0.3336,2.7223,9.4879,-0.0285,-0.0224,-0.0066
1624273988814,0.2714,2.7893,9.5261,-0.0163,-0.0017,-0.0151
1624273988816,0.1829,2.8516,9.5142,-0.0285,0.0167,-0.0139
1624273988834,0.1422,2.8228,9.5788,-0.0468,0.0154,-0.0139
1624273988847,0.1326,2.7367,9.5692,-0.0480,0.0032,-0.0102
1624273988865,0.1925,2.6984,9.5573,-0.0285,-0.0102,-0.0017
1624273988866,0.2403,2.6984,9.4998,0.0020,-0.0114,0.0081
1624273988867,0.2283,2.7822,9.4926,0.0118,-0.0017,0.0105
1624273988869,0.1757,2.7439,9.4711,0.0033,0.0154,0.0118
1624273988879,0.0896,2.7295,9.4711,-0.0163,0.0203,0.0179
1624273988882,0.0274,2.6817,9.4520,-0.0297,0.0130,0.0203
1624273988896,0.0226,2.7223,9.4879,-0.0297,0.0008,0.0191
1624273988903,0.0489,2.7582,9.5477,-0.0261,0.0008,0.0191
1624273988912,0.0609,2.7487,9.6434,-0.0199,0.0044,0.0228
1624273988923,0.0920,2.6721,9.7008,0.0081,0.0118,0.0228
1624273988933,0.1302,2.6625,9.6171,0.0411,0.0179,0.0264
1624273988940,0.1374,2.8348,9.3778,0.0594,0.0179,0.0252
1624273988950,0.1398,2.8516,9.2462,0.0594,0.0289,0.0313
1624273988962,0.1159,2.7008,9.2390,0.0484,0.0570,0.0557
1624273988969,0.0393,2.6697,9.3515,0.0533,0.0936,0.0692
1624273988982,-0.0779,2.7822,9.4544,0.0790,0.1168,0.0594
1624273988990,-0.1784,2.8707,9.4424,0.1120,0.1046,0.0582
1624273988999,-0.1712,2.9162,9.5022,0.1389,0.0692,0.0838
1624273989014,-0.2024,2.8946,9.2749,0.1511,0.0313,0.1156
1624273989019,-0.2048,2.9832,8.9830,0.1584,0.0032,0.1156
1624273989030,-0.2048,3.0717,8.8920,0.1877,0.0081,0.1229
1624273989036,-0.2143,3.2536,8.9543,0.1804,0.0387,0.1486
1624273989047,-0.2383,3.1530,9.1911,0.1462,0.0704,0.1681
1624273989055,-0.1952,2.9209,9.4544,0.1291,0.0802,0.1864
1624273989067,-0.0684,2.7750,9.7487,0.1608,0.0729,0.2011
1624273989074,0.0680,3.0262,9.8324,0.2488,0.0484,0.1950
1624273989084,0.1805,3.5694,9.7630,0.3295,0.0362,0.1815
1624273989094,0.3169,3.9618,9.5477,0.3331,0.0411,0.1815
1624273989103,0.2547,4.2777,9.7224,0.2305,0.0729,0.1815
1624273989114,0.1637,4.6151,9.7894,-0.0603,-0.0200,0.1596
1624273989122,0.5346,3.1722,8.7245,-0.2533,-0.2301,0.1571
1624273989135,0.9558,2.8539,9.1600,-0.1861,-0.0957,0.1645
1624273989142,0.9438,3.6388,9.2797,-0.3303,-0.0310,0.1535
1624273989152,0.8409,3.4665,9.5931,-0.4781,0.0167,0.0582
1624273989163,0.9558,2.8875,9.7678,-0.5087,0.0985,-0.0493
1624273989171,1.6210,2.5955,9.6721,-0.2912,0.2512,-0.1764
1624273989180,2.9801,0.9875,8.2603,0.3991,0.6410,-0.2619
1624273989190,3.2648,1.7461,12.4550,1.7271,1.5462,-0.3670
1624273989200,-1.6093,8.7427,14.6994,1.5646,1.9934,-0.3768
1624273989209,-2.1286,7.8932,12.8976,0.3527,1.2775,-0.2033
1624273989221,-0.2909,3.6220,12.0936,-0.0810,0.9867,-0.4439
1624273989228,0.5586,3.9307,11.4691,-0.4830,1.2702,-0.8557
1624273989238,-0.1569,3.9211,11.7347,-0.5490,1.5548,-0.7982
1624273989247,-1.3318,3.4785,11.8328,-0.5673,1.7136,-0.6187
1624273989257,-1.9084,3.6436,11.8926,-0.6760,1.8444,-0.6981
1624273989267,-1.7697,4.1221,12.3856,-0.9216,1.9641,-0.8557
1624273989278,-2.2363,3.1004,11.6797,-1.3577,2.0569,-0.8434
1624273989288,-3.3992,1.7102,10.4522,-1.7145,2.0545,-0.8642
1624273989297,-3.8538,1.4254,9.6984,-1.8049,1.9910,-0.9229
1624273989307,-4.1218,2.0045,9.1529,-1.8281,1.9543,-0.9656
1624273989317,-4.5358,2.6721,9.1696,-1.9991,1.9861,-0.9546
1624273989327,-4.8085,2.9401,9.4256,-2.4072,2.0264,-0.9546
1624273989336,-5.0454,1.9997,9.6123,-2.9399,2.0337,-0.9351
1624273989346,-5.2895,0.9397,9.3682,-3.3088,1.9983,-0.9876
1624273989355,-5.3350,0.3056,9.1529,-3.3797,1.9177,-0.9949
1624273989364,-5.3780,-0.0246,8.9758,-3.2722,1.8163,-0.9094
1624273989374,-5.3637,-0.3668,8.8083,-3.1011,1.7295,-0.8801
1624273989384,-5.3517,-0.7712,8.4853,-2.8776,1.6354,-0.8923
1624273989394,-5.3541,-0.7425,8.0498,-2.6809,1.5011,-0.8874
1624273989403,-5.3182,-0.4553,7.5927,-2.5941,1.3606,-0.8495
1624273989413,-5.0933,-0.3979,7.3271,-2.6381,1.2335,-0.8325
1624273989423,-4.8516,-0.4577,6.9132,-2.7383,1.1260,-0.8777
1624273989432,-4.7128,-0.7449,6.5184,-2.8030,1.0686,-0.9253
1624273989442,-4.7272,-0.9889,6.0470,-2.7701,1.0356,-0.9693
1624273989451,-4.8492,-0.9435,5.6402,-2.6454,0.9757,-1.0084
1624273989461,-4.8014,-0.6683,5.6187,-2.4707,0.8633,-1.0426
1624273989471,-4.5764,-0.5056,5.4631,-2.3156,0.7021,-1.0536
1624273989480,-4.0811,-0.7018,5.4679,-2.1971,0.5677,-1.0475
1624273989488,-3.5427,-1.2473,5.3602,-2.0187,0.4968,-1.0780
1624273989497,-3.1431,-1.8432,5.2526,-1.7963,0.4467,-1.0817
1624273989507,-2.7675,-2.3361,5.2645,-1.4921,0.4113,-1.0072
1624273989517,-2.7770,-3.3913,5.4799,-1.1867,0.3465,-0.9118
1624273989526,-2.7005,-3.8220,5.5708,-1.1537,0.2354,-0.9082
1624273989538,-2.4133,-4.3676,5.7814,-1.1989,0.1608,-0.9705
1624273989547,-1.9802,-4.9873,6.4442,-1.2209,0.1168,-1.0511
1624273989557,-1.5399,-5.6621,6.8534,-1.2527,0.0594,-1.0976
1624273989567,-1.1523,-5.9014,6.9251,-1.2783,-0.0005,-1.1415
1624273989576,-0.8341,-4.9467,6.9012,-1.3382,-0.0273,-1.2442
1624273989586,-0.5326,-3.9441,6.7385,-1.3724,0.0008,-1.2649
1624273989595,-0.5086,-4.0350,6.3341,-1.3944,0.0521,-1.1122
1624273989605,-0.5732,-5.0543,6.0924,-1.4530,0.1120,-0.9216
1624273989615,-0.6115,-6.3249,6.3269,-1.4384,0.1889,-0.7726
1624273989624,-0.6402,-6.8657,6.9563,-1.2673,0.2524,-0.6712
1624273989634,-0.8604,-7.1169,7.3295,-0.9472,0.2671,-0.5722
1624273989643,-1.1332,-7.4400,7.6143,-0.5270,0.2573,-0.4647
1624273989653,-1.4275,-6.9112,6.8988,-0.1275,0.2402,-0.4073
1624273989663,-3.0211,-6.1646,6.8940,0.2329,0.1987,-0.3560
1624273989672,-4.8827,-5.2434,8.1383,0.5897,0.1230,-0.2839
1624273989682,-5.0167,-4.4035,9.7295,0.7265,-0.0970,-0.1336
1624273989691,-3.0307,-5.2266,9.6003,0.7204,-0.3951,0.1131
1624273989701,-1.5041,-6.7628,7.9541,0.6373,-0.5465,0.1767
1624273989711,-1.7266,-7.3419,7.1142,0.6263,-0.4964,0.0093
1624273989720,-2.4109,-6.2077,6.9108,0.6239,-0.4268,-0.0689
1624273989730,-2.6024,-5.0639,6.6548,0.5152,-0.4244,0.0191
1624273989739,-2.3607,-4.5542,6.2934,0.2598,-0.4219,0.0228
1624273989749,-2.5258,-4.4705,6.3772,-0.1116,-0.3535,-0.1019
1624273989759,-3.1838,-4.7552,7.1596,-0.3242,-0.2778,-0.1678
1624273989768,-3.5786,-4.8988,7.3367,-0.2961,-0.2766,-0.1239
1624273989778,-3.5021,-5.1165,7.3798,-0.0994,-0.3364,-0.0334
1624273989788,-3.4901,-5.2745,7.4372,0.1181,-0.3767,0.0411
1624273989795,-3.6121,-5.0807,7.7076,0.2916,-0.4073,0.0569
1624273989805,-3.6002,-4.7792,7.8703,0.3832,-0.4549,0.0814
1624273989814,-3.5332,-4.7217,7.6861,0.3710,-0.4940,0.0899
1624273989824,-3.5571,-5.0232,7.5521,0.3221,-0.4952,0.0630
1624273989834,-3.3824,-5.3989,7.6143,0.2879,-0.4671,0.0301
1624273989843,-3.1599,-4.7816,7.1596,0.2794,-0.4256,-0.0200
1624273989854,-3.0929,-4.1116,7.6956,0.3111,-0.3694,-0.0224
1624273989864,-3.4638,-4.3389,7.6645,0.3612,-0.3205,0.0435
1624273989874,-3.4566,-4.2934,7.8296,0.3795,-0.2949,0.0166
1624273989884,-3.5403,-5.0519,8.3178,0.5335,-0.2594,0.0569
1624273989893,-3.3896,-5.5233,8.5331,0.9207,-0.2643,0.0460
1624273989903,-2.9302,-5.3582,8.2220,1.4534,-0.3120,0.0899
1624273989912,-2.6957,-4.6978,7.8631,1.9128,-0.3425,0.1620
1624273989922,-2.6215,-3.8675,7.8296,2.1914,-0.3327,0.2060
1624273989931,-2.5019,-2.9702,8.1239,2.2072,-0.2753,0.2280
1624273989941,-2.3296,-2.3098,8.5571,2.0814,-0.1983,0.2182
1624273989950,-2.5808,-2.4653,8.9734,1.8285,-0.1385,0.2585
1624273989960,-2.3463,-2.5514,9.2390,1.5524,-0.1177,0.2732
1624273989968,-2.7005,-2.3026,9.0715,1.1358,-0.1079,0.2695
1624273989980,-2.7746,-3.4679,9.5094,0.8572,-0.0615,0.2720
1624273989989,-2.6885,-3.3793,9.6889,0.6691,-0.0322,0.1657
1624273989999,-2.8584,-2.9606,9.7678,0.6092,-0.0725,0.1828
1624273990008,-2.7866,-2.2308,9.6386,0.5469,-0.1324,0.2304
1624273990018,-2.6789,-1.3167,9.2127,0.3808,-0.1470,0.1864
1624273990028,-2.3631,-1.4483,9.1529,0.2561,-0.1202,0.2402
1624273990037,-2.2267,-2.1279,9.3754,0.1596,-0.0505,0.3208
1624273990046,-1.8247,-2.0753,9.6577,0.0912,0.0215,0.2549
1624273990057,-1.7242,-2.5251,9.7965,0.0252,0.0741,0.3123
1624273990066,-1.6548,-3.3267,10.0573,-0.1128,0.1254,0.3367
1624273990076,-1.6165,-3.6689,10.7632,-0.3743,0.2133,0.2805
1624273990085,-1.7888,-3.7431,11.5576,-0.5624,0.2842,0.2256
1624273990095,-2.1334,-4.3197,11.6917,-0.6711,0.3025,0.2598
1624273990104,-2.2243,-4.6691,11.3255,-0.6687,0.3209,0.2854
1624273990112,-2.2722,-4.5686,10.8661,-0.7285,0.3514,0.3343
1624273990122,-2.1334,-4.3054,10.5096,-0.7884,0.4076,0.3660
1624273990172,-1.9898,-4.4322,10.2153,-0.8996,0.4662,0.4149
1624273990173,-1.9539,-4.8725,9.9880,-1.0767,0.5188,0.4601
1624273990174,-1.9850,-5.0041,9.7965,-1.2905,0.5750,0.4638
1624273990175,-1.9467,-5.3821,10.0837,-1.4347,0.6275,0.5139
1624273990175,-2.0783,-5.9086,9.7439,-1.5495,0.6373,0.6055
1624273990181,-2.0089,-6.5116,9.3610,-1.6717,0.6336,0.6788
1624273990191,-1.9994,-7.0093,9.1289,-1.7829,0.6422,0.7326
1624273990200,-2.0496,-7.3108,8.9471,-1.9014,0.6348,0.7924
1624273990210,-2.1262,-7.2342,8.5475,-2.0700,0.5994,0.8645
1624273990219,-2.2793,-6.9997,8.1814,-2.3009,0.5652,0.9402
1624273990229,-2.5090,-6.5211,7.5353,-2.5758,0.5273,1.0050
1624273990239,-2.8034,-6.3058,7.1094,-2.7872,0.4931,1.0869
1624273990248,-3.1479,-6.5714,6.8007,-2.9032,0.4369,1.1809
1624273990258,-3.2221,-6.5977,6.4346,-3.0291,0.3441,1.2396
1624273990267,-3.5045,-5.8703,6.0996,-3.1610,0.2268,1.2335
1624273990277,-3.7629,-5.1213,5.7718,-3.1879,0.1010,1.2384
1624273990287,-3.9112,-4.7050,5.5110,-3.1073,-0.0383,1.2408
1624273990296,-4.0692,-4.6715,5.4823,-2.9729,-0.1739,1.1993
1624273990306,-4.2414,-4.7313,5.3363,-2.7676,-0.3181,1.1089
1624273990316,-4.4544,-4.4202,4.9893,-2.4426,-0.4537,0.9659
1624273990325,-4.7057,-4.1714,4.6161,-1.9772,-0.5465,0.8474
1624273990335,-4.8516,-3.9823,4.3935,-1.4151,-0.6125,0.7362
1624273990344,-4.9641,-3.8005,4.4534,-0.9179,-0.6638,0.6079
1624273990353,-5.1794,-3.3674,4.1638,-0.5795,-0.7164,0.4662
1624273990363,-5.4044,-2.4653,3.9198,-0.4231,-0.7701,0.2989
1624273990374,-5.5288,-1.6422,4.2117,-0.3364,-0.8153,0.1302
1624273990381,-5.5623,-1.2139,4.3265,-0.3523,-0.8178,0.0460
1624273990391,-5.7274,-1.0200,4.5682,-0.4915,-0.8263,0.0008
1624273990401,-5.8159,-1.6541,4.9606,-0.5795,-0.7982,-0.0286
1624273990410,-5.7441,-2.6232,5.3985,-0.6516,-0.7713,-0.0774
1624273990420,-5.4690,-2.9223,5.7359,-0.7383,-0.7555,-0.1678
1624273990432,-5.3804,-4.2982,6.2839,-0.7395,-0.6895,-0.1825
1624273990441,-5.5742,-4.9778,6.6117,-0.7786,-0.6333,-0.2729
1624273990451,-5.8949,-4.6619,6.9419,-0.8519,-0.5636,-0.3938
1624273990460,-6.0911,-4.0781,6.5901,-0.7469,-0.4867,-0.4501
1624273990469,-6.0432,-3.4775,5.8795,-0.5978,-0.4305,-0.4293
1624273990479,-5.8040,-3.7790,5.7503,-0.4683,-0.3669,-0.3120
1624273990489,-5.5072,-4.5758,6.0374,-0.4634,-0.2399,-0.2033
1624273990499,-5.3708,-5.4180,6.5949,-0.4879,-0.0420,-0.1800
1624273990508,-5.5049,-6.1502,7.0089,-0.4268,0.1926,-0.1788
1624273990518,-5.8183,-6.3201,7.2960,-0.3413,0.3881,-0.1727
1624273990527,-6.0361,-5.8799,7.3798,-0.3229,0.5090,-0.1813
1624273990536,-6.0361,-5.4109,7.1812,-0.3205,0.6031,-0.2142
1624273990547,-6.0002,-5.1333,6.8294,-0.3755,0.7143,-0.2497
1624273990556,-6.0073,-5.1118,6.4059,-0.4903,0.8523,-0.2656
1624273990566,-6.0600,-5.3319,5.8843,-0.5294,0.9684,-0.2998
1624273990575,-6.1055,-5.6621,5.6378,-0.4659,1.0478,-0.3548
1624273990585,-6.1318,-5.8535,5.5349,-0.2765,1.0857,-0.4036
1624273990593,-5.9427,-6.0139,5.4655,0.0766,1.0747,-0.4354
1624273990604,-5.6293,-6.4661,5.3315,0.6019,1.0307,-0.4403
1624273990614,-5.4187,-6.7796,5.4296,1.3606,0.9855,-0.4745
1624273990623,-5.3565,-6.9351,5.5852,2.3245,0.9268,-0.5136
1624273990633,-5.3110,-6.9973,5.6091,3.3263,0.7827,-0.5062
1624273990643,-5.1268,-6.7413,5.2813,4.1009,0.5066,-0.4855
1624273990652,-4.9043,-5.9732,4.8936,4.4919,0.1718,-0.5234
1624273990660,-4.6841,-5.1788,4.8601,4.4845,-0.1263,-0.6199
1624273990669,-4.4018,-4.6906,5.1521,4.1803,-0.3560,-0.7506
1624273990681,-4.0668,-4.2551,5.4583,3.6562,-0.5465,-0.8948
1624273990690,-3.6863,-3.7598,5.5756,3.1247,-0.6882,-0.9974
1624273990699,-3.4542,-3.5421,5.5253,2.7228,-0.7726,-0.9974
1624273990708,-3.2101,-4.1140,5.7000,2.4430,-0.8141,-0.8826
1624273990718,-2.8345,-4.9730,6.2863,2.1901,-0.8703,-0.7665
1624273990727,-2.2889,-5.4827,6.7864,1.9030,-0.9289,-0.7347
1624273990739,-1.7529,-5.7794,7.2290,1.5744,-0.9399,-0.7225
1624273990748,-1.4083,-5.7315,7.6621,1.2189,-0.8862,-0.7176
1624273990781,-1.3533,-5.4372,8.2556,0.9098,-0.7738,-0.7078
1624273990782,-1.4682,-5.0519,9.0213,0.7021,-0.6345,-0.6504
1624273990783,-1.6189,-4.8820,9.5525,0.5494,-0.5221,-0.5380
1624273990788,-1.7529,-5.2386,9.7319,0.4431,-0.4341,-0.4256
1624273990797,-1.7768,-5.7458,9.6984,0.3111,-0.3572,-0.3609
1624273990804,-1.8414,-5.8464,9.5812,0.1303,-0.2826,-0.3596
1624273990815,-1.8438,-5.6789,9.1672,-0.0114,-0.2228,-0.4061
1624273990824,-1.9276,-5.4348,8.8609,-0.0884,-0.1788,-0.4329
1624273990834,-2.0568,-5.3510,8.9064,-0.1360,-0.1397,-0.4085
1624273990843,-2.3559,-4.8916,8.5642,-0.1653,-0.0798,-0.4012
1624273990854,-2.5784,-4.4633,8.5834,-0.1580,-0.0310,-0.4097
1624273990862,-2.7124,-4.6619,8.5858,-0.1336,0.0069,-0.3548
1624273990873,-2.8656,-4.7098,8.1383,-0.1629,0.0167,-0.3413
1624273990881,-2.9709,-4.6045,8.0857,-0.1947,0.0289,-0.3926
1624273990891,-3.0833,-4.4418,8.1670,-0.2533,0.0423,-0.4232
1624273990901,-3.1168,-4.0876,8.2364,-0.3498,0.0191,-0.4611
1624273990910,-3.0020,-3.9776,8.3513,-0.4292,-0.0334,-0.5050
1624273990920,-2.8034,-4.5255,8.1981,-0.4977,-0.0860,-0.5160
1624273990929,-2.5641,-5.2266,7.8440,-0.5783,-0.1360,-0.5295
1624273990940,-2.5282,-5.3702,7.3128,-0.6516,-0.1690,-0.5637
1624273990948,-2.5569,-4.8725,6.9060,-0.6381,-0.1739,-0.5625
1624273990958,-2.3942,-5.5114,6.9563,-0.4708,-0.1532,-0.4647
1624273990968,-2.1716,-6.1383,7.2912,-0.2753,-0.1385,-0.3193
1624273990977,-2.0879,-6.4733,7.5640,-0.0493,-0.1018,-0.2582
1624273990987,-2.0855,-6.3130,8.0211,0.0924,-0.0554,-0.2155
1624273990996,-2.1788,-5.4491,8.2388,0.0020,-0.0432,-0.2020
1624273991006,-2.2195,-4.9897,8.4230,-0.1666,-0.0371,-0.2179
1624273991015,-2.2434,-5.4683,8.3991,-0.2667,-0.0224,-0.2020
1624273991026,-2.3176,-6.0378,8.0522,-0.2301,-0.0285,-0.1935
1624273991035,-2.4397,-6.2364,7.7554,-0.0016,-0.0591,-0.1886
1624273991045,-2.5019,-5.9875,7.8368,0.3282,-0.1116,-0.1532
1624273991060,-2.3822,-5.6406,7.6502,0.6446,-0.1874,-0.1190
1624273991063,-2.1645,-5.1165,7.4133,0.8291,-0.2594,-0.1006
1624273991073,-1.9419,-4.9849,7.4013,0.8609,-0.2643,-0.0518
1624273991083,-1.7697,-5.2027,7.1596,0.7827,-0.2277,0.0154
1624273991093,-1.7242,-5.1931,7.1692,0.6361,-0.1947,0.0105
1624273991106,-1.7074,-5.5042,7.4516,0.5823,-0.1422,0.0166
1624273991113,-1.7936,-4.9586,7.7746,0.5225,-0.0945,0.0118
1624273991122,-1.8797,-4.8079,7.9541,0.4809,-0.0774,-0.0127
1624273991132,-1.7864,-5.2816,8.0282,0.4235,-0.0774,0.0203
1624273991142,-1.8510,-5.2458,7.7339,0.4370,-0.0505,0.0032
1624273991151,-1.9132,-4.9275,7.9110,0.5237,-0.0261,0.0081
1624273991161,-1.8821,-4.3556,7.7387,0.5518,-0.0530,0.0643
1624273991171,-1.6476,-3.7168,8.0354,0.3429,-0.0688,0.1254
1624273991179,-1.2193,-4.2001,8.0881,-0.0199,-0.0273,0.1205
1624273991190,-1.2911,-4.0685,7.7196,-0.4524,0.0777,-0.0139
1624273991200,-1.7050,-4.0302,7.6669,-0.6809,0.2133,-0.0701
1624273991210,-1.7792,-4.4513,7.6215,-0.7701,0.2696,0.0166
1624273991219,-1.6979,-5.0017,7.7842,-0.7420,0.2867,0.0606
1624273991228,-1.7194,-5.0041,7.9828,-0.7041,0.3282,0.0325
1624273991238,-1.8558,-4.5925,8.3130,-0.7908,0.3563,-0.0200
1624273991248,-2.0329,-4.0733,8.3393,-0.9216,0.3477,-0.0774
1624273991258,-2.1740,-3.9393,8.0881,-1.0596,0.3245,-0.1214
1624273991267,-2.1453,-4.1522,7.5951,-1.2356,0.3148,-0.1422
1624273991277,-2.2099,-4.0852,7.5090,-1.5056,0.3172,-0.1910
1624273991286,-2.2722,-4.7217,6.9826,-1.7988,0.3539,-0.2521
1624273991296,-2.1812,-4.4561,6.9060,-1.9869,0.3758,-0.3768
1624273991306,-2.1286,-5.5209,7.2554,-2.1335,0.4369,-0.3413
1624273991315,-2.1764,-7.1481,8.2699,-2.1372,0.4809,-0.4073
1624273991325,-2.7842,-5.3774,7.5975,-2.0688,0.4345,-0.6663
1624273991335,-1.4131,-4.8605,6.8964,-1.8648,0.3319,-0.5869
1624273991344,-2.5713,-6.1550,6.7505,-1.6827,0.2659,-0.4745
1624273991354,-2.2745,-5.5066,6.8821,-1.9087,0.2683,-0.5563
1624273991362,-1.9826,-5.9110,6.8749,-2.0908,0.2818,-0.6797
1624273991372,-2.1118,-6.9638,6.9395,-2.2203,0.2476,-0.6822
1624273991381,-2.0999,-7.5740,7.1692,-2.1885,0.2329,-0.7640
1624273991390,-1.9826,-7.8420,7.1955,-1.9869,0.2329,-0.7689
1624273991400,-1.9324,-7.9138,7.0567,-1.7878,0.2146,-0.7066
1624273991412,-2.0424,-7.7941,7.1381,-1.7181,0.2219,-0.6443
1624273991421,-2.2363,-7.5261,6.7600,-1.7756,0.2121,-0.6150
1624273991431,-2.0951,-7.3156,6.3006,-1.8379,0.2317,-0.5661
1624273991440,-2.0353,-7.8874,6.2623,-1.8648,0.2537,-0.4586
1624273991450,-2.0664,-8.4928,6.1140,-1.9515,0.2280,-0.3768
1624273991459,-1.9922,-9.1604,5.8603,-2.0211,0.1999,-0.3267
1624273991469,-2.0616,-9.9931,6.0637,-1.9527,0.1950,-0.2815
1624273991479,-2.2793,-10.4573,6.1355,-1.6326,0.2109,-0.2094
1624273991488,-2.3296,-11.1321,6.4179,-0.9167,0.2537,-0.0420
1624273991498,-2.5856,-11.9600,6.5423,0.0900,0.2940,0.2084
1624273991507,-2.7100,-12.2495,6.5614,1.1004,0.3087,0.4442
1624273991517,-2.8656,-12.1227,6.2958,2.0056,0.3160,0.6299
1624273991527,-3.0690,-11.4838,6.1044,2.7253,0.3111,0.7851
1624273991536,-3.3513,-10.3473,5.9537,3.2262,0.2964,0.9195
1624273991546,-3.5092,-9.2489,5.5828,3.5218,0.2805,1.0319
1624273991555,-3.6313,-8.5502,5.5900,3.5304,0.2647,1.1137
1624273991565,-3.9328,-7.9688,5.4990,3.2628,0.2842,1.1260
1624273991575,-3.8969,-7.6003,5.3602,2.8438,0.2940,1.0966
1624273991584,-3.9376,-7.4352,5.4440,2.4162,0.2867,1.0869
1624273991594,-4.1840,-7.5381,5.5206,2.0105,0.3013,1.1162
1624273991603,-4.2103,-7.2844,5.3555,1.5500,0.3025,1.1003
1624273991613,-4.0500,-7.1313,5.3219,1.1480,0.2891,1.0404
1624273991623,-4.2319,-7.1122,5.2813,0.7656,0.2964,1.0282
1624273991632,-4.2390,-6.7484,4.8290,0.3967,0.2683,0.9989
1624273991642,-3.9423,-6.4900,4.4797,0.1303,0.2390,0.9427
1624273991652,-3.9376,-6.3584,4.4916,-0.0517,0.2354,0.8828
1624273991661,-4.0022,-5.9851,4.5395,-0.2215,0.1914,0.8352
1624273991669,-3.8251,-5.4252,4.9511,-0.3449,0.1046,0.8095
1624273991678,-3.8753,-4.7935,5.6426,-0.4048,0.0008,0.8034
1624273991688,-4.2343,-4.3843,5.7766,-0.5172,-0.1299,0.8095
1624273991698,-4.2917,-4.6236,5.8077,-0.5209,-0.2399,0.7692
1624273991707,-4.2319,-5.2840,5.5852,-0.3364,-0.3144,0.6837
1624273991719,-3.8730,-4.8868,5.0085,-0.1507,-0.4085,0.6495
1624273991728,-3.5691,-4.7289,4.9128,0.0411,-0.4574,0.6470
1624273991738,-3.6528,-4.6834,4.7309,0.1841,-0.4891,0.6006
1624273991748,-3.3992,-3.8842,4.5060,0.2085,-0.4818,0.4943
1624273991757,-3.1216,-3.1879,4.9702,0.3429,-0.4525,0.4357
1624273991767,-3.0426,-3.3171,5.6785,0.4418,-0.4500,0.4943
1624273991776,-2.9039,-3.9010,6.2312,0.4809,-0.4586,0.4919
1624273991786,-2.7124,-4.6452,6.6284,0.5689,-0.4830,0.4344
1624273991796,-2.6383,-4.8701,6.6260,0.6666,-0.5417,0.4296
1624273991804,-2.5449,-4.7337,6.4514,0.8328,-0.5795,0.4235
1624273991815,-2.3511,-4.9227,6.4322,1.0332,-0.5893,0.4479
1624273991825,-2.1286,-4.8318,6.3341,1.0600,-0.6198,0.4418
1624273991834,-2.0855,-4.5255,6.4825,0.9244,-0.6235,0.4112
1624273991844,-1.9156,-4.5088,6.9443,0.7485,-0.6247,0.3990
1624273991853,-1.8582,-4.8342,7.3894,0.5933,-0.6455,0.3612
1624273991863,-1.9707,-5.0328,7.9014,0.5200,-0.6712,0.3245
1624273991872,-1.9180,-5.1859,8.2436,0.6104,-0.7151,0.3208
1624273991882,-1.8654,-5.3630,8.3034,0.8743,-0.7457,0.3453
1624273991892,-1.9132,-5.2697,8.4470,1.2421,-0.7555,0.3868
1624273991901,-1.8223,-5.0376,8.1455,1.6306,-0.7481,0.4760
1624273991911,-1.7074,-4.9036,8.0258,1.9385,-0.7286,0.5860
1624273991921,-1.8103,-4.6715,7.9110,2.1083,-0.6968,0.6458
1624273991930,-1.8486,-4.3748,8.0091,2.1779,-0.6760,0.6605
1624273991940,-2.0257,-4.0876,8.3130,2.2072,-0.6577,0.6690
1624273991950,-2.2769,-4.0350,8.4901,2.2854,-0.6516,0.6703
1624273991959,-2.5378,-3.6450,8.9208,2.4015,-0.6516,0.6519
1624273991969,-2.7579,-2.9510,9.0524,2.5114,-0.6773,0.6348
1624273991976,-2.7340,-2.7429,9.0571,2.6116,-0.7310,0.6275
1624273991986,-2.7555,-2.6806,8.8992,2.6361,-0.7628,0.6006
1624273991996,-2.7364,-2.4725,8.6432,2.6678,-0.7640,0.5408
1624273992005,-2.7627,-2.1160,8.4972,2.7546,-0.7628,0.5163
1624273992016,-2.7842,-1.6446,8.4183,2.8389,-0.7518,0.5530
1624273992027,-2.7364,-1.5728,8.6671,2.9281,-0.7225,0.5884
1624273992036,-2.8058,-1.2354,8.9590,2.9733,-0.6907,0.6104
1624273992046,-2.7148,-0.8573,9.2916,2.8645,-0.6760,0.6189
1624273992055,-2.6718,-0.6276,9.5070,2.7045,-0.6748,0.5872
1624273992063,-2.6143,-0.3764,9.1864,2.5151,-0.6663,0.5334
1624273992073,-2.5569,-0.0653,8.8657,2.3722,-0.6455,0.5065
1624273992084,-2.5713,0.3798,8.5092,2.3147,-0.5869,0.5212
1624273992094,-2.6622,0.5856,8.8538,2.2292,-0.5026,0.5591
1624273992103,-2.7675,1.1455,9.1983,1.9323,-0.4061,0.5652
1624273992113,-2.8704,1.7078,9.5142,1.6330,-0.3095,0.4503
1624273992122,-2.8249,1.3225,10.1435,1.4803,-0.2509,0.4076
1624273992132,-2.5689,1.0713,10.2536,1.3154,-0.2692,0.4051
1624273992142,-2.4875,1.4398,9.9186,1.1627,-0.2521,0.2891
1624273992151,-2.4588,2.4304,9.7678,0.8646,-0.2032,0.1803
1624273992160,-2.2722,1.7891,9.8492,0.4321,-0.1348,0.1449
1624273992171,-2.3176,1.5690,9.7295,0.0949,-0.0249,0.0252
1624273992180,-2.4133,1.8609,10.1961,0.0130,0.0961,-0.0493
1624273992190,-2.2506,2.2390,10.2201,-0.1116,0.1352,0.0252
1624273992199,-2.2530,1.6839,10.2344,-0.3694,0.1804,0.0374
1624273992208,-2.2841,1.5283,10.2105,-0.6674,0.2512,-0.0762
1624273992219,-1.9707,1.4422,10.3110,-0.8629,0.2854,-0.1666
1624273992228,-1.8725,1.4781,10.2177,-1.0279,0.2977,-0.1984
1624273992238,-2.0329,1.3537,10.1794,-1.1378,0.3172,-0.2497
1624273992247,-1.8989,1.6025,10.0573,-1.2466,0.3233,-0.3279
1624273992257,-1.8175,1.2771,10.3086,-1.3333,0.3392,-0.3596
1624273992266,-1.8725,0.9373,10.4881,-1.4164,0.3587,-0.3828
1624273992276,-1.7242,0.9995,10.5503,-1.5215,0.3795,-0.4219
1624273992284,-1.6907,0.7172,10.7058,-1.5850,0.4247,-0.4488
1624273992294,-1.5591,0.5042,10.7704,-1.6436,0.4821,-0.4671
1624273992303,-1.3461,-0.0414,10.7082,-1.7194,0.5677,-0.4623
1624273992313,-1.3916,-0.6874,10.8015,-1.7976,0.6581,-0.4671
1624273992322,-1.3174,-1.2880,11.0623,-1.9307,0.7375,-0.4561
1624273992332,-1.3796,-1.7259,10.9834,-2.1824,0.8022,-0.4476
1624273992344,-1.4275,-2.0848,10.9762,-2.5929,0.8719,-0.4623
1624273992353,-1.3533,-2.1375,10.7967,-3.1317,0.9415,-0.4892
1624273992363,-1.3031,-2.4414,10.1650,-3.6754,1.0282,-0.5014
1624273992372,-1.2696,-3.7766,10.0980,-4.0113,1.1541,-0.4659
1624273992380,-1.4012,-4.9682,10.2727,-4.0895,1.2640,-0.4183
1624273992391,-1.5543,-5.3869,10.2799,-3.9380,1.3227,-0.3181
1624273992401,-1.8223,-5.3917,10.2368,-3.6338,1.3422,-0.1471
1624273992411,-2.0544,-5.4635,9.9688,-3.3785,1.3398,0.0301
1624273992420,-2.0065,-5.7243,9.5979,-3.3149,1.3178,0.1351
1624273992430,-1.8486,-5.8846,9.0739,-3.4054,1.2763,0.1901
1624273992439,-1.9659,-5.7124,8.5259,-3.6509,1.2115,0.2830
1624273992449,-2.4444,-5.5999,8.2962,-3.8403,1.1406,0.3795
1624273992458,-2.7579,-5.5784,7.7698,-3.9405,1.0515,0.4516
1624273992468,-2.9565,-5.9134,7.2912,-3.9356,0.9342,0.5004
1624273992478,-3.1336,-6.2627,6.6954,-3.8525,0.7998,0.5151
1624273992487,-3.3561,-6.2148,6.1953,-3.6644,0.6691,0.5017
1624273992497,-3.5667,-6.2555,5.8986,-3.2942,0.5640,0.5102
1624273992506,-3.6456,-6.3321,5.7527,-2.7982,0.4504,0.5456
1624273992516,-3.7772,-5.9301,5.5995,-2.3095,0.3416,0.5615
1624273992526,-3.9926,-5.5497,5.3650,-1.7927,0.2683,0.5603
1624273992535,-4.1433,-5.0232,5.0635,-1.3626,0.1914,0.5554
1624273992545,-4.4568,-4.4107,4.7429,-1.0462,0.1327,0.5456
1624273992554,-4.8684,-4.2312,4.4175,-0.7725,0.1144,0.5017
1624273992564,-5.1938,-4.3389,4.0322,-0.5832,0.0619,0.4271
1624273992574,-5.4977,-4.0685,3.6924,-0.5392,-0.0114,0.3172
1624273992583,-5.7585,-3.9321,3.5536,-0.4866,-0.0591,0.1864
1624273992593,-5.8446,-4.0996,3.4077,-0.4414,-0.1311,0.0435
1624273992603,-5.9044,-4.1259,3.3215,-0.4866,-0.2509,-0.1349
1624273992612,-6.0480,-3.8412,3.3622,-0.5123,-0.3315,-0.3205
1624273992620,-6.2418,-3.6545,3.2857,-0.4390,-0.3779,-0.4586
1624273992629,-6.4859,-3.5923,3.2641,-0.2851,-0.4476,-0.5307
1624273992639,-6.6271,-3.8579,3.0057,-0.1201,-0.5429,-0.5270
1624273992649,-6.5649,-4.1642,2.9411,-0.0468,-0.6394,-0.5209
1624273992661,-6.4548,-4.6619,3.3096,-0.0151,-0.6968,-0.5221
1624273992670,-6.3663,-5.0567,3.7235,-0.0224,-0.6956,-0.5026
1624273992679,-6.4022,-5.3104,4.6113,-0.0248,-0.6455,-0.4623
1624273992689,-6.5003,-5.8870,5.8986,0.0851,-0.5575,-0.3780
1624273992699,-6.6510,-6.1526,6.8223,0.1730,-0.4635,-0.3010
1624273992708,-6.7587,-5.8775,7.1166,0.1364,-0.3767,-0.2570
1624273992718,-6.7754,-5.7458,7.4803,0.1010,-0.2338,-0.2289
1624273992728,-6.9525,-5.6166,7.2721,0.1071,-0.0505,-0.1788
1624273992737,-7.0363,-5.2793,6.8893,0.0509,0.1254,-0.1043
1624273992747,-6.9860,-5.8344,6.6906,0.0863,0.3123,0.0154
1624273992756,-6.9238,-6.2579,6.7098,0.1340,0.5090,0.0985
1624273992764,-6.9214,-6.2938,6.7983,0.1657,0.7021,0.1413
1624273992776,-6.9573,-6.1383,7.0998,0.2158,0.8743,0.1742
1624273992785,-7.1200,-5.7698,7.2434,0.2305,0.9953,0.1938
1624273992793,-7.4263,-5.4180,7.0567,0.2256,1.0796,0.2060
1624273992804,-7.7254,-5.2864,6.6380,0.2549,1.1468,0.2206
1624273992814,-7.9431,-5.6621,6.0613,0.4150,1.2005,0.2133
1624273992824,-7.9958,-6.1694,6.1236,0.7082,1.2103,0.1620
1624273992833,-7.9192,-6.5211,5.7407,1.2604,1.1663,0.0741
1624273992843,-7.5244,-6.4230,5.7814,1.9678,1.0539,-0.0542
1624273992852,-7.0769,-6.1909,5.4895,2.6849,0.9024,-0.1226
1624273992862,-6.8640,-5.4587,5.0133,3.1932,0.7350,-0.1605
1624273992871,-7.0506,-4.6284,4.7166,3.4106,0.5713,-0.2350
1624273992883,-7.2397,-3.9345,4.4653,3.4094,0.4039,-0.3768
1624273992891,-7.1152,-3.5971,4.3289,3.1883,0.2036,-0.5319
1624273992901,-6.6725,-4.0781,4.4414,2.8548,-0.0065,-0.6822
1624273992910,-5.9978,-4.2575,4.4318,2.4553,-0.1971,-0.8557
1624273992920,-5.3541,-4.2456,4.8745,2.1486,-0.3266,-1.0230
1624273992927,-4.8349,-4.4992,5.4392,2.0435,-0.4219,-1.1159
1624273992937,-4.4209,-4.7672,5.9537,1.9983,-0.5600,-1.0976
1624273992946,-4.0381,-5.1237,6.5327,1.9409,-0.7005,-1.0328
1624273992957,-3.7102,-5.4348,6.9586,1.7857,-0.8226,-0.9656
1624273992966,-3.3705,-5.5018,6.7409,1.3398,-0.9729,-0.9143
1624273992975,-2.9397,-5.5425,6.8677,0.7216,-1.1049,-0.9400
1624273992987,-2.6718,-5.9205,6.8749,0.3026,-1.1501,-1.0267
1624273992997,-2.4420,-6.3632,7.0807,0.2268,-1.1476,-1.1599
1624273993006,-2.1094,-6.9183,7.3367,0.5127,-1.1427,-1.2197
1624273993016,-1.8175,-6.8657,7.0759,0.9928,-1.1770,-1.1379
1624273993025,-1.4323,-6.1167,6.7888,1.5084,-1.2381,-1.0157
1624273993035,-1.0087,-5.0615,6.7313,1.9030,-1.2637,-0.8569
1624273993044,-0.5804,-4.0206,6.8725,1.9837,-1.2331,-0.6724
1624273993054,-0.5302,-4.5112,7.6430,1.8224,-1.1122,-0.4830
1624273993064,-0.7407,-4.7600,8.2292,1.5206,-0.9570,-0.4476
1624273993073,-0.7790,-4.7385,8.9136,1.3887,-0.8617,-0.5710
1624273993083,-0.8771,-5.0017,9.5285,1.4082,-0.8459,-0.4611
1624273993092,-0.8939,-4.6332,9.6386,1.3814,-0.8727,-0.3890
1624273993102,-0.8484,-3.9034,9.7917,1.2751,-0.8898,-0.4757
1624273993112,-0.9465,-2.9415,8.9590,0.8914,-0.8691,-0.5539
1624273993121,-0.9585,-2.1949,8.3250,0.4076,-0.7994,-0.6455
1624273993131,-0.9729,-1.8192,7.8272,-0.0444,-0.7164,-0.6687
1624273993141,-1.0494,-1.7786,7.7794,-0.3853,-0.6541,-0.6199
1624273993150,-1.0710,-2.3433,8.0641,-0.6247,-0.6064,-0.5515
1624273993160,-0.8269,-2.9247,8.5738,-0.8043,-0.5490,-0.5136
1624273993170,-0.5637,-3.5732,8.9279,-0.9045,-0.4732,-0.4879
1624273993179,-0.2526,-4.0996,9.2390,-0.8177,-0.3889,-0.5026
1624273993189,-0.0636,-4.5159,9.4926,-0.5832,-0.3291,-0.5014
1624273993198,0.0632,-4.1786,9.6769,-0.4182,-0.2998,-0.4953
1624273993208,0.1470,-3.7526,9.7176,-0.4402,-0.2839,-0.4965
1624273993218,0.1255,-3.5995,9.6530,-0.5795,-0.2643,-0.5441
1624273993227,0.0274,-3.4129,9.4209,-0.8043,-0.2387,-0.6125
1624273993235,-0.0732,-3.5325,9.1840,-0.9594,-0.2350,-0.6516
1624273993244,-0.0684,-3.5899,8.7437,-1.0364,-0.2790,-0.6712
1624273993254,-0.0157,-3.4942,8.0976,-1.0658,-0.3511,-0.6871
1624273993264,0.1901,-3.5205,7.6693,-1.0437,-0.4231,-0.7042
1624273993275,0.3767,-3.4511,6.8246,-0.9741,-0.5123,-0.7152
1624273993284,0.7356,-3.2980,6.6691,-0.8177,-0.6089,-0.6663
1624273993293,1.2525,-2.9295,6.9156,-0.5893,-0.6907,-0.6077
1624273993304,1.6258,-2.8457,7.2769,-0.3571,-0.7579,-0.4953
1624273993314,1.9847,-3.2454,7.9014,-0.1849,-0.7884,-0.3474
1624273993323,2.2527,-4.1498,8.6504,-0.1397,-0.7811,-0.2008
1624273993333,2.7480,-5.0543,9.6769,-0.1959,-0.7090,-0.0896
1624273993343,3.0591,-6.9040,10.2057,-0.2790,-0.7127,0.1107
1624273993352,3.2122,-7.8492,10.5024,-0.2227,-0.6101,0.2475
1624273993362,3.3629,-6.9710,10.6077,-0.0468,-0.4720,0.2451
1624273993371,3.2696,-5.2266,9.7535,0.1804,-0.3156,0.2109
1624273993381,2.9490,-3.7574,8.5116,0.3453,-0.1311,0.2964
1624273993391,2.6331,-3.0515,7.8655,0.3918,0.1058,0.5053
1624273993401,2.2886,-3.9536,8.3632,0.3649,0.4626,0.8169
1624273993410,1.5612,-5.2386,8.2867,0.3392,0.8792,1.0221
1624273993419,0.6686,-5.0256,7.9038,0.4736,1.1920,0.9048
1624273993429,-0.0899,-3.7455,8.2867,0.8035,1.3679,0.7924
1624273993439,-1.0327,-2.7022,8.8633,0.9855,1.4363,0.9500
1624273993448,-2.3535,-2.4366,9.2151,0.7986,1.3606,1.1076
1624273993458,-3.4016,-2.3504,9.2223,0.2403,1.1419,1.0783
1624273993467,-3.7940,-2.5514,8.8466,-0.4500,0.8987,0.9708
1624273993477,-3.6911,-3.2071,7.8512,-1.0157,0.7509,0.8804
1624273993487,-3.6169,-4.1283,6.9826,-1.3528,0.6874,0.8034
1624273993496,-3.8921,-4.8725,6.1236,-1.4762,0.6422,0.7057
1624273993506,-4.3994,-5.1094,5.4081,-1.3932,0.5860,0.5444
1624273993516,-4.9114,-5.4539,5.0659,-1.1085,0.5334,0.3660
1624273993525,-5.2057,-5.9253,5.5373,-0.7127,0.4797,0.2536
1624273993535,-5.2369,-5.9923,6.3748,-0.3743,0.3575,0.1449
1624273993542,-5.0885,-5.6071,7.0113,-0.1800,0.1510,-0.0200
1624273993552,-4.7822,-5.0974,7.6597,-0.1776,-0.0762,-0.1605
1624273993562,-4.4592,-4.8007,7.7076,-0.2814,-0.2289,-0.2424
1624273993571,-4.2749,-4.9203,7.5449,-0.3913,-0.2680,-0.2961
1624273993581,-4.1744,-5.2984,7.2506,-0.4537,-0.2680,-0.3169
1624273993593,-4.0620,-5.6597,6.9275,-0.4537,-0.3303,-0.3499
1624273993602,-3.8610,-5.6956,6.3269,-0.4060,-0.4708,-0.4305
1624273993612,-3.3944,-5.8200,6.2097,-0.2948,-0.5930,-0.4635
1624273993621,-2.9134,-6.0545,6.1499,-0.1324,-0.6369,-0.4256
1624273993631,-2.4923,-6.0258,6.7409,0.0069,-0.5844,-0.4048
1624273993641,-2.3224,-5.6765,7.5329,0.0265,-0.4622,-0.3987
1624273993650,-2.3272,-5.4970,8.3202,-0.0322,-0.3144,-0.3865
1624273993660,-2.4636,-5.6406,8.8035,-0.2191,-0.2142,-0.3486
1624273993669,-2.4851,-6.1502,8.8155,-0.4500,-0.2045,-0.3022
1624273993679,-2.3942,-6.4757,8.5020,-0.5697,-0.2338,-0.2851
1624273993688,-2.2745,-6.7006,8.1048,-0.5099,-0.2277,-0.2741
1624273993698,-2.1023,-6.7891,8.0665,-0.3400,-0.1800,-0.2570
1624273993708,-2.0185,-6.5427,7.9182,-0.1739,-0.1360,-0.2949
1624273993717,-1.9467,-6.0952,7.9612,-0.0309,-0.1128,-0.3694
1624273993727,-1.9539,-5.8033,7.8799,0.0875,-0.0933,-0.3828
1624273993737,-1.9084,-5.5831,7.9876,0.1279,-0.0921,-0.3633
1624273993746,-1.8558,-5.4013,7.9636,0.1010,-0.1275,-0.3804
1624273993756,-1.6716,-5.2888,7.5688,0.0289,-0.1825,-0.3828
1624273993765,-1.2552,-5.2505,7.7507,-0.0407,-0.2362,-0.3462
1624273993775,-0.9298,-5.4013,7.3080,-0.1397,-0.2521,-0.2778
1624273993785,-0.7001,-5.7674,7.6119,-0.2276,-0.2130,-0.2142
1624273993794,-0.7168,-6.0809,7.6382,-0.2997,-0.1250,-0.1556
1624273993803,-0.6714,-6.7508,7.4899,-0.3156,-0.0432,-0.1092
1624273993813,-0.6881,-6.9997,7.7267,-0.2142,-0.0127,-0.1177
1624273993823,-0.8915,-6.4852,8.0426,-0.1042,0.0057,-0.1190
1624273993833,-1.0590,-5.7100,8.4661,-0.1421,0.0277,-0.0652
1624273993842,-0.9944,-5.5114,8.4087,-0.3706,-0.0127,-0.0286
1624273993850,-0.7407,-5.8679,7.9517,-0.6113,-0.0884,-0.0591
1624273993859,-0.6307,-6.2244,7.2984,-0.6956,-0.1018,-0.0444
1624273993870,-0.6905,-6.2627,7.0233,-0.5587,-0.0530,0.0228
1624273993879,-0.8652,-6.0880,7.0950,-0.3437,-0.0237,0.0618
1624273993888,-0.9035,-5.9732,7.4994,-0.2215,-0.0530,0.0924
1624273993900,-0.7048,-5.8392,7.7363,-0.2582,-0.1165,0.1009
1624273993910,-0.5350,-5.7148,7.7220,-0.3620,-0.1507,0.0521
1624273993919,-0.5254,-5.7291,7.7722,-0.3840,-0.1202,-0.0127
1624273993929,-0.6618,-5.6478,7.5425,-0.3034,-0.0688,-0.0212
1624273993938,-0.7360,-5.5209,7.2769,-0.2167,-0.0542,0.0288
1624273993948,-0.5780,-5.7794,7.5688,-0.0896,-0.0579,0.0741
1624273993957,-0.4273,-5.5520,8.0139,-0.0859,-0.0163,0.0960
1624273993966,-0.1832,-6.0641,8.3297,-0.1824,0.0582,0.0973
1624273993977,-0.0540,-6.4757,8.3369,-0.2496,0.1181,0.0288
1624273993986,-0.0444,-5.9923,8.2962,-0.2167,0.1694,-0.0383
1624273993995,-0.1354,-5.3702,8.2556,-0.2680,0.2317,0.0460
1624273994006,-0.1712,-5.5927,8.3441,-0.5355,0.3038,0.1913
1624273994015,0.0130,-6.5833,8.1694,-0.9619,0.3795,0.2488
1624273994023,0.1757,-7.5453,8.2029,-1.3858,0.4797,0.2426
1624273994034,0.0920,-8.0741,8.2986,-1.5948,0.5957,0.2598
1624273994044,-0.0779,-8.4521,8.2867,-1.5764,0.6996,0.3587
1624273994054,0.0202,-8.6220,7.9158,-1.5557,0.7460,0.5102
1624273994062,0.2236,-8.6316,7.3535,-1.6913,0.7705,0.6202
1624273994072,0.3911,-8.6699,6.8079,-2.0052,0.8083,0.7069
1624273994082,0.2475,-8.3277,6.5112,-2.4988,0.8413,0.8022
1624273994092,-0.2383,-8.2009,6.1858,-2.9509,0.8340,0.9342
1624273994102,-0.9178,-8.8517,5.3698,-3.3211,0.7619,1.1076
1624273994111,-1.3126,-9.5816,4.5467,-3.6839,0.6410,1.2262
1624273994121,-1.4682,-9.9261,3.9772,-3.9906,0.5090,1.2542
1624273994131,-1.6548,-9.8615,3.9245,-4.1763,0.3600,1.2604
1624273994139,-2.0353,-9.5313,4.0968,-4.1591,0.1828,1.2762
1624273994149,-2.5545,-9.2896,4.3122,-3.8415,-0.0005,1.3043
1624273994157,-3.0067,-9.1772,4.3816,-3.2783,-0.1825,1.3202
1624273994167,-3.3537,-8.7106,3.9868,-2.5953,-0.3547,1.3104
1624273994176,-3.6313,-8.5933,3.2211,-1.8257,-0.5148,1.3031
1624273994186,-3.9064,-8.6412,2.4841,-1.0877,-0.6663,1.2432
1624273994198,-4.3084,-8.5359,2.0940,-0.4879,-0.7823,1.1027
1624273994207,-4.6434,-7.9855,2.5391,0.0143,-0.8471,0.9427
1624273994217,-4.9162,-6.7604,3.4699,0.4528,-0.9131,0.7619
1624273994226,-5.1268,-5.5329,3.9652,0.8511,-0.9986,0.6092
1624273994236,-5.3804,-4.7169,4.0370,1.1052,-1.1098,0.5053
1624273994246,-5.4522,-4.4131,3.4603,1.1382,-1.2539,0.3868
1624273994255,-5.2775,-4.5279,2.9004,0.9147,-1.4079,0.2243
1624273994265,-4.9641,-4.6834,2.0797,0.5787,-1.5276,0.0386
1624273994275,-4.6793,-5.1118,1.6418,0.3575,-1.5728,-0.1104
1624273994283,-4.4161,-5.5544,2.4362,0.3295,-1.5215,-0.2045
1624273994293,-4.2343,-6.1909,3.7164,0.5445,-1.3614,-0.2326
1624273994303,-4.1577,-6.8920,5.1736,0.7998,-1.1488,-0.1776
1624273994313,-4.1027,-7.2390,6.5543,0.9110,-0.9778,-0.1165
1624273994322,-4.0261,-6.7221,7.3439,0.8096,-0.8850,-0.1251
1624273994332,-3.8945,-5.9445,7.8105,0.5042,-0.7958,-0.1251
1624273994342,-3.8036,-6.1000,7.6789,0.1450,-0.6406,-0.0469
1624273994351,-3.8347,-6.6791,7.3008,-0.1739,-0.4231,0.0582
1624273994361,-3.8682,-7.2151,7.1094,-0.3425,-0.1702,0.1583
1624273994371,-3.8945,-7.7534,6.9036,-0.2753,0.1217,0.2634
1624273994379,-4.0093,-7.7630,6.6356,-0.1531,0.4235,0.3331
1624273994390,-4.2056,-7.2246,6.2480,-0.0566,0.7033,0.3477
1624273994399,-4.4640,-6.7820,5.7455,0.0704,0.9427,0.3465
1624273994409,-4.7272,-6.7508,5.6091,0.1682,1.1382,0.3465
1624273994419,-5.0000,-6.6910,5.6641,0.2366,1.2848,0.3111
1624273994428,-5.2321,-6.7030,5.7168,0.4492,1.3740,0.2231
1624273994438,-5.2440,-7.0141,5.3961,0.9037,1.3948,0.1290
1624273994447,-5.0957,-7.3036,4.7333,1.5108,1.3606,0.0533
1624273994457,-4.8325,-7.6099,4.1088,2.1645,1.2811,-0.0127
1624273994465,-4.5884,-7.5333,3.3455,2.7851,1.1602,-0.1165
1624273994474,-4.4424,-6.7389,2.9172,3.1932,0.9806,-0.2692
1624273994484,-4.3515,-5.5640,2.8573,3.3483,0.7399,-0.4378
1624273994493,-4.2845,-4.3772,3.2498,3.2164,0.4675,-0.6077
1624273994503,-4.0955,-3.1114,3.2498,2.7411,0.1963,-0.7518
1624273994515,-3.6361,-2.4414,3.7858,2.0496,-0.0359,-0.8508
1624273994524,-3.0259,-3.0898,4.3864,1.2763,-0.1874,-0.8899
1624273994534,-2.3727,-4.9299,4.9989,0.5078,-0.2826,-0.9314
1624273994544,-1.8941,-6.8992,5.1521,-0.0859,-0.3657,-1.0279
1624273994553,-1.5447,-8.4569,5.1114,-0.2948,-0.4476,-1.1464
1624273994563,-1.2863,-9.3925,5.3028,-0.1152,-0.5160,-1.1880
1624273994572,-1.1380,-9.3973,5.5469,0.2672,-0.5795,-1.1269
1624273994582,-1.0877,-8.5861,5.9919,0.6532,-0.6492,-1.0267
1624273994592,-1.1260,-7.2414,6.4466,0.9000,-0.7103,-0.9607
1624273994601,-1.1356,-6.0402,6.6404,0.9831,-0.7408,-0.9155
1624273994611,-0.9920,-5.4611,6.7672,0.9366,-0.7347,-0.8337
1624273994621,-0.7144,-6.3512,7.0233,0.9061,-0.6992,-0.6834
1624273994630,-0.4249,-8.0358,7.3870,0.8866,-0.6504,-0.5197
1624273994640,-0.2071,-8.5359,7.3678,0.7925,-0.6235,-0.4598
1624273994649,-0.2167,-7.9832,7.2051,0.7705,-0.6089,-0.4830
1624273994659,-0.3914,-7.4830,7.2218,0.8071,-0.5722,-0.4720
1624273994668,-0.5828,-7.0117,7.2147,0.7595,-0.5319,-0.4097
1624273994678,-0.6115,-6.7173,7.0185,0.6752,-0.5233,-0.3914
1624273994688,-0.3842,-6.6719,6.8318,0.6263,-0.5258,-0.3780
1624273994697,-0.2143,-7.2222,7.6884,0.5518,-0.4561,-0.2473
1624273994707,-0.6594,-7.7510,7.0496,0.5274,-0.3291,-0.1422
1624273994717,-0.7384,-6.9662,8.4039,0.6495,-0.2142,-0.2411
1624273994726,-1.1762,-6.8561,8.0498,0.8096,-0.1422,-0.1984
1624273994735,-1.2743,-6.7221,7.7842,0.9733,-0.1580,-0.1483
1624273994746,-1.0733,-5.4707,7.4348,1.0185,-0.2350,-0.2301
1624273994753,-0.8604,-4.9371,7.3870,0.9037,-0.2118,-0.1471
1624273994762,-0.7647,-5.6358,7.6956,0.5237,-0.1654,-0.0432
1624273994772,-0.8628,-5.9134,7.6717,0.1780,-0.1593,-0.1984
1624273994782,-1.2169,-5.9636,6.9706,0.0203,-0.1678,-0.3059
1624273994792,-1.1810,-4.7074,7.3343,-0.1299,-0.2191,-0.3010
1624273994803,-1.0973,-4.6236,7.8392,-0.3828,-0.2167,-0.2253
1624273994813,-1.1475,-6.4398,8.4063,-0.5673,-0.1140,-0.1434
1624273994822,-1.1356,-6.5762,8.6504,-0.6308,-0.0542,-0.2741
1624273994832,-0.9944,-6.2747,8.7939,-0.5282,-0.0579,-0.2631
1624273994842,-0.9609,-6.4015,8.5068,-0.5221,-0.0591,-0.1129
1624273994851,-1.1044,-6.2507,8.1000,-0.6247,-0.0212,-0.1691
1624273994861,-1.2456,-6.1000,7.4324,-0.6833,0.0203,-0.2729
1624273994871,-1.0805,-6.2507,7.0974,-0.6504,0.0374,-0.2839
1624273994879,-0.8532,-6.4470,7.2027,-0.4732,0.0716,-0.2509
1624273994890,-0.7671,-6.3297,7.8392,-0.3034,0.1156,-0.1935
1624273994899,-0.8747,-6.1742,8.1431,-0.1983,0.1193,-0.1471
1624273994909,-0.9346,-5.9851,8.0905,-0.1763,0.0997,-0.1336
1624273994918,-0.9489,-6.0019,7.7985,-0.2472,0.0814,-0.1129
1624273994928,-0.6139,-6.1096,7.7554,-0.3058,0.0985,-0.0750
1624273994938,-0.3411,-6.3871,7.4300,-0.3767,0.1388,-0.0102
1624273994947,-0.2167,-6.8609,7.5210,-0.4439,0.1889,0.0374
1624273994957,-0.3053,-7.5022,7.5425,-0.5319,0.2573,0.0765
1624273994967,-0.2383,-8.0430,7.8129,-0.5990,0.3392,0.0948
1624273994976,-0.0995,-8.3253,8.0617,-0.6577,0.4125,0.1400
1624273994986,0.0058,-8.6101,8.1335,-0.7163,0.4919,0.2353
1624273994995,0.0632,-8.6771,8.1431,-0.7921,0.5664,0.3111
1624273995004,-0.1138,-8.6053,8.0378,-0.9045,0.6446,0.4174
1624273995015,-0.1736,-8.7225,7.8871,-1.0523,0.7069,0.5456
1624273995024,-0.1162,-9.0216,7.4205,-1.2624,0.7460,0.6446
1624273995033,-0.0875,-9.1006,7.1309,-1.5398,0.7778,0.7069
1624273995044,-0.1976,-9.2059,6.7505,-1.7719,0.7998,0.7753
1624273995053,-0.3292,-9.3949,6.3174,-1.9417,0.7900,0.8718
1624273995061,-0.4177,-9.3662,6.0470,-2.1213,0.7534,0.9757
1624273995070,-0.7144,-8.8206,5.8603,-2.3046,0.7021,1.0526
1624273995080,-1.1882,-8.4234,5.5947,-2.4500,0.6397,1.1492
1624273995089,-1.6716,-8.3469,5.4296,-2.5220,0.5664,1.2347
1624273995099,-2.0616,-8.2392,4.9774,-2.5000,0.4736,1.2604
1624273995111,-2.2769,-8.0884,4.5347,-2.3400,0.3771,1.2628
1624273995120,-2.3368,-8.5311,4.0562,-2.0224,0.2915,1.3043
1624273995128,-2.2099,-9.0719,3.8767,-1.6705,0.2195,1.3129
1624273995186,-2.0735,-8.8111,3.7164,-1.4176,0.1620,1.2701
1624273995187,-2.1621,-8.4450,3.9269,-1.1574,0.1327,1.2420
1624273995188,-2.3583,-7.9544,3.9533,-1.0218,0.0741,1.2274
1624273995188,-2.6574,-7.0188,4.0035,-1.1048,-0.0310,1.1589
1624273995189,-3.1025,-6.2388,3.9174,-1.2686,-0.1385,1.0661
1624273995190,-3.6480,-5.8966,4.1638,-1.3785,-0.2203,0.9500
1624273995196,-4.1457,-6.0665,4.3194,-1.3724,-0.3022,0.8120
1624273995205,-4.4329,-6.6623,3.7355,-1.1500,-0.4024,0.6495
1624273995214,-4.5717,-7.4687,2.5726,-0.7127,-0.5160,0.4809
1624273995223,-4.6171,-7.7463,1.7949,-0.2240,-0.6186,0.3318
1624273995235,-4.6434,-6.8585,1.4743,0.2183,-0.7041,0.2011
1624273995245,-4.6458,-5.3104,2.2783,0.6459,-0.7726,0.0741
1624273995255,-4.8372,-3.8292,2.6133,0.9293,-0.8361,-0.0188
1624273995264,-5.2249,-2.9319,2.8286,0.9806,-0.8960,-0.0786
1624273995274,-5.5910,-3.0396,3.0583,0.9000,-0.9680,-0.1605
1624273995283,-5.6365,-4.2647,3.6350,0.7045,-1.0255,-0.2582
1624273995292,-5.4738,-5.5855,3.8288,0.4150,-1.0413,-0.3401
1624273995303,-5.2728,-6.3776,3.7451,0.2024,-1.0145,-0.4195
1624273995311,-5.0143,-7.0117,4.6089,0.2586,-0.9265,-0.4525
1624273995322,-4.7966,-7.4376,5.5277,0.4895,-0.7603,-0.4097
1624273995331,-4.6985,-7.2844,6.6069,0.6862,-0.5429,-0.3548
1624273995341,-4.7559,-6.8202,7.3391,0.7534,-0.3303,-0.3096
1624273995350,-4.9234,-6.2723,7.5449,0.6227,-0.1446,-0.2473
1624273995360,-4.9019,-6.1191,7.4300,0.3759,0.0191,-0.1874
1624273995368,-4.7822,-6.5594,6.8486,0.1755,0.1926,-0.1397
1624273995377,-4.5741,-6.9040,6.5136,-0.0493,0.3868,-0.1068
1624273995387,-4.4640,-6.9782,6.1355,-0.2240,0.5835,-0.0835
1624273995396,-4.5477,-6.9399,5.7766,-0.2887,0.7692,-0.0542
1624273995409,-4.7990,-6.8059,5.5852,-0.2948,0.9244,-0.0347
1624273995416,-4.9617,-6.8178,5.4918,-0.2081,1.0307,-0.0408
1624273995428,-4.9880,-7.1552,5.6737,0.0521,1.0979,-0.0713
1624273995437,-4.8660,-7.6505,5.7168,0.5249,1.1406,-0.1300
1624273995447,-4.6769,-8.0023,5.4607,1.2189,1.1651,-0.2155
1624273995456,-4.3443,-8.1267,4.7812,2.0338,1.1541,-0.3010
1624273995466,-4.0596,-7.8779,4.0562,2.7680,1.0991,-0.3474
1624273995475,-3.9471,-7.0571,3.5656,3.2225,0.9806,-0.3780
1624273995485,-4.0476,-6.0497,3.3287,3.3972,0.8169,-0.4549
1624273995495,-4.1146,-5.1644,3.4125,3.3105,0.6312,-0.6064
1624273995504,-3.9711,-4.4131,3.7307,3.0087,0.4479,-0.7836
1624273995513,-3.5021,-4.1283,4.2260,2.6654,0.2659,-0.9143
1624273995524,-2.9733,-4.5901,4.5491,2.4100,0.1083,-0.9681
1624273995533,-2.5019,-5.6980,4.8984,2.2512,-0.0273,-0.9449
1624273995543,-2.1358,-6.8394,5.2358,2.0973,-0.1593,-0.8984
1624273995552,-1.7720,-7.1959,5.5636,1.8725,-0.3083,-0.8886
1624273995562,-1.5639,-6.8322,5.7981,1.5952,-0.4684,-0.8728
1624273995572,-1.4706,-6.2507,5.8579,1.2714,-0.6015,-0.8569
1624273995581,-1.4490,-5.9421,5.5349,0.9550,-0.6919,-0.8630
1624273995592,-1.3174,-6.3991,5.6976,0.7399,-0.7127,-0.8532
1624273995601,-1.1332,-7.0739,5.7263,0.7448,-0.6785,-0.8154
1624273995610,-0.9226,-7.5070,6.2456,0.9525,-0.6479,-0.7714
1624273995620,-0.7431,-7.2342,6.5830,1.2360,-0.6553,-0.7066
1624273995629,-0.6235,-6.4374,7.1118,1.3569,-0.6773,-0.6248
1624273995639,-0.5015,-5.8200,7.6908,1.2604,-0.6736,-0.5392
1624273995649,-0.4488,-5.5520,8.1790,0.9281,-0.6406,-0.4794
1624273995659,-0.4512,-5.7315,8.5283,0.4675,-0.5942,-0.4611
1624273995668,-0.4225,-6.3058,8.6217,0.0607,-0.5624,-0.4561
1624273995675,-0.3627,-6.9351,8.3082,-0.1678,-0.5429,-0.4415
1624273995685,-0.3746,-7.2677,7.5569,-0.1922,-0.5270,-0.4305
1624273995694,-0.4201,-7.5165,7.1046,-0.0187,-0.4818,-0.3926
1624273995704,-0.3890,-7.5189,6.8725,0.2904,-0.4109,-0.3181
1624273995715,-0.4129,-7.1361,6.9443,0.6385,-0.3437,-0.2582
1624273995726,-0.5541,-6.7269,7.0472,0.9867,-0.2643,-0.1874
1624273995735,-0.7431,-6.5259,7.6382,1.2384,-0.1861,-0.0774
1624273995745,-0.9322,-5.4850,7.6741,1.1358,-0.1629,-0.0212
1624273995754,-0.7503,-4.6069,9.2223,0.7155,-0.1764,-0.0506
1624273995764,-0.7407,-5.1094,8.2220,0.1865,-0.1568,-0.0249
1624273995774,-0.6139,-5.7219,8.3250,-0.2997,-0.0872,-0.0750
1624273995783,-0.8317,-6.3058,7.9588,-0.4390,0.0252,-0.1409
1624273995793,-1.1714,-6.8442,8.0211,-0.2900,0.1107,-0.0811
1624273995802,-1.5567,-6.3010,8.0211,-0.2069,0.0961,-0.0066
1624273995812,-1.5926,-6.0330,8.1957,-0.1861,0.0387,0.0460
1624273995821,-1.5543,-5.2529,7.8081,-0.3413,-0.0090,0.0203
1624273995831,-1.6022,-5.2410,7.9086,-0.5196,-0.0029,-0.0359
1624273995841,-1.5854,-5.8655,8.1933,-0.5490,0.0228,-0.0078
1624273995850,-1.4610,-6.4039,8.4924,-0.4854,0.0057,-0.0005
1624273995860,-1.2959,-6.7628,8.3082,-0.2716,-0.0285,-0.0090
1624273995870,-1.1906,-6.5355,8.3513,-0.0749,-0.0359,0.0130
1624273995879,-1.2361,-6.0617,8.2101,-0.0529,-0.0175,0.0692
1624273995889,-1.3174,-5.5784,8.0211,-0.2692,-0.0090,0.0582
1624273995898,-1.2720,-5.6478,8.0019,-0.4928,0.0264,0.0191
1624273995908,-1.2217,-6.3154,8.2484,-0.6003,0.0997,0.0179
1624273995918,-1.0901,-6.6767,8.5714,-0.5856,0.1510,0.0288
1624273995926,-0.9106,-6.7724,8.6647,-0.5172,0.1804,0.0533
1624273995937,-0.7719,-6.6312,8.5092,-0.4818,0.2036,0.1058
1624273995946,-0.6977,-6.5187,8.2244,-0.6039,0.2305,0.1718
1624273995956,-0.6833,-7.0954,8.2197,-0.7982,0.2989,0.2439
1624273995966,-0.6402,-8.0286,8.4183,-1.0083,0.3954,0.3013
1624273995975,-0.5397,-8.6412,8.5714,-1.1904,0.4834,0.3270
1624273995983,-0.3794,-8.8613,8.6336,-1.3443,0.5481,0.3856
1624273995992,-0.3770,-8.8398,8.5235,-1.5557,0.5921,0.4992
1624273996003,-0.5182,-8.6675,8.1072,-1.8733,0.6116,0.6031
1624273996012,-0.5565,-8.5072,7.7914,-2.2753,0.6275,0.7081
1624273996024,-0.6857,-8.6053,7.5066,-2.7175,0.6275,0.8425
1624273996033,-0.7575,-8.7919,6.9634,-3.1170,0.6080,0.9500
1624273996042,-0.7599,-9.2298,6.3245,-3.4029,0.5677,1.0453
1624273996052,-0.8101,-9.4571,5.7455,-3.5898,0.5090,1.1101
1624273996061,-1.1284,-9.2585,5.3555,-3.6521,0.4467,1.1638
1624273996071,-1.6787,-8.8135,5.2286,-3.5703,0.3673,1.2335
1624273996081,-2.2004,-8.5383,5.1425,-3.3271,0.2696,1.3068
1624273996091,-2.5401,-8.5957,4.9870,-2.9435,0.1498,1.3422
1624273996100,-2.7148,-8.7536,5.0276,-2.4610,0.0313,1.3129
1624273996110,-2.7675,-8.9211,4.8697,-1.8733,-0.0615,1.2628
1624273996119,-2.7627,-8.6675,4.6783,-1.2954,-0.1568,1.1980
1624273996129,-2.8704,-7.7965,4.5443,-0.7908,-0.2558,1.1223
1624273996139,-3.0929,-6.6503,4.1303,-0.4133,-0.3364,1.0563
1624273996148,-3.5092,-5.3941,3.3742,-0.2460,-0.4280,0.9818
1624273996158,-4.0668,-4.4011,2.3860,-0.3022,-0.5441,0.9024
1624273996167,-4.6578,-4.1068,1.7806,-0.4573,-0.6492,0.8242
1624273996177,-5.0215,-4.2168,1.0077,-0.6076,-0.7567,0.6666
1624273996187,-5.0957,-5.0328,0.6296,-0.6650,-0.8544,0.4540
1624273996196,-4.8684,-6.2340,1.3882,-0.6064,-0.9253,0.2707
1624273996206,-4.6411,-6.7102,2.5295,-0.4756,-0.9619,0.1083
1624273996215,-4.5717,-6.6647,3.4699,-0.1214,-0.9778,-0.0542
1624273996225,-4.6937,-6.5092,3.8839,0.3881,-0.9827,-0.1556
1624273996235,-4.8516,-5.9756,4.4534,0.7558,-0.9949,-0.1996
1624273996244,-5.0024,-5.5281,4.7477,0.8792,-1.0206,-0.2448
1624273996254,-4.9904,-5.4444,4.6687,0.8242,-1.0267,-0.2692
1624273996263,-4.7679,-5.8440,4.8003,0.6923,-0.9900,-0.2753
1624273996273,-4.5477,-6.6599,5.3196,0.6618,-0.8752,-0.2387
1624273996282,-4.4735,-7.1768,5.9225,0.7351,-0.6858,-0.1764
1624273996291,-4.5023,-7.0380,6.4322,0.8389,-0.4745,-0.1349
1624273996300,-4.5381,-6.2842,6.6643,0.8572,-0.2961,-0.1324
1624273996309,-4.4424,-5.5855,6.6930,0.7387,-0.1434,-0.1177
1624273996319,-4.2462,-5.4683,6.7122,0.4895,0.0277,-0.0615
1624273996329,-4.1505,-5.7387,6.3413,0.1670,0.2427,-0.0066
1624273996341,-4.2486,-6.0402,5.9417,-0.1409,0.4809,-0.0066
1624273996350,-4.4544,-6.2220,5.7909,-0.3840,0.7094,-0.0322
1624273996360,-4.6769,-6.3058,5.9034,-0.5502,0.9146,-0.0457
1624273996369,-4.8588,-6.3034,5.9202,-0.6100,1.0661,-0.0628
1624273996378,-4.9186,-6.4972,5.8292,-0.4952,1.1492,-0.0957
1624273996388,-4.9043,-7.0188,5.9561,-0.2117,1.1883,-0.1373
1624273996398,-4.8253,-7.5118,5.7192,0.2268,1.2213,-0.1972
1624273996408,-4.6650,-7.8731,5.1329,0.8487,1.2396,-0.2998
1624273996417,-4.4137,-8.0190,4.3026,1.5341,1.2127,-0.4158
1624273996427,-4.2247,-7.7630,3.6135,2.1058,1.1358,-0.5160
1624273996436,-4.1625,-6.7915,3.0033,2.4052,1.0185,-0.6345
1624273996446,-4.1936,-5.7339,2.5487,2.4956,0.8902,-0.7836
1624273996454,-4.1553,-5.1596,2.5846,2.3172,0.7509,-0.9449
1624273996465,-4.0620,-4.6332,2.5176,1.8822,0.6068,-1.1122
1624273996473,-3.7629,-4.1498,2.8693,1.4119,0.4711,-1.3004
1624273996485,-3.3274,-4.0087,3.4173,1.0613,0.3673,-1.4348
1624273996494,-2.8799,-4.7552,3.7044,0.7179,0.2805,-1.4739
1624273996504,-2.4755,-6.9447,4.0968,0.3624,0.1816,-1.4824
1624273996513,-1.8941,-8.7560,4.3935,-0.1226,0.0570,-1.6046
1624273996523,-1.2265,-8.3397,4.3816,-0.6161,-0.0322,-1.8221
1624273996532,-0.7838,-7.1552,4.0203,-0.8300,-0.0688,-1.8990
1624273996542,-0.7838,-7.1672,3.3742,-0.8275,-0.0737,-1.7793
1624273996552,-0.7312,-7.6936,3.3694,-0.8312,-0.0444,-1.6767
1624273996561,-0.3627,-7.8037,4.1279,-0.7799,0.0191,-1.6425
1624273996571,0.0417,-8.4450,5.0874,-0.5245,0.0777,-1.4861
1624273996581,0.3480,-9.3734,5.8244,-0.3034,0.0790,-1.2515
1624273996590,0.5059,-9.8280,5.9130,-0.2655,0.0411,-1.0914
1624273996600,0.4078,-9.8711,5.6904,-0.3767,-0.0041,-1.0023
1624273996607,0.2020,-9.9955,5.3243,-0.4756,-0.0615,-0.9021
1624273996617,0.0465,-9.9955,4.6615,-0.5221,-0.1067,-0.8202
1624273996627,0.1661,-10.3018,4.6376,-0.4097,-0.1067,-0.7543
1624273996636,0.1470,-10.6368,5.0372,-0.1922,-0.0444,-0.6553
1624273996646,-0.1258,-10.0218,5.4847,0.0692,-0.0053,-0.5942
1624273996658,-0.4321,-9.1413,5.4990,0.3698,-0.0273,-0.5087
1624273996667,-0.5972,-8.3899,4.9128,0.5799,-0.0469,-0.3743
1624273996678,-0.2095,-7.9616,4.9008,0.6104,-0.0493,-0.2118
1624273996686,-0.4393,-8.6555,4.8841,0.4541,-0.0420,-0.0615
1624273996696,-0.4464,-9.1867,5.3435,0.3062,-0.0505,-0.0786
1624273996706,-0.4177,-9.4308,5.5301,0.2928,-0.0615,-0.0750
1624273996715,-0.2024,-9.4188,5.1808,0.5249,-0.0750,-0.0188
1624273996724,-0.2071,-9.6055,5.1353,0.7815,-0.0921,0.0826
1624273996734,-0.4249,-8.9403,5.4847,0.8902,-0.1055,0.1241
1624273996744,-0.7790,-9.0288,5.8699,1.1443,-0.1079,0.1840
1624273996753,-0.5541,-8.2081,6.2647,1.2616,-0.1018,0.2231
1624273996763,-1.0638,-8.4880,6.3437,1.5683,-0.0982,0.2451
1624273996773,-0.9896,-8.0645,5.7335,1.8713,-0.1544,0.3331
1624273996782,-1.2145,-6.9949,6.4346,1.7821,-0.2081,0.5359
1624273996792,-1.4059,-6.3345,6.3461,1.2213,-0.2521,0.4760
1624273996802,-1.3844,-6.5163,6.8318,0.6752,-0.2350,0.3025
1624273996811,-1.7936,-7.4232,7.0185,0.5408,-0.2155,0.2133
1624273996821,-1.5734,-8.6962,6.9275,0.8132,-0.2423,0.2842
1624273996830,-1.1236,-8.6938,7.1118,1.1333,-0.2338,0.3441
1624273996840,-1.1260,-7.7678,7.4396,1.2714,-0.2228,0.3587
1624273996849,-1.3031,-6.9303,7.6980,1.1504,-0.2289,0.3331
1624273996859,-1.3294,-7.1552,7.7914,0.8633,-0.2045,0.3074
1624273996869,-1.2384,-6.5929,7.4563,0.5408,-0.2130,0.2378
1624273996878,-1.2050,-6.6599,7.3128,0.3527,-0.2130,0.2426
1624273996887,-1.3102,-6.4900,6.9897,0.3331,-0.2020,0.2146
1624273996898,-1.2528,-5.8392,6.7218,0.3820,-0.2203,0.2170
1624273996907,-1.1834,-5.8990,6.5040,0.4382,-0.2130,0.2659
1624273996917,-1.1212,-6.4158,6.7576,0.5518,-0.1825,0.2512
1624273996924,-0.9705,-6.7413,6.8677,0.6764,-0.1812,0.2634
1624273996934,-0.9298,-6.5427,7.0209,0.8365,-0.1764,0.2781
1624273996944,-0.9968,-5.9349,6.9251,0.8902,-0.1800,0.2793
1624273996954,-0.8580,-5.6549,6.9491,0.8291,-0.1629,0.2879
1624273996964,-0.9082,-5.7435,7.1381,0.6740,-0.1263,0.2707
1624273996974,-0.9513,-5.7985,7.2960,0.5042,-0.1140,0.2414
1624273996985,-0.8771,-5.4827,7.2362,0.3661,-0.1250,0.2121
1624273996993,-0.9872,-5.5257,7.2482,0.2794,-0.1238,0.2256
1624273997003,-0.9848,-5.8679,7.2888,0.2293,-0.1128,0.2292
1624273997013,-0.9800,-6.3776,7.1285,0.2122,-0.0872,0.2084
1624273997022,-0.9322,-6.5092,7.0950,0.2219,-0.0505,0.1681
1624273997032,-0.9633,-6.3345,7.3367,0.2732,0.0057,0.1278
1624273997042,-1.2050,-6.1239,7.5903,0.4015,0.0582,0.1131
1624273997051,-1.2935,-5.9445,7.7315,0.5237,0.0900,0.1290
1624273997061,-1.2648,-6.1718,7.7961,0.6520,0.1266,0.1425
1624273997070,-1.4466,-6.5594,7.0304,0.7595,0.1718,0.1266
1624273997079,-0.8819,-5.0950,8.3776,0.9464,0.1914,0.1266
1624273997089,-2.4325,-4.9491,8.1909,0.5249,0.2341,0.4723
1624273997099,-2.2123,-5.9660,7.4468,-0.0859,0.1718,0.3673
1624273997109,-1.4347,-6.1550,6.4227,-0.7065,0.0985,-0.0286
1624273997118,-1.5854,-7.1098,6.4777,-0.8507,0.1474,-0.0921
1624273997128,-1.9061,-6.9471,6.8940,-0.6455,0.1718,-0.0957
1624273997138,-1.8845,-6.2507,6.8797,-0.4170,0.1266,-0.0909
1624273997147,-1.8773,-6.1000,6.8510,-0.2912,0.1315,-0.0933
1624273997157,-2.0089,-6.3919,6.9634,-0.1934,0.1572,-0.1397
1624273997165,-2.0783,-6.7461,7.2984,-0.0578,0.1730,-0.1556
1624273997176,-1.9970,-6.6264,7.6358,0.0827,0.1730,-0.1214
1624273997186,-1.9898,-5.8105,7.9852,0.1291,0.1413,-0.1019
1624273997193,-2.1884,-5.4133,7.9971,0.0863,0.1339,-0.0762
1624273997205,-2.2913,-5.7841,7.5856,-0.0224,0.1620,-0.0689
1624273997214,-2.1429,-6.3991,7.1477,-0.1641,0.2036,-0.1019
1624273997224,-1.8821,-7.0093,7.1190,-0.2191,0.2427,-0.1349
1624273997232,-1.8391,-7.0356,7.4157,-0.2227,0.2659,-0.1300
1624273997241,-2.0209,-6.8609,7.9158,-0.1641,0.2744,-0.0933
1624273997251,-2.1453,-6.4063,8.0258,-0.0810,0.2598,-0.0701
1624273997261,-2.1310,-6.5116,7.8224,-0.0065,0.2354,-0.0506
1624273997273,-2.0233,-6.8442,7.6597,0.0375,0.2109,-0.0530
1624273997281,-1.9587,-6.2484,7.3200,-0.0199,0.2121,-0.0481
1624273997291,-1.9970,-5.9301,7.2649,0.0704,0.2329,0.0215
1624273997301,-1.9922,-5.9134,7.1261,0.1511,0.2366,0.0875
1624273997311,-1.9252,-5.9756,6.7194,0.1046,0.2415,0.1192
1624273997320,-1.9300,-6.6145,6.6189,-0.0126,0.2867,0.1009
1624273997330,-1.9587,-7.3299,7.1836,-0.0664,0.3600,0.0325
1624273997339,-2.0065,-7.0141,7.7746,-0.0004,0.4162,-0.0664
1624273997349,-1.9946,-6.1502,8.1670,0.1474,0.4247,-0.1031
1624273997359,-1.9683,-5.5688,8.0546,0.2513,0.4027,-0.0750
1624273997368,-1.9108,-5.4133,7.6837,0.1645,0.4015,-0.0383
1624273997378,-1.8845,-5.4109,7.1142,-0.0969,0.4345,-0.0506
1624273997387,-2.0616,-5.2099,6.9610,-0.4854,0.4711,-0.1141
1624273997397,-2.3798,-5.0041,6.9156,-0.9143,0.4687,-0.1483
1624273997407,-2.6574,-4.8342,6.4442,-1.2331,0.4137,-0.1898
1624273997416,-2.7770,-4.9706,5.0516,-1.4934,0.2940,-0.2509
1624273997426,-2.6024,-6.2938,3.6494,-1.6204,0.1547,-0.2668
1624273997435,-2.3392,-8.1817,2.9770,-1.6461,0.0338,-0.2753
1624273997445,-2.2099,-8.6699,2.7736,-1.5569,-0.0530,-0.3841
1624273997455,-2.2386,-7.8324,2.9148,-1.2392,-0.1104,-0.5099
1624273997463,-2.3248,-7.2677,3.5584,-0.6956,-0.1715,-0.4781
1624273997474,-2.3511,-7.3012,4.3696,-0.1983,-0.2655,-0.3389
1624273997483,-2.2076,-7.7104,5.0324,0.1364,-0.3706,-0.2424
1624273997493,-2.0353,-8.0908,5.2334,0.3783,-0.4439,-0.2179
1624273997503,-1.9707,-8.3636,5.5301,0.5823,-0.4794,-0.1813
1624273997512,-2.0161,-8.2583,5.4488,0.7558,-0.5319,-0.1373
1624273997522,-2.0089,-7.8372,5.2382,0.8902,-0.6064,-0.1251
1624273997532,-1.8702,-7.6266,5.1449,1.0319,-0.6516,-0.1080
1624273997539,-1.6787,-7.4041,5.2023,1.1761,-0.6541,-0.0738
1624273997549,-1.4753,-6.9112,5.3219,1.2787,-0.6345,-0.0591
1624273997558,-1.4275,-6.3441,5.7024,1.3166,-0.6101,-0.0371
1624273997568,-1.5184,-5.6478,6.2097,1.1786,-0.5722,-0.0078
1624273997579,-1.5639,-5.2218,7.4252,0.8499,-0.5319,-0.0102
1624273997589,-1.6380,-5.5544,7.5856,0.4602,-0.5074,-0.0078
1624273997599,-1.5447,-6.0306,7.6550,0.1608,-0.4781,-0.0359
1624273997608,-1.3461,-6.2866,7.3463,0.1364,-0.4305,-0.0909
1624273997618,-1.2959,-6.3225,7.3941,0.3869,-0.3645,-0.0677
1624273997628,-1.2696,-5.9014,7.3439,0.5384,-0.3254,0.0386
1624273997637,-0.9800,-5.9660,7.0161,0.5261,-0.3095,0.1095
1624273997647,-0.7168,-6.1526,6.6691,0.4443,-0.2594,0.1376
1624273997656,-0.5732,-6.2723,6.7385,0.3673,-0.1507,0.1852
1624273997666,-0.5445,-6.7437,7.8679,0.2781,-0.0456,0.2121
1624273997676,-0.6474,-6.5881,7.3726,0.2329,-0.0151,0.1767
1624273997684,-0.7671,-6.0904,7.1118,0.3282,-0.0237,0.1144
1624273997695,-0.8604,-5.7315,7.1381,0.4382,-0.0285,0.1791
1624273997705,-0.8628,-6.0306,7.0280,0.4003,-0.0224,0.3001
1624273997713,-0.7025,-6.1072,6.8199,0.1938,-0.0383,0.2757
1624273997724,-0.5876,-5.8990,6.5208,-0.0871,-0.0261,0.1718
1624273997733,-0.2813,-6.1048,7.3056,-0.3388,0.0411,0.1266
1624273997743,-0.2861,-5.8272,7.9421,-0.4977,0.1107,0.0606
1624273997753,-0.9441,-5.3391,7.4085,-0.5441,0.1303,0.0386
1624273997762,-0.9609,-6.0833,6.7935,-0.5453,0.0264,0.1302
1624273997772,-0.8197,-6.4398,6.6404,-0.5111,-0.0505,0.1070
1624273997781,-0.6378,-6.5977,6.9419,-0.5367,-0.0310,0.0484
1624273997791,-0.6187,-6.3417,7.5856,-0.5380,-0.0090,-0.0347
1624273997801,-0.7790,-6.1024,7.7818,-0.5367,-0.0163,-0.0493
1624273997810,-0.8460,-6.3321,7.8105,-0.5661,-0.0249,-0.0078
1624273997820,-0.9035,-6.7006,7.8129,-0.6369,-0.0334,-0.0286
1624273997829,-0.9178,-6.7700,7.7148,-0.7762,-0.0175,-0.0689
1624273997839,-1.0662,-6.8130,7.6789,-0.9045,0.0167,-0.1239
1624273997847,-1.4849,-6.7293,7.3894,-0.9424,0.0631,-0.1507
1624273997856,-1.5304,-6.4517,7.0687,-0.9362,0.0924,-0.1349
1624273997866,-1.4682,-6.4565,6.9993,-0.8556,0.1364,-0.1141
1624273997875,-1.5232,-6.7700,7.1644,-0.8495,0.2011,-0.0701
1624273997886,-1.4107,-7.2701,7.2290,-0.9888,0.2427,-0.0542
1624273997897,-1.5304,-7.0547,7.2003,-1.0596,0.2793,-0.1519
1624273997906,-1.5160,-7.0117,7.3535,-1.1036,0.3111,-0.1190
1624273997916,-1.4035,-7.4759,7.2673,-1.1574,0.3087,-0.0664
1624273997926,-1.8151,-6.4733,6.0087,-1.1977,0.3172,-0.1409
1624273997935,-1.4897,-8.0358,6.9706,-1.3638,0.3758,-0.0029
1624273997945,-1.7098,-9.4787,7.6191,-1.2063,0.4320,-0.1434
1624273997954,-2.4636,-7.0619,6.8318,-1.1244,0.4492,-0.3474
1624273997964,-0.6953,-7.4998,5.7551,-1.0719,0.2537,-0.0286
1624273997974,-1.8079,-7.7726,5.2310,-1.1244,0.1987,-0.2106
1624273997983,-2.0975,-8.1339,6.1906,-1.0938,0.2696,-0.2509
1624273997993,-1.4466,-7.9425,5.9465,-0.9436,0.1804,-0.2729
1624273998002,-1.5998,-8.1650,5.7886,-0.6943,0.1132,-0.2179
1624273998012,-1.7074,-8.0143,5.5277,-0.4891,0.0606,-0.2619
1624273998022,-1.6261,-7.7175,4.7477,-0.2325,0.0093,-0.3230
1624273998031,-1.6213,-6.7293,4.7596,0.0362,0.0069,-0.2473
1624273998041,-1.2337,-8.4354,5.6952,0.0570,0.0643,0.0191
1624273998051,-1.4251,-8.4856,6.2121,-0.0542,0.1181,-0.0982
1624273998060,-1.7362,-8.4856,6.1212,0.0326,0.1400,-0.1519
1624273998069,-1.5926,-8.5072,6.0733,0.2659,0.0948,0.0618
1624273998079,-1.7410,-8.2631,6.3724,0.2989,0.0838,0.1913
1624273998089,-2.0377,-7.9353,6.6141,0.1205,0.1217,0.1755
1624273998099,-2.0735,-8.2942,6.4825,-0.0285,0.1242,0.1486
1624273998108,-1.9659,-9.0145,6.1810,-0.0480,0.1364,0.1767
1624273998117,-1.8989,-9.4643,5.7407,0.0802,0.1865,0.2097
1624273998127,-1.7481,-9.6438,5.2119,0.3074,0.2354,0.2426
1624273998137,-1.5208,-9.9979,4.8171,0.5775,0.2451,0.2879
1624273998146,-1.3437,-10.0697,4.7596,0.7913,0.2696,0.3477
1624273998155,-1.3055,-9.6462,5.0013,0.9317,0.3025,0.4064
1624273998165,-1.3892,-8.7441,5.3578,1.0112,0.2964,0.4442
1624273998174,-1.4275,-7.9473,5.8221,1.0112,0.2659,0.5041
1624273998183,-1.5017,-7.6458,6.3174,0.8792,0.2170,0.5970
1624273998194,-1.6428,-7.8874,6.5949,0.6752,0.1510,0.6690
1624273998204,-1.7457,-8.4091,6.4298,0.5139,0.0948,0.7142
1624273998214,-1.8391,-8.8852,6.2097,0.4968,0.0643,0.7448
1624273998224,-1.9491,-8.9834,6.0877,0.5665,0.0240,0.7814
1624273998233,-1.9635,-8.6579,5.6330,0.6483,-0.0407,0.8437
1624273998243,-1.8654,-8.2368,4.7620,0.6703,-0.1287,0.8938
1624273998252,-1.8917,-7.6553,4.0035,0.5799,-0.2020,0.8450
1624273998262,-2.0688,-7.0236,3.6613,0.4614,-0.1935,0.7558
1624273998272,-2.4516,-6.2125,3.7020,0.3783,-0.1434,0.6458
1624273998281,-2.8871,-5.5018,4.1710,0.3074,-0.1556,0.5591
1624273998290,-3.1288,-4.9323,4.7501,0.1413,-0.2435,0.5017
1624273998301,-3.1862,-4.4107,5.5995,-0.2105,-0.3462,0.4161
1624273998309,-3.0187,-4.2958,6.8916,-0.6589,-0.4256,0.2927
1624273998320,-2.7890,-4.8007,7.4372,-1.0242,-0.4488,0.1376
1624273998329,-2.5306,-5.8799,6.9730,-1.1183,-0.4317,-0.0371
1624273998338,-2.3703,-7.6481,6.1020,-0.7786,-0.3865,-0.1129
1624273998349,-2.3535,-8.9164,5.1114,-0.2215,-0.3951,-0.1495
1624273998358,-2.3870,-7.7989,4.6304,0.2403,-0.4366,-0.2595
1624273998368,-2.4373,-5.0328,3.9724,0.5200,-0.4781,-0.3144
1624273998377,-2.1980,-3.2980,4.0777,0.6618,-0.4916,-0.2338
1624273998386,-1.7481,-3.6186,4.8099,0.5469,-0.4635,-0.1031
1624273998396,-1.3772,-4.7480,6.4322,0.1083,-0.3547,-0.0444
1624273998406,-1.4371,-5.7243,7.8368,-0.2900,-0.2228,-0.0982
1624273998416,-1.8486,-7.0141,8.4637,-0.2680,-0.1311,-0.1006
1624273998425,-2.2219,-8.1315,8.3728,0.0460,-0.1409,0.0203
1624273998435,-2.3655,-8.1530,7.7028,0.4113,-0.2008,0.0741
1624273998444,-2.3511,-7.5716,6.7505,0.7778,-0.2106,0.0557
1624273998454,-2.2961,-7.1361,6.0900,1.0271,-0.1776,0.0618
1624273998464,-2.1956,-6.8346,5.8843,1.0661,-0.1690,0.0435
1624273998472,-2.1023,-6.5809,6.0877,0.9122,-0.1837,-0.0334
1624273998481,-2.0616,-6.0928,6.2671,0.6483,-0.1959,-0.1312
1624273998491,-2.1382,-5.6597,6.0470,0.4259,-0.1983,-0.1923
1624273998500,-2.1788,-5.9588,6.1020,0.3490,-0.1898,-0.1678
1624273998512,-2.0401,-6.9518,6.4609,0.4235,-0.1788,-0.1092
1624273998521,-1.7792,-7.4639,6.9730,0.5384,-0.1678,-0.0970
1624273998531,-1.5639,-7.3036,7.3271,0.6227,-0.1580,-0.1104
1624273998541,-1.4203,-7.1576,7.4707,0.6752,-0.1641,-0.1251
1624273998550,-1.1954,-7.1863,7.4396,0.6520,-0.1971,-0.1715
1624273998560,-0.9154,-7.3371,7.1309,0.6263,-0.2387,-0.2436
1624273998569,-0.6450,-7.2055,6.3796,0.6544,-0.2717,-0.3279
1624273998579,-0.4297,-6.9734,6.0398,0.8316,-0.2900,-0.3890
1624273998589,-0.4201,-6.3536,5.7407,1.0307,-0.2863,-0.3523
1624273998598,-0.5565,-5.6573,4.8314,1.1602,-0.2619,-0.2876
1624273998607,-0.5493,-4.3173,5.3124,1.0943,-0.2057,-0.2118
1624273998617,-0.7264,-4.7433,6.5327,0.8242,-0.1140,0.0203
1624273998627,-0.8508,-6.1885,7.5449,0.3991,-0.0591,0.1938
1624273998637,-0.9729,-6.2531,7.5736,0.0717,-0.0860,0.0606
1624273998646,-1.1188,-6.1479,7.3750,0.1303,-0.1238,-0.0518
1624273998656,-1.2480,-6.3441,7.1142,0.3453,-0.1507,0.0789
1624273998666,-1.1523,-5.9445,7.2506,0.4748,-0.1861,0.1302
1624273998675,-1.0183,-5.8368,7.3511,0.4956,-0.2008,0.0704
1624273998685,-0.9082,-5.7865,7.3008,0.2769,-0.1678,0.0887
1624273998693,-0.9657,-5.7458,7.1740,-0.0285,-0.1324,0.0814
1624273998704,-1.0710,-5.5999,6.9969,-0.2301,-0.1177,0.0032
1624273998714,-1.1356,-5.5161,6.9706,-0.2887,-0.0982,-0.0347
1624273998723,-1.2050,-5.5305,7.3271,-0.2985,-0.0786,-0.0188
1624273998733,-1.2097,-5.3630,7.6286,-0.3730,-0.0835,-0.0481
1624273998743,-1.1427,-5.1429,7.9134,-0.5306,-0.0884,-0.1190
1624273998752,-1.0327,-5.3558,7.7531,-0.6858,-0.0566,-0.1617
1624273998762,-0.9872,-5.8129,7.9971,-0.7860,-0.0078,-0.1776
1624273998771,-1.0351,-6.0521,7.7746,-0.8801,0.0362,-0.1642
1624273998779,-0.8245,-6.4182,8.0187,-0.8495,0.0863,-0.1923
1624273998789,-0.6714,-6.3536,8.3991,-0.7273,0.1498,-0.1996
1624273998799,-0.6714,-6.6121,8.6767,-0.6650,0.2133,-0.1190
1624273998808,-0.5685,-6.6001,8.8873,-0.7261,0.2378,-0.1006
1624273998819,-0.4895,-6.7293,8.7700,-0.8727,0.2464,-0.1397
1624273998828,-0.3675,-6.8107,8.2579,-1.0205,0.2561,-0.1617
1624273998836,-0.2263,-7.1145,7.7220,-1.1855,0.2586,-0.1397
1624273998846,-0.2813,-7.5500,7.4229,-1.3480,0.2915,-0.0884
1624273998856,-0.2670,-8.1507,7.2960,-1.4750,0.3502,-0.0444
1624273998867,-0.1186,-8.6125,7.4803,-1.4934,0.4174,-0.0005
1624273998877,-0.0875,-9.1221,7.5688,-1.4347,0.4748,0.1046
1624273998886,-0.1306,-9.3829,7.4276,-1.3858,0.5127,0.2304
1624273998896,-0.1665,-9.3231,7.4181,-1.3773,0.5432,0.3062
1624273998906,-0.3292,-9.1915,7.1908,-1.4005,0.5774,0.3721
1624273998915,-0.3483,-9.1963,6.6954,-1.4420,0.5957,0.4393
1624273998925,-0.2239,-9.4428,6.3891,-1.4762,0.6178,0.5310
1624273998933,-0.0492,-9.6557,6.0709,-1.5715,0.6397,0.6495
1624273998943,0.0250,-9.9046,5.6163,-1.7609,0.6361,0.7851
1624273998953,-0.1904,-9.9788,5.3291,-2.1177,0.6019,0.9122
1624273998963,-0.7407,-9.7754,5.2956,-2.5245,0.5432,0.9965
1624273998973,-1.3653,-9.7419,5.3267,-2.7786,0.4577,1.0710
1624273998982,-1.7744,-9.9596,5.1927,-2.7627,0.3331,1.1406
1624273998992,-2.0209,-10.3616,4.7381,-2.4634,0.1987,1.1944
1624273999001,-2.1094,-10.7469,4.0346,-1.9796,0.0692,1.2408
1624273999010,-2.1382,-10.5626,3.6302,-1.4482,-0.0407,1.2554
1624273999020,-2.3607,-9.8232,3.4244,-0.9534,-0.1153,1.2335
1624273999031,-2.7220,-8.8757,3.2282,-0.5050,-0.1580,1.1858
1624273999040,-3.1479,-7.6697,3.2785,-0.1934,-0.2106,1.1211
1624273999049,-3.6600,-6.4972,3.2641,0.0143,-0.2766,1.0282
1624273999059,-4.0285,-5.9564,3.2282,0.1853,-0.3560,0.9378
1624273999069,-4.4066,-5.7315,3.0248,0.2464,-0.4574,0.8608
1624273999078,-4.6387,-5.9038,2.9339,0.2842,-0.5441,0.7399
1624273999086,-4.7942,-6.1814,3.2569,0.3013,-0.6198,0.5774
1624273999096,-4.9234,-5.8607,3.2952,0.2891,-0.7005,0.4027
1624273999105,-5.0239,-5.2625,3.1612,0.3441,-0.8043,0.2341
1624273999115,-5.1196,-4.9251,2.7425,0.5005,-0.9021,0.1302
1624273999125,-5.1555,-4.8007,2.5702,0.5909,-0.9680,0.0789
1624273999136,-5.0741,-4.8342,2.7186,0.6080,-0.9778,0.0496
1624273999146,-4.8636,-4.8198,3.2211,0.5530,-0.9424,0.0276
1624273999155,-4.6721,-5.0471,4.0705,0.4076,-0.8581,0.0423
1624273999165,-4.6506,-5.2840,4.5778,0.1975,-0.7396,0.0643
1624273999174,-4.7607,-5.3534,5.0109,-0.1238,-0.6259,0.0496
1624273999184,-4.9569,-5.5233,5.0587,-0.4427,-0.5197,0.0301
1624273999194,-5.1077,-5.9181,5.0348,-0.6785,-0.4048,0.0301
1624273999202,-5.2297,-6.4182,4.7094,-0.7640,-0.2851,0.0508
1624273999213,-5.1914,-6.9160,4.2619,-0.6650,-0.1507,0.1070
1624273999223,-5.0430,-7.2079,4.1854,-0.4512,0.0105,0.1706
1624273999232,-4.9808,-7.2414,4.1710,-0.1763,0.1975,0.2084
1624273999243,-5.0359,-6.9638,4.1566,0.0900,0.3868,0.2072
1624273999252,-5.1699,-6.4661,4.3026,0.3136,0.5383,0.1815
1624273999261,-5.3421,-5.9564,4.2524,0.4174,0.6226,0.1474
1624273999271,-5.4929,-5.7052,4.1614,0.4614,0.6495,0.0997
1624273999280,-5.6030,-5.7124,4.0203,0.5359,0.6483,0.0154
1624273999289,-5.5407,-5.8942,3.9341,0.7253,0.6361,-0.0982
1624273999299,-5.2967,-6.3130,4.1495,1.0393,0.6068,-0.2142
1624273999309,-4.9234,-6.6575,4.3529,1.3972,0.5725,-0.3071
1624273999319,-4.6578,-6.6169,4.3074,1.7601,0.5225,-0.4024
1624273999328,-4.4233,-6.3201,4.1112,2.1119,0.4320,-0.5160
1624273999338,-4.2271,-5.6980,3.8264,2.2585,0.3074,-0.6455
1624273999347,-4.0093,-4.8485,3.5489,2.0606,0.1608,-0.7824
1624273999357,-3.7031,-4.1283,3.2067,1.6086,0.0069,-0.9497
1624273999367,-3.1647,-3.4918,3.2282,1.0356,-0.1238,-1.1440
1624273999376,-2.5282,-3.9656,3.6302,0.5775,-0.2179,-1.2662
1624273999385,-1.8391,-5.4563,3.9198,0.2830,-0.2802,-1.2955
1624273999394,-0.9848,-7.0930,4.3864,0.2366,-0.3254,-1.3431
1624273999404,-0.2335,-8.5167,5.0611,0.4907,-0.3352,-1.3761
1624273999413,0.1972,-9.3231,5.7838,0.8719,-0.3181,-1.3163
1624273999423,0.3743,-9.0886,6.8390,1.1590,-0.3303,-1.2197
1624273999435,0.2977,-8.1459,7.1309,1.2140,-0.3914,-1.1513
1624273999444,0.3193,-7.2581,6.8270,1.0527,-0.4916,-1.1208
1624273999453,0.6710,-6.9925,6.6165,0.7167,-0.5856,-1.0524
1624273999463,1.1448,-7.5620,6.5782,0.4309,-0.6089,-0.9094
1624273999472,1.3936,-8.6986,6.4131,0.2830,-0.5807,-0.7433
1624273999482,1.3817,-10.1869,6.4035,0.3380,-0.5380,-0.6174
1624273999492,1.2525,-10.9670,6.5495,0.5090,-0.4745,-0.5600
1624273999501,1.0754,-9.8184,6.1618,0.7949,-0.4183,-0.5368
1624273999511,0.8337,-8.9810,7.4037,1.2140,-0.3242,-0.3755
1624273999521,0.1183,-8.5167,8.4302,1.5414,-0.2277,-0.1373
1624273999530,-0.2646,-7.1744,8.3608,1.6428,-0.2191,-0.1153
1624273999540,-0.2215,-6.8537,7.5975,1.6196,-0.2680,-0.0334
1624273999550,-0.0157,-7.3299,7.7626,1.5267,-0.2558,0.1034
1624273999559,-0.0923,-7.3036,8.2340,1.4119,-0.1849,0.1229
1624273999568,-0.2263,-7.0739,8.2292,1.4290,-0.1324,0.0679
1624273999578,-0.2287,-7.5788,7.6502,1.5304,-0.0847,0.1693
1624273999588,-0.0540,-6.9638,8.3896,1.4375,-0.0395,0.2866
1624273999597,-0.9346,-7.3849,8.1192,0.9904,0.0179,0.3893
1624273999607,-1.3246,-7.1050,7.9038,0.5139,0.0435,0.1815
1624273999616,-1.0542,-5.5233,7.4252,0.0802,-0.0029,-0.0383
1624273999626,-0.8652,-6.7939,8.1981,0.1144,0.0105,0.1974
1624273999636,-1.1356,-5.4850,8.5666,-0.0199,-0.0090,0.0765
1624273999645,-1.1691,-5.4874,8.5666,0.2268,-0.0603,-0.0066
1624273999655,-1.1236,-6.3297,8.1766,0.3612,-0.1226,0.1571
1624273999665,-1.0351,-6.1550,8.1766,0.3844,-0.1458,0.1278
1624273999674,-1.1404,-5.2601,8.0450,0.3246,-0.1483,0.0484
1624273999684,-1.2600,-4.8557,8.1024,0.2965,-0.1446,0.0582
1624273999693,-1.2097,-5.0065,8.2244,0.2610,-0.1287,0.0997
1624273999703,-1.0686,-5.0519,8.1120,0.1560,-0.1092,0.1107
1624273999711,-0.8771,-5.4491,7.8272,0.0057,-0.0884,0.1119
1624273999720,-0.7096,-5.7650,7.1429,-0.1385,-0.0420,0.0679
1624273999730,-0.2526,-6.2938,8.5642,-0.3596,0.0545,0.0643
1624273999739,-0.5996,-7.5620,8.6623,-0.5160,0.2195,0.0875
1624273999749,-0.1378,-6.2555,8.6384,-0.6320,0.2415,-0.1397
1624273999761,-0.0301,-6.0617,8.4039,-0.7090,0.2512,-0.0481
1624273999770,-0.2574,-7.0811,8.8107,-0.7200,0.3795,0.0948
1624273999780,-0.3387,-7.3060,8.9184,-0.8043,0.4943,0.0484
1624273999789,-0.1712,-7.4711,8.7078,-0.8519,0.5518,0.1070
1624273999799,-0.2191,-7.4663,8.5068,-0.8703,0.5982,0.2060
1624273999809,-0.3794,-7.4232,8.4230,-0.9863,0.6373,0.2744
1624273999818,-0.5493,-7.3323,8.1359,-1.1672,0.6629,0.2879
1624273999828,-0.7766,-7.2868,7.8320,-1.3186,0.6642,0.2781
1624273999838,-0.8676,-7.3490,7.3774,-1.3296,0.6532,0.2927
1624273999846,-0.8580,-7.3156,6.9204,-1.2270,0.6348,0.3306
1624273999857,-0.8221,-7.1576,6.3030,-1.1732,0.6226,0.3783
1624273999866,-0.8197,-7.0499,5.6665,-1.2527,0.6202,0.4174
1624273999876,-0.6881,-7.3826,5.5349,-1.4335,0.6312,0.4601
1624273999885,-0.7479,-8.1004,5.6330,-1.6778,0.6483,0.5041
1624273999895,-0.9250,-8.7034,5.7120,-1.9405,0.6458,0.5212
1624273999905,-1.0733,-9.1580,5.6282,-2.0712,0.6275,0.5420
1624273999914,-1.1762,-9.2585,5.6474,-2.0773,0.5957,0.5884
1624273999924,-1.2504,-9.1915,5.6498,-2.0407,0.5444,0.6727
1624273999934,-1.2887,-9.0073,5.5229,-2.0480,0.4785,0.7790
1624273999943,-1.3796,-8.8374,5.4775,-2.1201,0.3844,0.8376
1624273999951,-1.6309,-8.6795,5.4129,-2.2459,0.2708,0.8608
1624273999962,-1.9635,-8.4498,5.0827,-2.3889,0.1559,0.8694
1624273999972,-2.3009,-8.3229,4.1255,-2.3974,0.0350,0.8547
1624273999982,-2.6406,-8.5526,3.4675,-2.2728,-0.0786,0.8291
1624273999991,-3.0043,-8.9857,2.9698,-1.9600,-0.1373,0.7973
1624274000001,-3.3202,-9.4452,3.0368,-1.4530,-0.1348,0.7350
1624274000011,-3.5858,-9.0288,3.5010,-0.8348,-0.1324,0.6397
1624274000018,-3.9088,-7.9568,3.6494,-0.1299,-0.1568,0.5798
1624274000028,-4.3036,-6.7748,3.6542,0.4907,-0.2167,0.5676
1624274000037,-4.7152,-5.7770,3.8647,0.8071,-0.2900,0.5383
1624274000047,-5.0454,-5.2888,3.7020,0.8255,-0.3547,0.4785
1624274000058,-5.4187,-4.8222,2.9842,0.5567,-0.4061,0.3819
1624274000068,-5.6771,-4.7146,2.3860,0.2403,-0.4598,0.2500
1624274000078,-5.7896,-5.1118,2.0988,0.0521,-0.4928,0.1437
1624274000087,-5.7178,-5.6023,2.1897,-0.0517,-0.5001,0.0789
1624274000097,-5.5982,-5.9636,2.4673,-0.0187,-0.4806,0.0435
1624274000106,-5.5168,-6.3824,3.2043,0.1547,-0.4268,0.0337
1624274000116,-5.6149,-6.5714,4.2260,0.3233,-0.3242,0.0423
1624274000126,-5.8805,-6.0809,4.6974,0.3246,-0.2265,0.0276
1624274000134,-6.1581,-5.2745,4.8410,0.1450,-0.1812,0.0056
1624274000192,-6.2610,-5.0352,5.0037,-0.0542,-0.1727,0.0142
1624274000193,-6.2634,-5.3654,4.7931,-0.2008,-0.1507,0.0288
1624274000194,-6.2107,-5.5688,4.3792,-0.3119,-0.1116,0.0069
1624274000194,-6.0959,-5.4946,3.6159,-0.2961,-0.0615,-0.0127
1624274000195,-5.8949,-5.6669,3.2426,-0.1458,0.0032,0.0008
1624274000196,-5.7800,-5.8870,2.8741,-0.0187,0.0912,0.0203
1624274000202,-5.7154,-6.2196,3.1086,0.0851,0.1901,0.0044
1624274000211,-5.6843,-6.4302,3.6398,0.1596,0.2854,-0.0420
1624274000222,-5.7059,-6.4996,4.3648,0.2451,0.3502,-0.0945
1624274000231,-5.7537,-6.4398,5.0133,0.3869,0.3636,-0.1361
1624274000241,-5.7776,-6.3608,5.1664,0.5714,0.3380,-0.1666
1624274000250,-5.7800,-6.4924,5.2478,0.8291,0.3025,-0.1923
1624274000260,-5.6173,-6.7724,5.0228,1.0943,0.2634,-0.2314
1624274000270,-5.2464,-6.9710,4.7142,1.4388,0.2317,-0.3120
1624274000279,-4.9210,-7.1648,4.4223,1.8700,0.2146,-0.4085
1624274000289,-4.7104,-7.0954,3.8480,2.3086,0.1999,-0.4781
1624274000299,-4.4951,-6.7389,3.5058,2.6617,0.1523,-0.5368
1624274000308,-4.2103,-6.0665,3.6254,2.8951,0.0619,-0.6284
1624274000318,-3.8371,-5.1883,3.9700,3.0172,-0.0420,-0.7372
1624274000325,-3.4087,-4.4896,4.3720,2.9671,-0.1434,-0.7946
1624274000335,-2.9086,-4.4801,5.0587,2.6654,-0.2435,-0.7689
1624274000344,-2.3607,-4.9586,5.8053,2.1351,-0.3376,-0.7469
1624274000354,-1.9683,-5.3152,6.1283,1.4999,-0.4012,-0.8263
1624274000365,-1.6046,-5.6812,6.4466,0.9476,-0.4219,-0.9351
1624274000375,-1.4586,-6.2484,6.3006,0.5457,-0.4353,-0.9742
1624274000385,-1.3557,-7.0954,6.1570,0.3307,-0.4647,-1.0096
1624274000395,-1.1714,-7.5500,5.9728,0.2378,-0.4916,-1.0634
1624274000404,-0.7096,-7.2414,6.1140,0.2830,-0.5258,-1.1305
1624274000413,-0.1425,-6.6671,6.4825,0.5384,-0.5404,-1.1415
1624274000423,0.2930,-6.2579,6.6189,0.8328,-0.5111,-1.0279
1624274000433,0.6040,-6.6049,6.9299,1.0222,-0.4366,-0.8581
1624274000443,0.8050,-7.2270,7.2769,0.9391,-0.3535,-0.7176
1624274000452,0.8816,-7.4017,7.6215,0.5261,-0.3034,-0.6700
1624274000462,0.8289,-7.5189,7.9062,0.0069,-0.2936,-0.7140
1624274000471,0.7021,-8.0286,8.1072,-0.3327,-0.2936,-0.7518
1624274000481,0.5729,-8.4593,7.9158,-0.4524,-0.2936,-0.7408
1624274000491,0.6447,-8.4498,7.6956,-0.3559,-0.2924,-0.7225
1624274000500,0.5155,-7.8515,7.2195,-0.1433,-0.2594,-0.6712
1624274000509,0.2403,-7.3275,6.9993,0.1254,-0.1959,-0.6003
1624274000520,-0.0755,-7.1122,6.9826,0.4333,-0.1287,-0.5209
1624274000529,-0.2311,-6.7963,7.0017,0.6703,-0.0811,-0.4281
1624274000539,-0.1019,-6.4685,7.3080,0.7277,-0.0261,-0.3181
1624274000548,0.0106,-6.3273,7.6597,0.5494,0.0203,-0.2387
1624274000558,0.0728,-6.6336,7.7387,0.1853,0.0374,-0.2424
1624274000568,0.1183,-7.4041,7.5521,-0.1800,0.0533,-0.3047
1624274000577,0.1087,-8.1363,7.5975,-0.3816,0.0729,-0.3755
1624274000587,-0.1090,-8.0765,7.3008,-0.3254,0.0802,-0.4256
1624274000596,-0.3076,-7.3443,7.2697,-0.0859,0.0716,-0.4024
1624274000606,-0.4704,-6.3393,7.0998,0.1303,0.0667,-0.2973
1624274000616,-0.7288,-6.2005,6.7481,0.1156,0.0729,-0.1825
1624274000625,-0.6044,-6.6336,6.8199,-0.0334,0.0655,-0.1568
1624274000633,-0.5708,-6.7748,7.1285,-0.2399,0.0765,-0.1642
1624274000642,-0.6666,-6.8896,7.5903,-0.3767,0.0729,-0.1055
1624274000652,-0.8628,-6.6575,7.9206,-0.4488,0.0252,-0.0677
1624274000662,-1.1140,-6.7915,7.7483,-0.3535,-0.0212,-0.0432
1624274000671,-1.1930,-7.2557,7.3415,-0.1592,-0.0554,-0.0347
1624274000683,-1.1212,-7.3897,7.0663,0.0460,-0.0982,-0.0652
1624274000693,-1.0829,-7.1289,6.7552,0.2439,-0.1189,-0.0909
1624274000702,-0.9082,-6.9566,6.9180,0.3441,-0.1397,-0.1190
1624274000712,-0.8795,-6.6743,7.0879,0.2354,-0.1483,-0.1409
1624274000721,-1.0686,-6.1431,7.2051,-0.1018,-0.1128,-0.1752
1624274000731,-1.1523,-6.1790,7.3224,-0.4219,-0.0713,-0.2399
1624274000741,-1.1404,-6.1335,6.7696,-0.7408,-0.0517,-0.2692
1624274000750,-0.8676,-6.4182,6.7792,-0.9130,-0.0127,-0.2656
1624274000760,-0.7384,-7.3778,7.3535,-0.8458,0.0496,-0.2191
1624274000769,-0.7742,-7.9066,7.6310,-0.7188,0.0790,-0.1874
1624274000779,-0.7599,-7.4184,7.7387,-0.5551,0.0643,-0.1740
1624274000789,-0.8652,-7.0787,7.5401,-0.3364,0.0289,-0.1116
1624274000798,-0.8795,-7.4376,7.1668,-0.1042,-0.0090,-0.0567
1624274000808,-0.7862,-7.6649,6.5901,-0.0114,-0.0420,-0.0591
1624274000817,-0.6905,-7.6481,6.3126,-0.0102,-0.0554,-0.1055
1624274000827,-0.7455,-7.4807,6.0278,-0.0334,-0.0566,-0.1434
1624274000837,-0.6738,-7.3156,5.7383,-0.1104,-0.0579,-0.1458
1624274000846,-0.5637,-7.2031,5.7838,-0.2227,-0.0603,-0.1691
1624274000855,-0.7072,-7.2749,5.8986,-0.3449,-0.0420,-0.1678
1624274000865,-0.8125,-7.1217,5.8699,-0.5160,-0.0175,-0.1605
1624274000875,-0.7886,-7.8826,6.1642,-0.5477,-0.0090,-0.1471
1624274000885,-0.6139,-8.2727,6.4561,-0.5685,-0.0127,-0.1385
1624274000894,-0.4775,-7.9927,6.4849,-0.5783,-0.0065,-0.1434
1624274000904,-0.3076,-8.0334,6.4609,-0.5025,0.0057,-0.1165
1624274000913,-0.2311,-7.9257,6.3748,-0.4769,0.0191,-0.0982
1624274000923,-0.1712,-7.6147,6.3652,-0.5050,0.0533,-0.1019
1624274000933,-0.1258,-7.7319,6.5112,-0.5135,0.0826,-0.0823
1624274000940,-0.1569,-7.8444,6.3987,-0.5600,0.0863,-0.0542
1624274000950,-0.0995,-7.9377,6.2958,-0.5893,0.0802,-0.0420
1624274000959,-0.0157,-7.6697,6.1092,-0.6076,0.0851,-0.0188
1624274000969,0.0967,-7.8492,6.0996,-0.6003,0.1010,0.0484
1624274000980,0.2355,-8.1124,6.2743,-0.6259,0.1315,0.0899
1624274000991,0.2666,-8.3636,6.6308,-0.6357,0.1804,0.1070
1624274001000,0.2953,-8.3014,6.9323,-0.6064,0.2097,0.1229
1624274001010,0.3982,-8.2631,6.9371,-0.5587,0.2219,0.1718
1624274001019,0.4030,-8.3277,6.7816,-0.5331,0.2317,0.2353
1624274001029,0.3265,-8.3229,6.5327,-0.5441,0.2366,0.2707
1624274001039,0.4222,-8.3636,6.1810,-0.6088,0.2329,0.3013
1624274001048,0.5610,-8.4521,5.7981,-0.7127,0.2243,0.3331
1624274001058,0.8529,-8.7369,5.4823,-0.8642,0.2207,0.3807
1624274001067,1.1544,-9.2825,5.2215,-1.0511,0.2219,0.4381
1624274001076,1.3913,-9.7586,5.1329,-1.2612,0.2280,0.4919
1624274001087,1.3362,-9.8998,5.3004,-1.5325,0.2268,0.5774
1624274001096,1.1209,-9.8041,5.5158,-1.8489,0.2060,0.6800
1624274001105,0.9606,-9.9836,5.5182,-2.0810,0.1694,0.7704
1624274001116,0.8936,-10.4334,5.4296,-2.1800,0.1266,0.8511
1624274001125,0.8672,-11.1656,5.0707,-2.1800,0.0851,0.9427
1624274001135,0.8361,-11.3570,4.7716,-2.0749,0.0301,1.0258
1624274001143,0.5873,-10.5602,4.6520,-1.9906,-0.0200,1.1027
1624274001154,0.1422,-9.6988,4.3768,-1.8415,-0.0530,1.1858
1624274001163,-0.2598,-9.3710,4.1327,-1.6778,-0.0908,1.2689
1624274001173,-0.5158,-9.3375,4.0944,-1.5593,-0.1250,1.3141
1624274001183,-0.6642,-9.5337,4.1878,-1.4103,-0.1458,1.2982
1624274001192,-0.7120,-9.6151,4.2811,-1.2380,-0.1641,1.2848
1624274001202,-0.9729,-9.0719,4.0226,-1.1659,-0.1910,1.2897
1624274001211,-1.3964,-8.3181,3.7331,-1.1562,-0.2167,1.2762
1624274001221,-1.9754,-7.6458,3.7116,-1.2050,-0.2289,1.2335
1624274001231,-2.6119,-7.1145,3.6853,-1.2991,-0.2313,1.1553
1624274001240,-3.2030,-6.9877,3.0871,-1.2893,-0.2387,1.0551
1624274001248,-3.5882,-7.3538,2.5726,-1.0829,-0.2594,0.9610
1624274001257,-3.8849,-7.7032,2.0797,-0.7750,-0.2912,0.8694
1624274001267,-4.1122,-7.8683,1.4695,-0.4158,-0.3132,0.7692
1624274001277,-4.2678,-7.7032,1.1249,-0.0566,-0.3352,0.6739
1624274001287,-4.4161,-6.7508,1.3403,0.2231,-0.3596,0.5493
1624274001298,-4.6506,-5.5999,1.8213,0.4638,-0.3669,0.3941
1624274001308,-5.0287,-4.7768,2.6205,0.6104,-0.3621,0.2573
1624274001317,-5.6436,-4.4561,2.7186,0.6337,-0.3853,0.1474
1624274001327,-6.0480,-5.0232,2.4865,0.6312,-0.4561,0.0508
1624274001336,-6.1270,-5.7913,2.1347,0.4956,-0.5649,-0.0237
1624274001346,-5.9834,-6.0067,1.8882,0.2989,-0.6492,-0.1031
1624274001356,-5.9212,-5.9134,1.9911,0.1670,-0.6846,-0.1959
1624274001365,-5.8949,-6.0378,2.6061,0.1511,-0.6394,-0.2424
1624274001375,-6.0121,-6.4972,3.1206,0.1572,-0.5575,-0.2436
1624274001384,-6.1174,-7.0619,3.7355,0.1511,-0.4781,-0.2338
1624274001393,-6.1533,-7.4687,4.1590,0.1584,-0.4085,-0.2142
1624274001404,-6.0696,-7.5500,4.4510,0.1963,-0.3327,-0.1740
1624274001413,-5.9978,-7.2916,4.4510,0.2513,-0.2387,-0.1165
1624274001423,-5.9188,-6.8083,4.2595,0.2977,-0.1275,-0.0481
1624274001432,-5.7920,-6.3560,4.1232,0.3160,-0.0053,0.0435
1624274001442,-5.6341,-6.3249,4.2141,0.2451,0.1278,0.1266
1624274001452,-5.4809,-6.5570,4.3098,0.0546,0.2622,0.1669
1624274001461,-5.3948,-6.6456,4.1878,-0.2227,0.3734,0.1718
1624274001471,-5.4115,-6.6934,4.0035,-0.4622,0.4601,0.1706
1624274001480,-5.4618,-6.9399,3.8408,-0.5587,0.5371,0.1706
1624274001491,-5.4522,-7.2725,3.8432,-0.5062,0.6080,0.1437
1624274001500,-5.3780,-7.4543,3.7403,-0.3034,0.6593,0.0875
1624274001509,-5.1340,-7.8779,3.8217,0.1425,0.6911,0.0264
1624274001519,-4.8564,-8.2535,3.7953,0.8218,0.7130,-0.0383
1624274001529,-4.5501,-8.1913,3.8815,1.5927,0.7326,-0.1116
1624274001538,-4.1912,-7.3514,4.0059,2.1804,0.7289,-0.1727
1624274001548,-3.8371,-6.0737,3.8193,2.3832,0.6666,-0.2338
1624274001557,-3.6026,-4.7983,3.2450,2.1816,0.5530,-0.3670
1624274001565,-3.5116,-3.8675,2.6611,1.6978,0.4430,-0.5783
1624274001574,-3.4877,-3.5684,2.1108,1.1798,0.3856,-0.7763
1624274001584,-3.2795,-4.6643,2.2328,0.8707,0.3685,-0.8960
1624274001594,-2.8823,-6.9566,2.9746,0.9941,0.3746,-0.9852
1624274001605,-2.2961,-9.2346,3.6853,1.6123,0.3734,-1.1342
1624274001615,-1.5687,-10.3616,3.9796,2.5628,0.3612,-1.2674
1624274001625,-0.8293,-9.5648,4.4725,3.3544,0.2915,-1.2014
1624274001634,-0.6091,-7.3586,4.7931,3.5914,0.1315,-0.9827
1624274001644,-0.7144,-5.3798,4.9846,3.2433,-0.0872,-0.8996
1624274001654,-0.6235,-4.7313,4.7716,2.4174,-0.2435,-0.9986
1624274001663,-0.2383,-5.5449,4.8984,1.3581,-0.2704,-1.1415
1624274001673,0.1661,-7.0308,5.1880,0.4296,-0.2423,-1.2124
1624274001682,0.4892,-8.8398,5.1592,-0.0285,-0.2521,-1.1684
1624274001692,0.7643,-10.5363,5.4823,0.0179,-0.2961,-1.0780
1624274001701,0.9031,-11.1919,5.8508,0.3356,-0.2973,-1.0047
1624274001711,0.8242,-10.4765,6.3509,0.7424,-0.2631,-0.9241
1624274001721,0.6256,-9.3614,7.0065,1.0539,-0.2521,-0.7677
1624274001730,0.3480,-8.4210,6.9826,1.0918,-0.2766,-0.6211
1624274001740,0.1805,-7.9664,6.7768,0.8951,-0.2949,-0.5759
1624274001749,0.1207,-8.0765,6.4897,0.6165,-0.2851,-0.5429
1624274001759,0.1661,-8.2105,6.4538,0.3710,-0.2753,-0.4843
1624274001769,0.2283,-8.1794,6.4849,0.2293,-0.2704,-0.4146
1624274001778,0.1518,-8.4545,6.5614,0.1914,-0.2533,-0.3279
1624274001787,0.0656,-8.8063,6.7218,0.1572,-0.2399,-0.2778
1624274001798,0.0441,-8.9546,6.6763,0.1682,-0.2325,-0.2717
1624274001807,-0.0444,-8.8254,6.4274,0.2696,-0.2130,-0.2570
1624274001817,-0.1378,-8.6938,6.4370,0.4638,-0.1825,-0.2191
1624274001826,-0.2359,-8.5048,6.4322,0.7289,-0.1580,-0.1776
1624274001836,-0.4129,-8.1483,6.4968,1.0002,-0.1336,-0.1336
1624274001843,-0.6378,-7.5548,6.4801,1.2299,-0.0982,-0.0835
1624274001853,-0.6905,-6.9375,6.9371,1.3251,-0.0639,-0.0286
1624274001865,-0.8030,-6.6479,6.8581,1.2079,-0.0627,0.0386
1624274001874,-0.7168,-6.1143,7.2171,0.7900,-0.0798,0.0557
1624274001882,-0.7695,-6.3441,7.3582,0.1730,-0.0908,0.0447
1624274001892,-0.7168,-6.8944,7.1309,-0.3461,-0.1092,-0.0383
1624274001901,-0.7575,-7.3993,6.7983,-0.4977,-0.1153,-0.1104
1624274001911,-0.8077,-8.0310,7.0065,-0.2704,-0.1140,-0.0506
1624274001920,-0.9082,-8.1147,7.0280,0.0631,-0.1360,0.0423
1624274001932,-0.9633,-7.7917,7.0950,0.3624,-0.1593,0.0630
1624274001942,-1.0877,-7.3562,7.3822,0.4785,-0.1458,0.0630
1624274001951,-1.2337,-6.8394,7.5951,0.4186,-0.1177,0.0398
1624274001961,-1.0566,-6.2292,7.4970,0.3062,-0.1250,0.0069
1624274001971,-0.7144,-6.3632,7.1931,0.0851,-0.1617,0.0496
1624274001980,-0.4680,-7.2940,7.0280,-0.1360,-0.1617,0.0912
1624274001990,-0.2909,-7.7845,7.1070,-0.2240,-0.1140,0.0118
1624274001999,-0.3292,-7.8420,7.3535,-0.1739,-0.0701,0.0008
1624274002009,-0.3029,-7.8061,7.3726,-0.1372,-0.0688,0.0851
1624274002019,-0.2119,-7.3754,7.0783,-0.1653,-0.0639,0.0960
1624274002027,-0.1234,-7.0739,7.2721,-0.2423,-0.0114,0.0741
1624274002038,-0.0875,-7.3945,7.5114,-0.2997,0.0484,0.1009
1624274002045,0.1972,-7.5883,7.3535,-0.3596,0.0655,0.1339
1624274002057,0.4413,-7.2581,7.0926,-0.4512,0.0814,0.1791
1624274002066,0.4700,-7.3466,7.0496,-0.5942,0.1230,0.2915
1624274002076,0.3241,-7.7917,7.1596,-0.8837,0.1694,0.3868
1624274002085,0.3312,-8.2440,7.0950,-1.2173,0.2170,0.4051
1624274002093,0.5227,-8.8374,7.0424,-1.4689,0.2561,0.4247
1624274002103,0.7069,-9.5146,6.9563,-1.5801,0.2769,0.4907
1624274002113,0.7643,-9.6749,6.9275,-1.6167,0.2842,0.5603
1624274002124,0.8672,-9.3494,6.9826,-1.6375,0.2867,0.6568
1624274002134,0.8457,-9.4069,6.9706,-1.6497,0.2781,0.8059
1624274002143,0.9055,-9.7658,6.5399,-1.7719,0.2549,0.9146
1624274002153,1.1161,-9.8519,6.0829,-2.0651,0.2207,0.9745
1624274002163,1.0419,-9.6438,5.9082,-2.4255,0.2048,1.0135
1624274002172,0.6112,-9.2896,5.8914,-2.7065,0.1901,1.0661
1624274002182,0.1255,-9.0982,5.9369,-2.8385,0.1620,1.1382
1624274002190,-0.3124,-9.1221,5.9728,-2.8214,0.1278,1.1944
1624274002199,-0.6522,-9.1293,5.6163,-2.7444,0.0753,1.2151
1624274002209,-0.8436,-9.0073,5.0874,-2.6381,0.0032,1.2188
1624274002218,-1.0183,-8.7441,4.7979,-2.4805,-0.0823,1.1956
1624274002229,-1.2552,-8.6460,4.3911,-2.2276,-0.1483,1.1577
1624274002240,-1.5136,-8.6053,3.9892,-1.9149,-0.1886,1.1186
1624274002249,-1.9276,-8.2703,3.8551,-1.5667,-0.2032,1.0710
1624274002259,-2.3942,-7.8037,3.3622,-1.1452,-0.1959,1.0172
1624274002268,-2.8058,-7.6075,2.8956,-0.6674,-0.1886,0.9574
1624274002278,-3.1910,-7.2701,2.6755,-0.3193,-0.2045,0.8657
1624274002287,-3.7461,-6.3465,2.1873,-0.0322,-0.2191,0.7326
1624274002295,-4.3802,-5.7937,1.9026,0.3624,-0.2057,0.6141
1624274002307,-4.9282,-5.3463,2.2065,0.6471,-0.2057,0.5163
1624274002316,-5.2919,-4.9993,2.1156,0.7717,-0.2509,0.3868
1624274002326,-5.4738,-4.9323,2.3285,0.7864,-0.3059,0.2585
1624274002336,-5.5264,-4.9993,2.6061,0.6874,-0.3376,0.1474
1624274002345,-5.5862,-5.2314,2.8047,0.5384,-0.3315,0.0386
1624274002355,-5.7609,-5.5090,3.3215,0.3734,-0.2875,-0.0383
1624274002363,-6.0552,-5.4635,3.5991,0.1743,-0.2509,-0.1177
1624274002374,-6.3017,-5.6860,3.8528,0.0143,-0.2313,-0.1923
1624274002384,-6.3854,-6.0067,3.9389,-0.1067,-0.2118,-0.2118
1624274002393,-6.3974,-6.1502,3.8432,-0.2325,-0.2020,-0.2142
1624274002403,-6.3495,-6.2172,3.4364,-0.2606,-0.1922,-0.2057
1624274002412,-6.2179,-6.7628,3.2976,-0.2057,-0.1507,-0.1556
1624274002422,-6.0193,-7.0404,3.3335,-0.1397,-0.0762,-0.1397
1624274002432,-5.8040,-7.1169,3.5154,-0.0041,0.0338,-0.1544
1624274002441,-5.6006,-7.2055,3.7451,0.1376,0.1437,-0.1434
1624274002451,-5.4498,-7.3802,4.0226,0.2207,0.2341,-0.1239
1624274002461,-5.3254,-7.3443,4.3217,0.2329,0.3050,-0.1226
1624274002470,-5.3445,-7.1433,4.5299,0.2207,0.3795,-0.1275
1624274002480,-5.3278,-7.0906,4.5228,0.2390,0.4479,-0.1177
1624274002489,-5.1842,-7.3012,4.3217,0.2672,0.4870,-0.1043
1624274002499,-4.9378,-7.5811,4.1351,0.2952,0.5041,-0.1068
1624274002507,-4.7846,-7.6577,3.8863,0.3698,0.5261,-0.1287
1624274002516,-4.7296,-7.7750,3.8384,0.5860,0.5689,-0.1654
1624274002526,-4.6554,-7.9042,3.8049,0.9244,0.6116,-0.2082
1624274002535,-4.4783,-7.8755,3.6613,1.3154,0.6239,-0.2582
1624274002547,-4.2271,-7.6338,3.5967,1.6843,0.6104,-0.3059
1624274002557,-4.0309,-7.2653,3.7092,1.9788,0.5957,-0.3425
1624274002565,-3.8634,-6.7508,3.8432,2.1449,0.5786,-0.3938
1624274002576,-3.6743,-6.0856,4.2571,2.1413,0.5493,-0.4830
1624274002585,-3.4781,-5.4587,4.3792,2.0130,0.4968,-0.5930
1624274002595,-3.1431,-5.4228,4.4964,1.8395,0.4516,-0.6944
1624274002605,-2.7340,-6.1718,4.5467,1.6416,0.4174,-0.7836
1624274002614,-2.3655,-6.8250,4.6017,1.4315,0.3807,-0.8972
1624274002624,-2.1118,-7.2797,4.6424,1.3789,0.3563,-1.0145
1624274002633,-1.9467,-7.6075,4.7357,1.5292,0.3294,-1.0841
1624274002643,-1.7170,-7.5022,4.8003,1.6856,0.2598,-1.1049
1624274002653,-1.4873,-7.0619,5.0157,1.7833,0.1620,-1.1086
1624274002662,-1.2959,-6.3656,5.3602,1.8395,0.0826,-1.1024
1624274002672,-1.1547,-5.8966,5.4895,1.8334,0.0240,-1.0780
1624274002682,-0.9250,-5.9636,5.5541,1.7344,-0.0310,-1.0145
1624274002691,-0.5350,-6.5331,5.5373,1.5194,-0.0823,-0.9412
1624274002701,-0.0396,-7.4065,5.6258,1.1871,-0.1153,-0.8911
1624274002711,0.2331,-7.9329,5.8627,0.7363,-0.1324,-0.8826
1624274002720,0.3049,-8.1004,5.9106,0.3453,-0.1422,-0.9204
1624274002730,0.3265,-8.5646,6.0159,0.1645,-0.1495,-0.9302
1624274002739,0.3217,-8.8948,6.2169,0.0778,-0.1654,-0.8911
1624274002749,0.3863,-8.7967,6.5543,0.1010,-0.1751,-0.8434
1624274002758,0.4006,-8.4521,6.6260,0.2329,-0.1800,-0.7640
1624274002767,0.2307,-8.1722,6.5878,0.3661,-0.1849,-0.6504
1624274002778,0.0345,-8.1291,6.3102,0.4797,-0.1922,-0.5453
1624274002787,-0.0516,-8.2942,6.2001,0.5494,-0.1910,-0.4501
1624274002797,0.0465,-8.3588,6.1092,0.5494,-0.1812,-0.3609
1624274002806,0.2714,-8.1817,6.0302,0.4687,-0.1776,-0.2973
1624274002814,0.4198,-8.0430,6.1834,0.3185,-0.1702,-0.2436
1624274002824,0.2523,-8.1530,6.5016,0.1682,-0.1287,-0.1910
1624274002833,-0.1210,-8.4641,6.6260,0.0863,-0.0676,-0.1642
1624274002843,-0.5134,-8.6986,6.7624,0.1291,-0.0359,-0.1605
1624274002853,-0.7072,-8.2870,6.8246,0.2464,-0.0469,-0.1740
1624274002864,-0.8053,-7.6075,6.9634,0.3795,-0.0786,-0.1593
1624274002874,-0.8532,-7.1409,7.0735,0.4541,-0.1031,-0.1141
1624274002883,-0.9202,-6.9614,6.9395,0.4663,-0.1165,-0.1055
1624274002892,-0.9657,-6.9327,6.6619,0.4015,-0.1324,-0.1263
1624274002902,-0.9872,-6.6145,6.6308,0.3343,-0.1470,-0.1556
1624274002912,-0.9729,-6.3800,6.5854,0.3502,-0.1593,-0.1349
1624274002922,-0.8939,-6.3560,6.5567,0.3759,-0.1690,-0.0713
1624274002931,-0.7551,-6.8585,6.7361,0.4382,-0.1507,-0.0127
1624274002941,-0.6809,-7.2533,6.9156,0.4235,-0.1079,0.0081
1624274002951,-0.7048,-7.1098,7.2721,0.3857,-0.0627,-0.0163
1624274002960,-0.8149,-6.8561,7.7722,0.3380,-0.0359,-0.0286
1624274002970,-1.0063,-6.8920,8.0139,0.2109,-0.0359,0.0032
1624274002979,-1.0231,-7.4137,7.9541,0.0252,-0.0554,-0.0005
1624274002988,-0.8484,-7.2222,7.6980,-0.1727,-0.0725,-0.0909
1624274002999,-0.7216,-7.2916,7.5856,-0.2130,-0.0798,-0.1642
1624274003008,-0.7503,-7.0093,7.1285,-0.2289,-0.1153,-0.1349
1624274003018,-0.6020,-6.3584,6.5614,-0.3950,-0.1434,-0.0835
1624274003027,-0.4416,-6.5475,6.4968,-0.5538,-0.1104,-0.0713
1624274003037,-0.4751,-7.3754,6.7552,-0.6833,-0.0395,-0.0615
1624274003047,-0.5493,-7.9951,7.1692,-0.7298,0.0057,-0.0530
1624274003056,-0.5685,-8.1219,7.4827,-0.6430,0.0044,-0.0432
1624274003066,-0.4608,-8.1913,7.6573,-0.4805,-0.0188,-0.0151
1624274003075,-0.3555,-7.7391,7.1453,-0.4317,-0.0456,-0.0163
1624274003085,-0.4057,-7.2055,6.8988,-0.4329,-0.0469,-0.0432
1624274003095,-0.5900,-7.1887,6.8246,-0.4121,-0.0200,-0.0359
1624274003104,-0.5613,-7.3179,6.6524,-0.4586,-0.0188,0.0056
1624274003114,-0.4943,-6.8920,6.2097,-0.5538,-0.0285,-0.0114
1624274003121,-0.4823,-6.8346,6.3030,-0.5990,0.0069,0.0032
1624274003131,-0.4584,-7.2055,6.5662,-0.5990,0.0411,0.0557
1624274003141,-0.4369,-7.6027,6.5447,-0.6149,0.0387,0.0826
1624274003150,-0.3746,-7.7869,6.4179,-0.5600,0.0387,0.0838
1624274003160,-0.2981,-7.9449,6.4083,-0.4182,0.0496,0.1107
1624274003172,-0.2646,-8.1363,6.4681,-0.3095,0.0606,0.1877
1624274003181,-0.2694,-8.0047,6.4442,-0.2777,0.0765,0.2133
1624274003191,-0.2622,-7.8492,6.3461,-0.2985,0.1010,0.2072
1624274003200,-0.2215,-7.7606,6.1810,-0.3645,0.1107,0.2231
1624274003210,-0.2406,-7.8874,6.2719,-0.3950,0.1254,0.2488
1624274003220,-0.2813,-8.1291,6.4490,-0.3853,0.1498,0.2952
1624274003229,-0.1425,-8.1076,6.4633,-0.4378,0.1572,0.3282
1624274003239,-0.1138,-8.0478,6.3365,-0.4818,0.1547,0.3489
1624274003248,-0.1330,-8.0430,6.1451,-0.5538,0.1572,0.3746
1624274003258,-0.0540,-7.9257,5.9178,-0.6577,0.1498,0.3880
1624274003268,0.0226,-7.9520,5.7216,-0.7603,0.1474,0.3978
1624274003277,0.1637,-8.4067,5.5421,-0.8239,0.1523,0.4222
1624274003286,0.4341,-8.7967,5.3913,-0.9057,0.1425,0.4430
1624274003296,0.5586,-8.9881,5.3267,-1.0352,0.1230,0.4723
1624274003304,0.4916,-9.1149,5.1832,-1.1953,0.1083,0.5334
1624274003316,0.4006,-9.2346,5.1736,-1.3443,0.0814,0.5970
1624274003325,0.3911,-9.4332,5.3219,-1.4604,0.0496,0.6690
1624274003335,0.3958,-9.7921,5.3698,-1.5349,0.0142,0.7460
1624274003344,0.3217,-10.0960,5.3387,-1.6155,-0.0285,0.8254
1624274003354,0.1039,-10.0984,5.2430,-1.6729,-0.0725,0.8951
1624274003364,-0.1330,-9.8830,5.0420,-1.6620,-0.1079,0.9464
1624274003373,-0.3938,-9.7562,4.8769,-1.5569,-0.1446,1.0111
1624274003383,-0.6929,-9.5935,4.9008,-1.4494,-0.1678,1.0893
1624274003392,-0.9944,-9.3710,4.9247,-1.3089,-0.1849,1.1382
1624274003402,-1.1691,-9.0408,4.9104,-1.1891,-0.2081,1.1614
1624274003412,-1.3916,-8.5981,4.7836,-1.1281,-0.2423,1.1528
1624274003421,-1.5687,-8.5144,4.4773,-1.0731,-0.2619,1.1125
1624274003431,-1.6811,-8.4809,4.1806,-1.0437,-0.2802,1.0563
1624274003438,-1.9108,-8.0908,4.0322,-1.0401,-0.2888,0.9793
1624274003448,-2.2626,-7.7128,3.6565,-0.9680,-0.2839,0.9219
1624274003457,-2.6741,-7.4807,3.3455,-0.8336,-0.2814,0.8963
1624274003467,-3.1407,-7.1026,3.0942,-0.7725,-0.3071,0.8731
1624274003478,-3.5595,-6.7963,2.9794,-0.7799,-0.3389,0.8425
1624274003489,-4.0117,-6.3488,3.0799,-0.8446,-0.3657,0.7765
1624274003498,-4.4042,-6.2029,3.0320,-0.8324,-0.3792,0.6825
1624274003508,-4.7750,-6.5953,2.9339,-0.7261,-0.4121,0.5811
1624274003517,-5.0646,-6.6503,2.8645,-0.6210,-0.4635,0.4650
1624274003527,-5.2751,-6.5833,2.8023,-0.4756,-0.5270,0.3477
1624274003537,-5.3924,-6.5283,3.0224,-0.2545,-0.5649,0.2549
1624274003546,-5.5168,-5.9923,3.1349,-0.0798,-0.5746,0.1767
1624274003556,-5.7035,-5.2864,3.2211,0.0509,-0.5575,0.1131
1624274003565,-5.9284,-4.7528,3.0775,0.1694,-0.5221,0.0741
1624274003575,-6.0839,-4.5590,2.7784,0.1841,-0.5001,0.0374
1624274003585,-5.9021,-5.1237,2.8167,0.1303,-0.4830,0.0044
1624274003594,-5.6125,-5.9851,3.0512,0.0179,-0.4341,-0.0481
1624274003604,-5.5025,-6.1790,4.1016,-0.0871,-0.3168,-0.1177
1624274003613,-5.6508,-5.8272,4.9654,-0.1739,-0.1678,-0.1642
1624274003623,-5.8351,-5.5449,5.4823,-0.3254,-0.0811,-0.1886
1624274003633,-5.8781,-5.5855,5.5182,-0.5734,-0.0603,-0.2094
1624274003642,-5.6915,-6.1479,5.1042,-0.8348,-0.0273,-0.1959
1624274003652,-5.3948,-7.0236,4.6208,-0.9704,0.0594,-0.1605
1624274003662,-5.2608,-8.0286,4.2811,-0.8801,0.1938,-0.1116
1624274003671,-5.2943,-8.4880,4.0155,-0.6259,0.3416,-0.0506
1624274003681,-5.2536,-9.0958,4.0681,-0.2631,0.4760,0.0179
1624274003691,-5.1531,-8.8374,4.2236,0.1303,0.5835,0.0252
1624274003700,-5.0694,-8.3445,4.3385,0.5164,0.6862,0.0142
1624274003709,-4.9808,-8.1889,4.3720,0.8927,0.7863,0.0191
1624274003719,-4.8875,-8.1483,4.3887,1.1688,0.8670,-0.0102
1624274003729,-4.8205,-7.8635,4.2787,1.4547,0.9427,-0.0848
1624274003738,-4.7655,-7.4974,4.1495,1.8053,1.0014,-0.1715
1624274003748,-4.7272,-7.1313,4.0179,2.1400,1.0282,-0.2533
1624274003756,-4.6387,-6.8059,3.9269,2.3673,1.0185,-0.3450
1624274003765,-4.4496,-6.6767,3.7834,2.5212,0.9794,-0.4671
1624274003775,-4.1529,-6.5020,3.6183,2.5334,0.9244,-0.5954
1624274003784,-3.8371,-5.9827,3.3455,2.4003,0.8572,-0.7176
1624274003795,-3.4973,-5.6501,3.4675,2.2708,0.7827,-0.8251
1624274003806,-3.2724,-5.8655,3.6302,2.1682,0.7118,-0.9058
1624274003815,-3.0498,-6.3512,3.8408,2.0704,0.6593,-0.9693
1624274003825,-2.7890,-6.9806,4.1925,2.0741,0.6153,-1.0450
1624274003834,-2.3990,-7.7295,4.4725,2.2048,0.5664,-1.1159
1624274003843,-1.8773,-8.1363,4.7668,2.3209,0.4809,-1.1489
1624274003852,-1.3677,-7.7247,4.9535,2.2537,0.3477,-1.1513
1624274003863,-1.1260,-6.9207,5.1473,2.1351,0.2292,-1.1660
1624274003873,-1.1738,-6.3967,5.5660,2.0240,0.1608,-1.2002
1624274003883,-1.2552,-6.2890,5.7072,1.8627,0.1034,-1.2173
1624274003892,-1.1427,-6.3919,5.7240,1.6281,0.0142,-1.2124
1624274003902,-0.7336,-6.6312,5.4464,1.3826,-0.0921,-1.1806
1624274003911,-0.1976,-7.0188,5.0181,1.1529,-0.1715,-1.1538
1624274003921,0.2379,-7.5309,4.9343,0.9232,-0.1971,-1.1159
1624274003930,0.5586,-7.9616,5.0803,0.6862,-0.1996,-1.0658
1624274003940,0.5992,-8.0765,5.4344,0.4760,-0.2020,-1.0365
1624274003949,0.5992,-8.2416,6.2767,0.3575,-0.1947,-0.9913
1624274003959,0.4461,-8.2392,6.7002,0.3160,-0.1849,-0.9131
1624274003969,0.2475,-8.2894,6.9323,0.2904,-0.1861,-0.8141
1624274003979,0.2212,-8.2942,7.0233,0.2244,-0.2057,-0.7090
1624274003988,0.2762,-8.1483,6.8246,0.1242,-0.2252,-0.6516
1624274003998,0.3241,-8.2464,6.7457,0.0680,-0.2167,-0.5893
1624274004007,0.4294,-8.4713,6.6476,0.0387,-0.1874,-0.5062
1624274004017,0.4628,-8.6436,6.4561,0.0472,-0.1629,-0.4281
1624274004027,0.4078,-8.6866,6.3198,0.0692,-0.1397,-0.3511
1624274004036,0.3312,-8.6029,6.1834,0.1034,-0.1092,-0.2839
1624274004046,0.2499,-8.4593,6.2839,0.0937,-0.0786,-0.2265
1624274004053,0.0991,-8.1291,6.3724,0.0387,-0.0530,-0.1874
1624274004065,-0.1617,-7.7726,6.4992,-0.0480,-0.0310,-0.1752
1624274004072,-0.4393,-7.6051,6.7600,-0.0932,-0.0029,-0.1507
1624274004082,-0.6546,-7.6051,7.0185,-0.1152,0.0130,-0.1190
1624274004093,-0.7407,-7.6745,7.0280,-0.0994,0.0118,-0.0970
1624274004101,-0.7790,-7.4687,6.8845,-0.0945,-0.0017,-0.0774
1624274004113,-0.8747,-7.3371,6.9132,-0.0603,-0.0114,-0.0506
1624274004123,-0.9968,-7.3849,7.0591,-0.0236,-0.0151,-0.0273
1624274004131,-1.0518,-7.4639,7.0687,-0.0285,-0.0383,-0.0347
1624274004141,-1.0183,-7.4160,6.8725,-0.0285,-0.0664,-0.0664
1624274004151,-0.9250,-7.3706,6.7313,0.0045,-0.0860,-0.0909
1624274004161,-0.9752,-7.1505,6.2575,0.0680,-0.0970,-0.1031
1624274004171,-1.0997,-6.8466,5.8340,0.1217,-0.0933,-0.0860
1624274004180,-1.1332,-7.1217,6.1738,0.2574,-0.0701,-0.0347
1624274004190,-1.1164,-7.3586,6.5255,0.3710,-0.0627,0.0044
1624274004199,-1.0375,-7.2533,6.8270,0.3270,-0.0823,-0.0017
1624274004209,-0.9657,-6.8777,6.9897,0.1999,-0.0896,-0.0457
1624274004219,-1.0351,-6.6815,7.1501,0.0533,-0.0994,-0.0860
1624274004228,-1.1356,-6.8777,7.1237,-0.0578,-0.1140,-0.1006
1624274004238,-1.1427,-7.1457,7.1214,-0.0945,-0.1238,-0.1226
1624274004247,-0.9393,-7.0499,6.7864,-0.0810,-0.1434,-0.1642
1624274004257,-0.7336,-7.0260,6.5327,-0.0432,-0.1532,-0.1776
1624274004266,-0.6929,-7.0882,6.3580,-0.0053,-0.1446,-0.1629
1624274004276,-0.6666,-7.0619,6.6021,-0.0700,-0.1311,-0.1226
1624274004286,-0.4919,-7.1241,6.5208,-0.2545,-0.1348,-0.0664
1624274004295,-0.2813,-7.0643,6.5830,-0.5319,-0.1397,-0.0823
1624274004303,-0.2359,-7.4400,6.6572,-0.6907,-0.0835,-0.1141
1624274004315,-0.2598,-7.8850,6.7409,-0.7383,-0.0322,-0.1019
1624274004325,-0.2598,-7.9616,6.8845,-0.6662,-0.0322,-0.0799
1624274004334,-0.1952,-7.8755,6.8486,-0.5453,-0.0420,-0.0396
1624274004343,-0.0899,-7.6984,6.7002,-0.4414,-0.0420,-0.0151
1624274004353,-0.1641,-7.6242,6.5088,-0.3425,-0.0249,-0.0054
1624274004362,-0.2741,-7.5596,6.3174,-0.2496,0.0057,0.0228
1624274004372,-0.2646,-7.6840,6.3006,-0.1995,0.0167,0.0679
1624274004382,-0.0755,-7.4017,6.2910,-0.2276,0.0264,0.0960
1624274004390,0.0297,-7.1696,6.4442,-0.3376,0.0545,0.1058
1624274004399,-0.0229,-7.3084,6.6619,-0.4769,0.0900,0.1290
1624274004409,0.0154,-7.5046,6.6548,-0.6870,0.1010,0.1400
1624274004418,0.1183,-7.9138,6.7050,-0.8580,0.1046,0.1241
1624274004428,0.2236,-8.4258,6.5806,-0.9497,0.1120,0.1205
1624274004439,0.3384,-8.8422,6.3509,-0.9619,0.1168,0.1339
1624274004449,0.5681,-9.0862,6.0613,-0.8813,0.1181,0.1718
1624274004460,0.8050,-9.2777,5.7622,-0.7921,0.1230,0.2598
1624274004468,0.9677,-9.2107,5.6234,-0.7676,0.1303,0.3624
1624274004478,1.0252,-9.2274,5.8292,-0.7884,0.1596,0.4809
1624274004488,0.9366,-9.3494,6.0542,-0.8727,0.1853,0.5921
1624274004497,0.9055,-9.4930,6.0518,-1.0364,0.1755,0.6727
1624274004507,0.9438,-9.5409,5.9369,-1.1855,0.1535,0.7264
1624274004517,0.9917,-9.7491,5.8460,-1.2783,0.1437,0.8071
1624274004524,0.9701,-9.8424,5.4727,-1.4017,0.1230,0.8999
1624274004535,0.8936,-9.8232,5.1640,-1.5593,0.0790,0.9855
1624274004545,0.6279,-9.7538,5.1473,-1.7548,0.0362,1.0673
1624274004553,0.2906,-9.7060,5.1234,-1.9051,0.0081,1.1333
1624274004564,-0.0588,-9.6366,4.8338,-1.9991,-0.0395,1.1761
1624274004574,-0.2813,-9.5409,4.4342,-2.0651,-0.1165,1.2115
1624274004584,-0.3699,-9.3877,3.9963,-2.1225,-0.1922,1.2457
1624274004593,-0.5397,-9.0695,3.8169,-2.1494,-0.2533,1.2677
1624274004603,-0.8676,-8.8709,3.8145,-2.1054,-0.2875,1.2946
1624274004613,-1.2959,-8.9092,3.8145,-1.9808,-0.3144,1.3227
1624274004622,-1.6931,-8.9187,3.9198,-1.8110,-0.3657,1.3288
1624274004632,-2.0496,-8.7369,3.9365,-1.6155,-0.4329,1.3117
1624274004642,-2.2793,-8.6890,3.6326,-1.3541,-0.4904,1.2848
1624274004651,-2.5138,-8.3301,3.3933,-1.1256,-0.5527,1.2274
1624274004660,-2.8464,-7.5572,3.1349,-0.9130,-0.6027,1.1418
1624274004671,-3.3106,-7.0452,2.4123,-0.6736,-0.6198,1.0856
1624274004680,-3.8107,-6.9638,2.0199,-0.4304,-0.6467,1.0356
1624274004690,-4.3036,-6.6456,2.0677,-0.2936,-0.6809,0.9402
1624274004699,-4.6889,-6.2172,2.0797,-0.2399,-0.7103,0.8181
1624274004707,-4.9545,-5.8799,2.0510,-0.1531,-0.7396,0.7032
1624274004716,-5.1005,-6.0665,2.1921,-0.0371,-0.7713,0.6031
1624274004726,-5.1962,-5.9732,2.2831,0.0802,-0.7848,0.4809
1624274004735,-5.3015,-5.7195,2.4482,0.2659,-0.7408,0.3697
1624274004747,-5.3039,-5.8033,2.7497,0.5701,-0.6687,0.2903
1624274004757,-5.2656,-6.0713,3.1780,0.8035,-0.5979,0.2390
1624274004766,-5.2249,-6.0473,3.4077,0.8426,-0.5368,0.1828
1624274004776,-5.2512,-6.0450,3.8001,0.7632,-0.4708,0.1131
1624274004786,-5.3780,-5.7961,4.3433,0.6214,-0.3877,0.0423
1624274004795,-5.4881,-5.5592,4.8410,0.4467,-0.3010,-0.0212
1624274004805,-5.6508,-5.4085,5.3315,0.2146,-0.2362,-0.0615
1624274004814,-5.8064,-5.2099,5.4057,-0.0823,-0.2032,-0.0945
1624274004824,-5.6747,-5.8272,4.9965,-0.3205,-0.1886,-0.1031
1624274004833,-5.4020,-6.6958,4.3577,-0.4280,-0.1532,-0.0774
1624274004843,-5.2512,-7.2509,3.8001,-0.3767,-0.0456,-0.0640
1624274004852,-5.0813,-7.7151,3.7164,-0.1519,0.1388,-0.0677
1624274004862,-5.0263,-7.6936,3.8073,0.0900,0.3575,-0.0994
1624274004872,-5.0550,-7.6697,3.8958,0.2745,0.5359,-0.1373
