1624274062684,-1.1667,2.6290,9.5525,-0.0468,0.0484,-0.0823
1624274062686,-1.1404,2.8037,9.5860,-0.0334,0.0472,-0.0835
1624274062687,-1.1308,2.8803,9.5644,-0.0676,0.0704,-0.1165
1624274062714,-1.1021,2.9377,9.5931,-0.1336,0.1120,-0.1666
1624274062715,-1.0303,2.8970,9.5740,-0.1739,0.1266,-0.1593
1624274062717,-1.0327,2.5118,9.3467,-0.1494,0.0826,-0.0383
1624274062747,-1.1738,2.3682,9.1983,-0.1055,0.0496,0.0252
1624274062748,-1.2361,2.5572,9.2725,-0.1030,0.0619,-0.0212
1624274062749,-1.1954,2.5524,9.3826,-0.1226,0.0680,-0.0664
1624274062750,-1.1475,2.3945,9.4831,-0.1214,0.0496,-0.0725
1624274062762,-1.1714,2.2964,9.4400,-0.0981,0.0301,-0.0579
1624274062781,-1.2313,2.4041,9.3898,-0.0639,0.0215,-0.0603
1624274062782,-1.2720,2.4783,9.2701,-0.0505,0.0130,-0.0615
1624274062794,-1.2935,2.5118,9.1648,-0.0590,-0.0005,-0.0481
1624274062799,-1.3174,2.5477,9.0859,-0.0871,-0.0127,-0.0420
1624274062805,-1.3270,2.5477,9.1840,-0.1238,-0.0139,-0.0383
1624274062820,-1.2767,2.5572,9.3156,-0.1678,-0.0163,-0.0359
1624274062824,-1.2528,2.6242,9.5357,-0.2154,-0.0224,-0.0420
1624274062833,-1.2384,2.4950,9.7535,-0.2289,-0.0200,-0.0481
1624274062846,-1.2193,2.2797,9.7582,-0.1849,-0.0175,-0.0603
1624274062853,-1.2289,2.3610,9.7247,-0.0945,-0.0188,-0.0811
1624274062863,-1.2648,2.6434,9.6936,-0.0114,-0.0151,-0.0860
1624274062872,-1.2600,2.9377,9.5070,-0.0102,-0.0102,-0.0750
1624274062884,-1.2169,2.9640,9.3491,-0.0774,0.0044,-0.0701
1624274062891,-1.1547,2.9927,9.2318,-0.1910,0.0338,-0.0701
1624274062902,-1.1667,3.3229,9.0547,-0.3449,0.0655,-0.0799
1624274062912,-1.1451,3.5933,9.0500,-0.5209,0.1095,-0.0811
1624274062921,-1.1427,3.6220,9.1768,-0.7554,0.1596,-0.0799
1624274062931,-1.1547,3.5527,9.3419,-1.0877,0.2060,-0.1006
1624274062939,-1.0710,3.3875,9.6027,-1.4518,0.2439,-0.1568
1624274062949,-0.9872,2.9879,9.7894,-1.7230,0.2720,-0.2521
1624274062959,-1.0590,2.7534,9.8851,-1.8855,0.2818,-0.3658
1624274062968,-1.0901,2.8707,10.0406,-1.9869,0.2964,-0.4635
1624274062978,-1.1021,3.4306,9.7582,-2.0957,0.3148,-0.5405
1624274062987,-1.0016,3.9690,9.5357,-2.2667,0.3734,-0.5771
1624274062998,-0.8030,3.4211,9.9329,-2.4072,0.5041,-0.5649
1624274063007,-0.6570,2.4209,10.6819,-2.6112,0.6617,-0.5612
1624274063017,-0.7120,1.4374,11.4667,-2.8800,0.7949,-0.5966
1624274063026,-0.9178,0.6908,11.7610,-3.1720,0.8999,-0.6516
1624274063036,-1.1308,0.5066,11.7084,-3.4921,0.9867,-0.7213
1624274063045,-1.4059,0.2505,11.2825,-3.7658,1.0918,-0.7982
1624274063055,-1.6859,-0.4840,10.8781,-3.9906,1.2298,-0.8459
1624274063067,-1.9731,-1.5369,10.6603,-4.1347,1.3960,-0.8593
1624274063074,-2.3392,-1.9149,10.7130,-4.2581,1.5462,-0.9033
1624274063083,-3.0761,-2.8769,9.7535,-4.1885,1.6489,-0.9241
1624274063093,-3.6720,-3.8220,9.2270,-4.0138,1.7063,-0.8386
1624274063103,-4.0835,-3.8890,8.6647,-3.9111,1.7515,-0.7897
1624274063112,-4.3204,-4.2001,8.2603,-3.8855,1.7796,-0.7640
1624274063123,-4.5477,-4.7241,7.8607,-3.9918,1.8004,-0.7176
1624274063131,-4.7679,-5.1788,7.7531,-4.0920,1.7979,-0.7152
1624274063141,-4.6817,-5.5401,7.7028,-4.0455,1.7430,-0.7372
1624274063151,-4.5094,-6.0785,7.3870,-3.7658,1.6440,-0.7090
1624274063160,-4.2678,-6.4374,7.1237,-3.2636,1.5291,-0.6467
1624274063171,-4.3300,-6.6647,6.8390,-2.6564,1.4216,-0.5343
1624274063181,-4.5645,-6.7939,6.6141,-1.9882,1.3019,-0.4256
1624274063191,-4.5741,-6.6001,6.2049,-1.3394,1.1443,-0.3658
1624274063201,-4.3922,-6.3919,5.7527,-0.8495,0.9672,-0.3181
1624274063211,-4.2558,-6.1263,5.3818,-0.5880,0.8083,-0.2692
1624274063220,-4.1170,-5.9181,5.1042,-0.5184,0.6593,-0.2436
1624274063229,-4.0692,-5.7482,4.8410,-0.5978,0.5249,-0.2778
1624274063239,-4.4018,-5.6908,4.7142,-0.7139,0.4272,-0.3523
1624274063249,-4.6363,-5.6358,4.6208,-0.7921,0.3416,-0.4623
1624274063258,-4.4688,-5.4731,4.5586,-0.8642,0.2354,-0.5502
1624274063268,-4.1362,-5.1764,4.3313,-0.9301,0.1266,-0.5783
1624274063277,-3.9950,-4.9132,4.0514,-0.9778,0.0716,-0.5771
1624274063287,-3.9782,-4.7146,3.6542,-1.0022,0.0643,-0.6089
1624274063296,-3.8993,-4.9084,3.6518,-0.9692,0.0692,-0.6553
1624274063306,-3.7078,-5.2649,3.8049,-0.8801,0.0472,-0.6834
1624274063316,-3.4805,-5.6932,4.1423,-0.7566,0.0240,-0.6700
1624274063326,-3.2939,-6.0713,4.6448,-0.5893,0.0057,-0.6321
1624274063335,-3.0714,-6.2818,5.0970,-0.4121,-0.0383,-0.5759
1624274063345,-2.9254,-6.2340,5.3387,-0.2618,-0.0908,-0.5111
1624274063354,-2.8919,-6.3488,5.4296,-0.0981,-0.1397,-0.4671
1624274063364,-2.9421,-6.4493,5.4153,0.0778,-0.1764,-0.4427
1624274063374,-2.9350,-6.2627,5.3889,0.2500,-0.2216,-0.4281
1624274063383,-2.8321,-5.7722,5.4823,0.4443,-0.2729,-0.4097
1624274063393,-2.7435,-5.2194,5.4871,0.6092,-0.3181,-0.3560
1624274063402,-2.6119,-5.0232,5.6234,0.6532,-0.3376,-0.2570
1624274063412,-2.4181,-5.3008,5.6474,0.5628,-0.3389,-0.1849
1624274063422,-2.3009,-5.8990,5.7096,0.3429,-0.3327,-0.1678
1624274063431,-2.2243,-6.5714,5.9776,0.0998,-0.3132,-0.1898
1624274063439,-2.1884,-7.0930,6.2767,-0.0639,-0.3120,-0.2521
1624274063448,-2.1142,-7.2055,6.3222,-0.0798,-0.3340,-0.3218
1624274063458,-2.0783,-6.9303,6.0135,-0.0004,-0.3669,-0.3560
1624274063468,-2.0568,-6.9806,5.9106,0.1670,-0.3938,-0.3389
1624274063478,-1.9994,-7.1289,5.6306,0.3734,-0.4012,-0.3157
1624274063489,-1.8845,-7.2103,5.8244,0.5714,-0.3706,-0.3132
1624274063499,-1.6787,-6.8681,6.3509,0.7143,-0.3266,-0.3218
1624274063508,-1.5567,-6.0163,7.0974,0.6703,-0.2924,-0.3193
1624274063518,-1.4107,-5.7291,7.3989,0.4541,-0.2631,-0.2949
1624274063527,-1.2672,-6.3465,7.3271,0.1376,-0.2375,-0.2973
1624274063537,-1.2289,-7.0045,6.9084,-0.1751,-0.1983,-0.3511
1624274063546,-1.3868,-7.1361,6.5160,-0.3168,-0.1336,-0.4036
1624274063556,-1.5854,-7.3036,6.5279,-0.2472,-0.0847,-0.3853
1624274063565,-1.7840,-7.0284,6.8462,-0.1165,-0.0921,-0.3572
1624274063575,-1.8056,-6.3871,7.1166,-0.0884,-0.1214,-0.3511
1624274063584,-1.5854,-6.1909,7.1429,-0.2032,-0.1458,-0.3535
1624274063595,-1.4323,-6.3728,7.0687,-0.4610,-0.1751,-0.3706
1624274063602,-1.3940,-6.8561,7.0209,-0.7285,-0.1849,-0.3890
1624274063612,-1.4059,-7.2773,6.9778,-0.8373,-0.1788,-0.4036
1624274063621,-1.4562,-8.0166,6.8534,-0.7603,-0.1935,-0.3963
1624274063633,-1.5399,-8.1363,6.5351,-0.5734,-0.2338,-0.4293
1624274063642,-1.6285,-7.6888,6.0542,-0.3205,-0.2680,-0.4501
1624274063652,-1.6213,-7.1648,5.4847,-0.0199,-0.2802,-0.4110
1624274063661,-1.5160,-7.1026,5.1090,0.2378,-0.2851,-0.3181
1624274063670,-1.3389,-7.3514,5.0827,0.3844,-0.2851,-0.2253
1624274063681,-1.1499,-7.7534,5.8651,0.3612,-0.2741,-0.1862
1624274063691,-1.0327,-7.8372,6.2623,0.1865,-0.2435,-0.1972
1624274063700,-0.9848,-7.5668,6.6572,0.0350,-0.1922,-0.2656
1624274063710,-1.1451,-7.2844,6.8294,0.0631,-0.1385,-0.2986
1624274063720,-1.3150,-7.1289,7.3559,0.1144,-0.1250,-0.2277
1624274063729,-1.2217,-7.1552,7.2865,0.0313,-0.1605,-0.1312
1624274063739,-0.8269,-7.3347,6.4274,-0.1959,-0.2020,-0.1495
1624274063752,-0.6283,-7.1241,6.0924,-0.4598,-0.1605,-0.1886
1624274063755,-0.5924,-8.1698,6.0972,-0.5490,-0.0175,-0.0933
1624274063765,-0.8221,-8.3851,6.4346,-0.4854,0.0814,-0.0139
1624274063775,-1.2815,-7.6936,6.5878,-0.4048,0.1217,-0.0310
1624274063786,-1.5782,-7.2486,6.9515,-0.2325,0.1156,0.0118
1624274063796,-1.6046,-6.9686,7.1740,-0.1898,0.0423,0.0521
1624274063806,-1.3677,-7.3802,7.0855,-0.2838,-0.0273,0.0777
1624274063815,-1.2504,-7.2198,6.7481,-0.4598,-0.0554,0.0118
1624274063824,-1.3772,-7.1839,6.5064,-0.5734,-0.0261,-0.0212
1624274063833,-1.4586,-7.0523,6.0781,-0.6296,-0.0273,-0.0054
1624274063844,-1.3820,-7.2677,6.3078,-0.6003,-0.0481,-0.0029
1624274063853,-1.2791,-7.2916,6.3509,-0.5380,-0.0334,-0.0005
1624274063863,-1.1523,-7.2797,6.6882,-0.5221,-0.0078,-0.0090
1624274063873,-1.1547,-6.8824,7.1381,-0.5294,0.0020,-0.0188
1624274063883,-1.2074,-6.9040,7.3726,-0.5087,0.0130,0.0008
1624274063892,-1.1499,-7.2629,7.3152,-0.4488,0.0020,0.0301
1624274063902,-1.0757,-7.4448,6.9395,-0.4952,-0.0310,0.0411
1624274063912,-0.9202,-7.7175,6.7792,-0.5942,-0.0310,0.0362
1624274063921,-0.8939,-7.7271,6.4322,-0.6626,0.0044,-0.0163
1624274063931,-0.8604,-7.6864,6.2791,-0.6479,0.0411,-0.0139
1624274063940,-0.6546,-8.0789,6.1810,-0.6345,0.0851,0.0594
1624274063950,-0.5924,-8.2057,6.0278,-0.6968,0.1413,0.0863
1624274063960,-0.6187,-8.3110,6.4849,-0.7970,0.2268,0.0814
1624274063969,-0.6738,-8.6244,7.0185,-0.9069,0.3050,0.1131
1624274063979,-0.6905,-8.7895,7.1716,-1.1109,0.3319,0.1400
1624274063988,-0.7240,-8.9044,6.8821,-1.3235,0.3319,0.1413
1624274063998,-0.6091,-9.1365,6.5064,-1.4151,0.3294,0.1400
1624274064008,-0.4010,-9.2729,5.7407,-1.4029,0.3172,0.1742
1624274064017,-0.1378,-9.4906,5.1401,-1.3748,0.3160,0.2732
1624274064027,0.1183,-9.6031,4.8051,-1.4261,0.3270,0.3868
1624274064036,0.2977,-9.8902,4.9654,-1.6106,0.3306,0.4845
1624274064046,0.2786,-10.4860,4.9415,-1.8648,0.3038,0.5566
1624274064053,0.3001,-10.9096,4.8099,-2.0761,0.2280,0.5982
1624274064063,0.3934,-11.1584,4.5634,-2.1445,0.1303,0.6519
1624274064073,0.3934,-10.9144,4.0442,-2.1274,0.0032,0.7362
1624274064084,0.2379,-10.3951,3.7738,-2.1164,-0.1348,0.8327
1624274064092,-0.1282,-9.8591,3.6446,-2.1262,-0.2692,0.9012
1624274064102,-0.3818,-9.4906,3.2378,-2.1152,-0.4073,0.9610
1624274064112,-0.4321,-9.4787,2.7353,-1.9759,-0.5307,1.0123
1624274064122,-0.4919,-9.7299,2.1012,-1.6803,-0.6174,1.0490
1624274064131,-0.5134,-9.9476,1.5054,-1.3260,-0.6895,1.0979
1624274064140,-0.6378,-9.3901,1.2613,-1.1036,-0.7518,1.1284
1624274064152,-1.2696,-8.4091,1.4647,-1.0034,-0.7616,1.1406
1624274064161,-1.9946,-7.5620,1.7064,-1.0242,-0.7933,1.1418
1624274064171,-2.5330,-7.1576,1.6514,-1.1122,-0.8446,1.1113
1624274064181,-2.9469,-7.1672,1.6873,-1.1622,-0.8850,1.0294
1624274064191,-3.2724,-7.2773,1.4623,-1.1769,-0.9326,0.9146
1624274064200,-3.5212,-7.2079,1.3690,-1.0987,-0.9876,0.7888
1624274064210,-3.7126,-6.9806,1.2924,-0.9387,-1.0438,0.6764
1624274064219,-3.8873,-6.6001,1.3403,-0.7848,-1.0902,0.5921
1624274064229,-4.0141,-6.0163,1.2254,-0.7249,-1.1440,0.5065
1624274064238,-4.1864,-5.5425,1.1178,-0.7493,-1.1745,0.3831
1624274064248,-4.3396,-5.6741,1.2398,-0.7786,-1.1928,0.2732
1624274064258,-4.5023,-5.8272,1.5891,-0.8434,-1.2075,0.1425
1624274064267,-4.6171,-6.1263,1.6849,-0.8300,-1.2087,0.0276
1624274064277,-4.5860,-6.6264,2.3094,-0.6809,-1.1977,-0.0298
1624274064286,-4.6817,-6.8083,2.9531,-0.5038,-1.1782,-0.0603
1624274064296,-4.9066,-6.7197,3.4388,-0.3095,-1.1537,-0.0933
1624274064304,-5.0717,-6.8370,3.4603,-0.0542,-1.1330,-0.1226
1624274064315,-4.9545,-6.9399,3.3359,0.1999,-1.1207,-0.1642
1624274064325,-4.7846,-6.6934,3.3814,0.4492,-1.1024,-0.2314
1624274064333,-4.7415,-6.5092,3.3527,0.6764,-1.0755,-0.2815
1624274064344,-4.7057,-6.5331,3.2761,0.8035,-1.0707,-0.3242
1624274064354,-4.5166,-6.6240,3.7499,0.7913,-1.0658,-0.4012
1624274064364,-4.2726,-6.8872,4.4462,0.6691,-1.0401,-0.4867
1624274064372,-4.1553,-7.0523,5.2215,0.4993,-1.0047,-0.5637
1624274064380,-4.1051,-7.3562,5.7718,0.4137,-0.9570,-0.6064
1624274064390,-3.9639,-7.7702,6.1427,0.3783,-0.9045,-0.5918
1624274064399,-3.8012,-7.9162,6.4561,0.2586,-0.8508,-0.5649
1624274064411,-3.8323,-8.1913,6.5303,0.0961,-0.7823,-0.5600
1624274064421,-3.8753,-8.8398,6.4035,-0.0884,-0.6882,-0.5673
1624274064431,-3.7988,-9.5744,6.2647,-0.2179,-0.5600,-0.5869
1624274064440,-3.7605,-9.9285,6.0278,-0.1690,-0.3865,-0.5808
1624274064450,-3.8323,-9.7682,5.8292,0.0252,-0.2008,-0.4940
1624274064459,-3.9974,-8.4761,5.0611,0.2024,-0.0395,-0.3364
1624274064469,-3.9543,-6.9901,4.8865,0.2317,0.1303,-0.1214
1624274064478,-3.8801,-7.0236,5.3531,0.0167,0.3575,0.1413
1624274064488,-3.8825,-7.9712,6.0565,-0.6223,0.6275,0.3159
1624274064498,-4.0763,-9.2705,6.3868,-1.3590,0.8926,0.3428
1624274064507,-4.2797,-10.0027,6.3987,-1.7267,1.1309,0.3318
1624274064516,-4.4783,-10.5722,6.1690,-1.6045,1.3251,0.4296
1624274064525,-4.5549,-9.7610,5.5469,-1.2942,1.4522,0.5395
1624274064536,-4.4066,-8.7728,4.7716,-0.8923,1.5365,0.5860
1624274064546,-4.4113,-8.3277,4.2619,-0.4256,1.6037,0.5933
1624274064553,-4.4209,-7.7367,3.6565,-0.0297,1.6648,0.5383
1624274064565,-4.3922,-7.7534,3.5919,0.5481,1.7027,0.4284
1624274064574,-4.1816,-7.9233,3.5489,1.2848,1.6855,0.3037
1624274064584,-3.7820,-8.1100,3.3168,2.1449,1.6391,0.1657
1624274064593,-3.3561,-8.5861,2.6492,3.1419,1.5866,0.0166
1624274064601,-3.0881,-8.8206,1.9289,4.0081,1.4949,-0.1104
1624274064611,-3.0737,-8.1985,1.6298,4.5639,1.3447,-0.2240
1624274064621,-3.1360,-7.3849,1.8595,4.9549,1.1700,-0.3658
1624274064631,-3.0690,-7.0715,2.4554,5.2591,0.9843,-0.5197
1624274064642,-2.7579,-6.8944,2.8765,5.3898,0.7619,-0.6785
1624274064651,-2.2482,-7.1122,3.0177,5.4192,0.5298,-0.8141
1624274064661,-1.6716,-7.3036,2.9267,5.2616,0.3025,-0.8862
1624274064670,-1.1332,-6.9136,2.9770,4.7643,0.0814,-0.9094
1624274064679,-0.7216,-6.2771,3.2354,3.9714,-0.1116,-0.9045
1624274064717,-0.3531,-5.9540,3.7331,3.0343,-0.2301,-0.8801
1624274064718,-0.1378,-6.2364,4.1854,2.0985,-0.2814,-0.8276
1624274064719,-0.0396,-7.3490,4.7405,1.3765,-0.2826,-0.7457
1624274064721,0.0441,-8.7273,5.2717,0.9806,-0.2790,-0.6345
1624274064727,0.0920,-9.9094,5.8316,0.9415,-0.2912,-0.5234
1624274064736,-0.0061,-10.5387,6.2767,1.1370,-0.3168,-0.4256
1624274064745,-0.1473,-10.2396,6.7026,1.3972,-0.3486,-0.3340
1624274064755,-0.4345,-9.1867,7.2075,1.6538,-0.3682,-0.2057
1624274064765,-0.9130,-7.8922,7.6047,1.7931,-0.3584,-0.0615
1624274064778,-1.3222,-6.8442,7.7914,1.6807,-0.3584,0.0484
1624274064785,-1.5615,-6.3488,7.7028,1.3435,-0.3865,0.0912
1624274064794,-1.6644,-6.0976,7.0591,0.9550,-0.3963,0.0802
1624274064803,-1.6692,-6.7389,6.9634,0.7497,-0.3523,0.1119
1624274064813,-1.7242,-7.5692,7.2601,0.7558,-0.2717,0.2158
1624274064822,-1.8678,-7.5716,7.5305,0.8267,-0.2142,0.2744
1624274064833,-2.0089,-7.2988,7.9158,1.0246,-0.1727,0.2720
1624274064845,-2.1070,-6.9447,8.3082,1.2604,-0.1446,0.2805
1624274064852,-2.2793,-6.4924,8.4470,1.4718,-0.1287,0.2891
1624274064861,-2.3990,-6.1024,8.4709,1.6538,-0.1422,0.2952
1624274064871,-2.5258,-5.4946,8.1479,1.7137,-0.1935,0.3062
1624274064880,-2.5904,-4.8509,7.9541,1.6257,-0.2435,0.3062
1624274064890,-2.5497,-4.8127,7.8536,1.4143,-0.2741,0.3098
1624274064899,-2.5043,-4.5351,7.7698,1.0527,-0.3071,0.2512
1624274064909,-2.4444,-4.0685,7.7554,0.6679,-0.3230,0.1302
1624274064919,-2.3152,-4.1714,8.0546,0.3783,-0.3217,0.0569
1624274064932,-2.1860,-4.4657,8.1957,0.1755,-0.3327,0.0252
1624274064938,-2.1023,-4.6739,8.2843,0.0985,-0.3498,-0.0139
1624274064948,-2.1238,-4.5303,8.0163,0.0998,-0.3572,-0.0334
1624274064957,-2.0759,-4.3843,7.9086,0.1438,-0.3657,-0.0322
1624274064968,-2.0161,-4.5207,7.7914,0.2281,-0.3792,-0.0408
1624274064976,-1.8845,-4.6739,7.9277,0.3074,-0.3914,-0.0628
1624274064987,-1.6763,-4.4107,8.1407,0.3466,-0.3999,-0.1043
1624274065000,-1.5041,-3.9225,8.0163,0.3258,-0.4109,-0.1409
1624274065006,-1.3126,-3.7909,8.0713,0.2427,-0.4244,-0.1740
1624274065016,-1.2002,-3.8819,7.8536,0.1584,-0.4134,-0.1923
1624274065025,-1.1595,-3.8292,7.9780,0.1413,-0.3816,-0.2069
1624274065034,-1.1762,-3.6426,7.8440,0.1376,-0.3682,-0.2045
1624274065043,-1.1499,-3.2765,7.3774,0.0533,-0.3999,-0.1825
1624274065053,-0.7862,-3.4583,7.5210,-0.1055,-0.4134,-0.1471
1624274065063,-0.4560,-4.3987,7.3415,-0.2203,-0.3535,-0.0909
1624274065072,-0.2071,-5.0663,7.5545,-0.2460,-0.2399,-0.0542
1624274065084,0.0130,-5.5831,7.8607,-0.1006,-0.1250,-0.0518
1624274065093,0.0465,-5.6095,8.5690,0.1511,-0.0053,-0.0127
1624274065105,-0.0325,-5.1955,9.0883,0.2732,0.0826,0.0521
1624274065111,-0.0325,-5.1309,9.5740,0.1804,0.0985,0.0606
1624274065120,-0.0372,-4.7911,9.2007,-0.0786,0.0851,-0.0224
1624274065132,-0.0947,-5.0974,8.8131,-0.2704,0.1352,-0.0713
1624274065141,-0.4584,-4.6499,8.2029,-0.3669,0.2280,-0.0957
1624274065149,-0.8867,-4.2719,7.9493,-0.3877,0.3062,-0.0884
1624274065160,-1.0159,-4.0541,7.8942,-0.4439,0.3294,-0.0664
1624274065170,-1.0351,-3.7431,7.9277,-0.6406,0.3245,-0.0799
1624274065179,-1.0398,-3.7837,7.9923,-0.9362,0.3209,-0.0994
1624274065189,-1.1260,-3.8412,7.9828,-1.2368,0.3196,-0.1678
1624274065199,-1.3222,-4.2599,8.2244,-1.3956,0.3148,-0.2094
1624274065208,-1.4395,-4.8844,8.2460,-1.4042,0.2683,-0.1910
1624274065216,-1.4897,-5.1189,7.9708,-1.2832,0.1865,-0.2045
1624274065228,-1.5830,-5.1357,7.7914,-1.0938,0.1254,-0.2265
1624274065237,-1.7074,-5.2816,7.8392,-0.9033,0.0948,-0.2253
1624274065247,-1.7673,-5.3247,7.9301,-0.7762,0.0680,-0.2473
1624274065257,-1.6022,-5.1022,8.0761,-0.7725,0.0460,-0.2924
1624274065266,-1.4753,-4.8820,8.4637,-0.8275,0.0570,-0.3132
1624274065276,-1.4921,-5.0830,8.7293,-0.9020,0.0838,-0.2961
1624274065284,-1.4395,-5.3510,8.5140,-0.9937,0.0912,-0.2876
1624274065293,-1.3246,-5.7818,8.2651,-1.1329,0.1010,-0.2802
1624274065303,-1.2050,-6.4805,8.2340,-1.2759,0.1400,-0.2533
1624274065315,-1.0207,-7.1217,8.0450,-1.4371,0.1828,-0.2399
1624274065323,-0.8341,-7.5405,7.7866,-1.5654,0.2341,-0.2387
1624274065332,-0.7048,-7.9616,7.7483,-1.5972,0.3025,-0.2082
1624274065341,-0.6714,-8.2679,7.6095,-1.5337,0.3758,-0.1385
1624274065351,-0.6235,-8.4617,7.3104,-1.4494,0.4284,-0.0200
1624274065361,-0.4153,-8.7536,6.9156,-1.4310,0.4724,0.1522
1624274065371,-0.1593,-9.3973,6.4561,-1.5398,0.5298,0.3599
1624274065382,-0.0444,-10.1032,6.1307,-1.8110,0.6300,0.5750
1624274065391,-0.3938,-10.9335,6.1690,-2.1030,0.7766,0.7655
1624274065401,-1.1475,-11.7758,6.3987,-2.2972,0.8914,0.9195
1624274065411,-1.7433,-12.1802,6.3676,-2.3828,0.8939,1.0392
1624274065420,-1.9970,-12.1586,5.9393,-2.3119,0.7998,1.1467
1624274065430,-2.0903,-12.2687,5.4081,-2.0480,0.6837,1.2970
1624274065439,-2.2243,-12.5510,4.8960,-1.5972,0.5945,1.4656
1624274065449,-2.4253,-12.5199,4.4557,-1.1134,0.5102,1.6146
1624274065459,-2.8392,-11.6872,4.2787,-0.7115,0.4052,1.7832
1624274065468,-3.3441,-10.2324,4.3337,-0.4023,0.2903,1.9641
1624274065478,-3.7892,-9.1197,4.3050,-0.1091,0.1694,2.0997
1624274065487,-3.9830,-8.4162,4.1566,0.0020,0.0215,2.1436
1624274065497,-4.1003,-7.9090,3.9413,-0.0652,-0.1409,2.1046
1624274065507,-4.2965,-7.2797,3.9987,-0.2008,-0.2753,2.0337
1624274065516,-4.6339,-6.3728,4.3600,-0.1824,-0.4085,1.9421
1624274065526,-4.8420,-5.4491,4.7285,0.0130,-0.5588,1.8394
1624274065534,-4.9425,-4.7911,4.8242,0.2549,-0.7164,1.7515
1624274065545,-4.8636,-4.6595,4.7214,0.4321,-0.8569,1.6550
1624274065553,-4.6937,-4.9634,4.5610,0.5298,-0.9570,1.5071
1624274065563,-4.4879,-5.2314,4.4821,0.6556,-1.0169,1.2860
1624274065573,-4.3036,-4.7624,4.5850,0.8279,-1.0682,1.0746
1624274065585,-4.1146,-2.8745,4.5730,0.9538,-1.1415,0.9415
1624274065592,-4.0022,-1.3502,4.7955,1.0442,-1.1818,0.9146
1624274065601,-3.7390,-1.4029,4.9630,1.0637,-1.1574,0.9378
1624274065611,-3.4997,-2.3265,5.1162,0.8352,-1.1073,0.8230
1624274065620,-3.3585,-3.3387,5.2932,0.4736,-1.0291,0.5957
1624274065632,-3.3154,-4.2001,5.5876,0.2830,-0.9583,0.3929
1624274065640,-3.2293,-4.5662,6.1977,0.3698,-0.9607,0.2194
1624274065649,-3.1431,-4.2192,6.7457,0.5591,-1.0071,0.0997
1624274065658,-3.1982,-3.2382,6.9012,0.6202,-1.0340,0.0337
1624274065668,-3.2197,-2.2069,6.7529,0.4993,-1.0584,-0.0542
1624274065677,-3.2795,-2.0466,6.0829,0.2281,-1.0731,-0.1177
1624274065687,-3.2054,-3.0970,5.5158,-0.0823,-1.0450,-0.1214
1624274065699,-2.9948,-4.2503,5.4440,-0.2924,-0.9632,-0.1617
1624274065709,-2.7746,-5.2936,5.8867,-0.1592,-0.8446,-0.2240
1624274065718,-2.6263,-5.6956,6.2097,0.2891,-0.7359,-0.2253
1624274065728,-2.6622,-5.7315,6.6572,0.8878,-0.6663,-0.1605
1624274065737,-2.8153,-5.2888,6.9754,1.4192,-0.6125,-0.0909
1624274065747,-2.9756,-4.3819,7.5569,1.6550,-0.5636,-0.0628
1624274065756,-3.1216,-3.9536,7.9636,1.6404,-0.5331,-0.0322
1624274065766,-3.1431,-4.1379,8.1192,1.3704,-0.5258,0.0032
1624274065775,-3.1240,-4.4872,7.5138,0.9183,-0.5270,0.0008
1624274065786,-2.5880,-3.7598,7.5497,0.4345,-0.5160,-0.0811
1624274065795,-2.9541,-5.0567,8.0737,-0.3242,-0.4109,0.0313
1624274065805,-3.5332,-5.7363,7.6717,-0.8642,-0.2472,-0.1055
1624274065814,-3.1455,-5.4635,7.2697,-0.5270,-0.2350,-0.3938
1624274065824,-2.7603,-7.1935,7.2721,0.0033,-0.2594,-0.0029
1624274065833,-2.6191,-7.0906,7.5473,0.3221,-0.2020,0.0228
1624274065843,-2.7555,-6.0833,8.1718,0.5396,-0.1006,-0.1214
1624274065852,-2.9876,-6.2627,8.6097,0.7668,-0.0884,-0.0224
1624274065862,-2.8895,-6.4350,8.3776,1.1065,-0.1422,0.0105
1624274065870,-2.6670,-5.8440,7.8727,1.4046,-0.1996,0.0386
1624274065881,-2.6550,-5.2888,7.0400,1.5084,-0.2521,0.1266
1624274065890,-2.5401,-5.1596,7.8105,1.3936,-0.2387,0.1815
1624274065901,-2.5067,-4.5638,8.2220,0.9147,-0.1910,0.2439
1624274065910,-2.4468,-4.2934,8.5690,0.3038,-0.1910,0.2170
1624274065920,-2.5234,-5.0017,8.8801,-0.1885,-0.1910,0.2781
1624274065929,-2.9326,-5.5999,9.0547,-0.5587,-0.1458,0.3270
1624274065939,-3.2508,-5.7411,9.2199,-0.6699,-0.1055,0.2451
1624274065948,-3.1790,-5.5688,8.5762,-0.5697,-0.1177,0.1241
1624274065956,-2.8225,-5.8966,7.9899,-0.2496,-0.1409,0.0973
1624274065966,-2.6574,-5.6980,7.6143,0.0423,-0.1287,0.0887
1624274065975,-2.7483,-4.7193,7.6478,0.1743,-0.0591,0.0362
1624274065985,-2.8608,-4.0541,7.8966,0.2659,-0.0127,-0.0078
1624274065995,-2.8345,-4.2192,8.0737,0.3172,-0.0273,0.0118
1624274066006,-2.7340,-4.4298,8.1335,0.3343,-0.0530,0.0118
1624274066016,-2.6574,-4.4298,8.2316,0.3649,-0.0750,-0.0139
1624274066025,-2.7388,-4.2144,8.1503,0.3148,-0.1104,-0.0041
1624274066035,-2.7722,-4.1738,8.1957,0.1413,-0.1299,-0.0518
1624274066044,-2.5497,-4.6188,8.0713,-0.0480,-0.1238,-0.1055
1624274066054,-2.2793,-4.5040,7.6813,-0.1580,-0.1250,-0.1678
1624274066063,-2.2626,-4.1762,7.4851,-0.3107,-0.1116,-0.1837
1624274066073,-2.5090,-4.0900,7.4707,-0.5538,-0.0517,-0.1947
1624274066083,-2.6143,-4.2432,7.3894,-0.6601,-0.0224,-0.2546
1624274066091,-2.3296,-4.6978,7.3582,-0.6528,-0.0530,-0.2399
1624274066100,-1.9994,-4.7768,7.5975,-0.6161,-0.0652,-0.2301
1624274066110,-2.1980,-4.5064,7.4061,-0.6235,-0.0676,-0.2253
1624274066120,-2.2937,-4.3413,7.4946,-0.6467,-0.0860,-0.2155
1624274066131,-2.3009,-4.7409,7.5042,-0.7640,-0.0811,-0.1691
1624274066140,-2.2004,-5.4300,7.7746,-1.0095,-0.0249,-0.1788
1624274066148,-2.1023,-6.2842,7.8488,-1.2099,0.0301,-0.2570
1624274066159,-2.0903,-6.3177,7.7914,-1.2466,0.0667,-0.3499
1624274066169,-2.2219,-5.6262,7.7483,-1.1720,0.1022,-0.4036
1624274066179,-2.3798,-4.9634,7.5210,-1.0706,0.1290,-0.4391
1624274066189,-2.3990,-5.2075,7.6382,-1.0389,0.1669,-0.4048
1624274066198,-2.4660,-5.5353,7.3774,-1.1268,0.2097,-0.3853
1624274066207,-2.4564,-5.4109,7.1572,-1.2612,0.2170,-0.4183
1624274066217,-2.5569,-5.5568,6.8103,-1.3846,0.2036,-0.4012
1624274066227,-2.6287,-5.8894,6.4801,-1.4762,0.1975,-0.3926
1624274066236,-2.6741,-5.9756,6.1403,-1.5190,0.1816,-0.4085
1624274066244,-2.7627,-6.4206,5.6258,-1.4249,0.1584,-0.3926
1624274066255,-2.8584,-7.1624,5.3507,-1.1806,0.1462,-0.3890
1624274066263,-2.7603,-7.2988,5.3818,-0.9057,0.1400,-0.4232
1624274066273,-2.5880,-6.7843,5.7503,-0.5856,0.1327,-0.4415
1624274066282,-2.8871,-6.6073,5.6163,-0.2374,0.1058,-0.4146
1624274066292,-2.7651,-6.4900,5.4225,-0.0199,0.0411,-0.3645
1624274066302,-2.5067,-6.4326,5.7981,-0.1751,0.0228,-0.2497
1624274066313,-2.8440,-6.5977,6.0446,-0.6198,0.0643,-0.2473
1624274066323,-2.8177,-6.6527,6.3580,-1.0022,0.0558,-0.3694
1624274066333,-2.6574,-7.3227,6.3485,-1.1525,0.0142,-0.3242
1624274066343,-2.4397,-7.4759,6.4155,-1.1757,0.0130,-0.3059
1624274066352,-2.2961,-7.4926,6.7289,-1.0486,0.0411,-0.3303
1624274066362,-2.2745,-8.2679,6.8486,-0.8190,0.0606,-0.2473
1624274066371,-2.2123,-8.5000,6.6763,-0.6919,0.0802,-0.2045
1624274066381,-2.2722,-8.2033,6.3891,-0.6552,0.1071,-0.2204
1624274066390,-2.4684,-7.6721,6.0709,-0.6479,0.1278,-0.2155
1624274066400,-2.5210,-7.0021,5.4823,-0.6919,0.1437,-0.2106
1624274066410,-2.4540,-6.9303,5.3100,-0.7175,0.1669,-0.2106
1624274066419,-2.3774,-7.4160,5.2908,-0.6638,0.1889,-0.2179
1624274066429,-2.1884,-7.4280,5.2454,-0.5710,0.1816,-0.2240
1624274066438,-2.2243,-7.4376,5.2047,-0.5343,0.1645,-0.1764
1624274066448,-2.2817,-7.4974,5.2573,-0.4928,0.1596,-0.1862
1624274066458,-2.1142,-7.3706,5.4177,-0.4634,0.1315,-0.1898
1624274066467,-2.1310,-7.7151,5.3052,-0.4549,0.1120,-0.1275
1624274066477,-2.0448,-7.5979,5.4249,-0.4610,0.0973,-0.1568
1624274066486,-2.0951,-7.9425,5.1544,-0.4219,0.0838,-0.1373
1624274066496,-1.9802,-8.1770,5.1090,-0.3877,0.0729,-0.1251
1624274066506,-1.9874,-8.2009,4.9559,-0.3901,0.0729,-0.1409
1624274066516,-2.0592,-8.0310,4.9893,-0.3877,0.0741,-0.1654
1624274066525,-2.1549,-7.7606,5.0252,-0.3816,0.0716,-0.1678
1624274066532,-2.1358,-7.5596,4.9463,-0.3950,0.0643,-0.1458
1624274066543,-2.0927,-7.7750,4.9343,-0.3962,0.0655,-0.1202
1624274066554,-2.0472,-8.1315,5.0013,-0.3706,0.0765,-0.1080
1624274066563,-2.0137,-8.2033,5.0659,-0.3071,0.0753,-0.0933
1624274066572,-2.0472,-8.2296,5.0659,-0.1910,0.0729,-0.0628
1624274066580,-2.1453,-8.2320,5.1066,-0.0810,0.0692,-0.0359
1624274066593,-2.1597,-8.1578,5.1281,-0.0261,0.0753,-0.0163
1624274066600,-2.1884,-8.1746,5.0803,-0.0078,0.0790,-0.0066
1624274066615,-2.1669,-8.1147,4.9295,0.0033,0.0704,0.0020
1624274066619,-2.1429,-7.9640,4.7931,-0.0297,0.0692,0.0130
1624274066631,-2.1214,-7.9832,4.8817,-0.0163,0.0863,0.0069
1624274066639,-2.1740,-8.1171,4.9893,0.0216,0.0924,0.0215
1624274066649,-2.1286,-8.1339,4.8769,0.0497,0.0790,0.0325
1624274066660,-2.0999,-8.1100,4.8338,0.0766,0.0741,0.0350
1624274066669,-2.1956,-8.0693,4.9343,0.1059,0.0765,0.0362
1624274066678,-2.2386,-7.9640,5.0970,0.1352,0.0741,0.0337
1624274066688,-2.2267,-7.9233,5.1305,0.1511,0.0680,0.0569
1624274066698,-2.2386,-7.8946,5.2191,0.1217,0.0606,0.0679
1624274066708,-2.3344,-7.8300,5.1880,0.0546,0.0509,0.0496
1624274066717,-2.3152,-7.6984,5.0827,-0.0248,0.0362,0.0374
1624274066727,-2.2793,-7.7367,4.9128,-0.1104,0.0301,0.0362
1624274066736,-2.3033,-7.8061,4.9104,-0.1666,0.0399,0.0288
1624274066746,-2.2434,-7.7893,4.9750,-0.2130,0.0521,0.0350
1624274066756,-2.2195,-7.9784,5.1257,-0.1983,0.0570,0.0655
1624274066765,-2.3176,-8.3038,5.2310,-0.2032,0.0594,0.0875
1624274066775,-2.3320,-8.5790,5.2382,-0.1739,0.0558,0.0716
1624274066784,-2.2339,-8.5550,5.1999,-0.1042,0.0435,0.0508
1624274066793,-2.2650,-8.4210,5.1856,0.0326,0.0387,0.0545
1624274066804,-2.3487,-8.1985,5.1760,0.1498,0.0277,0.0704
1624274066813,-2.3392,-7.8252,4.9582,0.1425,0.0130,0.0789
1624274066823,-2.3344,-7.6649,4.8889,0.0949,0.0105,0.0802
1624274066832,-2.3463,-7.6075,4.8003,-0.0004,0.0154,0.0912
1624274066842,-2.3344,-7.6338,4.8290,-0.1055,0.0240,0.1021
1624274066851,-2.3679,-7.9281,4.9559,-0.1348,0.0448,0.1278
1624274066861,-2.3439,-8.1770,5.0564,-0.1360,0.0582,0.1400
1624274066871,-2.3392,-8.2775,5.0300,-0.0884,0.0631,0.1339
1624274066880,-2.3511,-8.3038,5.0133,0.0069,0.0619,0.1388
1624274066889,-2.3870,-8.1291,5.1210,0.0912,0.0570,0.1425
1624274066899,-2.4660,-7.9951,5.2191,0.1217,0.0521,0.1522
1624274066907,-2.3798,-7.8109,5.1473,0.0814,0.0387,0.1535
1624274066917,-2.2889,-7.8180,5.0085,0.0094,0.0289,0.1486
1624274066929,-2.3392,-7.9353,4.9606,-0.0542,0.0350,0.1461
1624274066938,-2.2913,-7.8300,4.7190,-0.1177,0.0374,0.1510
1624274066948,-2.1501,-7.7271,4.5826,-0.1568,0.0570,0.1828
1624274066957,-2.2410,-7.9879,4.8936,-0.1922,0.0997,0.2378
1624274066967,-2.3104,-8.2679,5.3172,-0.2337,0.1437,0.2671
1624274066977,-2.2985,-8.6053,5.6139,-0.2399,0.1804,0.2915
1624274066986,-2.3727,-8.9187,5.7981,-0.1617,0.2170,0.3294
1624274066996,-2.3798,-9.0097,5.6809,-0.0444,0.2464,0.3563
1624274067005,-2.3894,-8.8206,5.3889,0.0704,0.2744,0.3770
1624274067014,-2.4588,-8.4234,5.2023,0.1266,0.3087,0.3941
1624274067024,-2.5593,-7.9975,4.9870,0.1083,0.3428,0.4174
1624274067034,-2.5784,-7.7080,4.8003,-0.0187,0.3661,0.4369
1624274067043,-2.6502,-7.7032,4.8386,-0.1678,0.3929,0.4381
1624274067053,-2.7100,-7.7558,4.8745,-0.3119,0.4149,0.4308
1624274067063,-2.7340,-7.7654,4.7285,-0.3975,0.4113,0.4247
1624274067073,-2.7722,-7.9353,4.6974,-0.4158,0.4052,0.4381
1624274067080,-2.8297,-7.9496,4.5180,-0.4268,0.3978,0.4418
1624274067092,-2.8632,-7.8659,4.4007,-0.4060,0.3868,0.4259
1624274067099,-2.9493,-7.7558,4.2739,-0.3266,0.3758,0.4076
1624274067109,-3.0618,-7.5955,4.1543,-0.2167,0.3526,0.3795
1624274067119,-3.1455,-7.2916,3.8288,-0.0896,0.3160,0.3441
1624274067129,-3.1336,-7.0069,3.8025,0.0472,0.3013,0.3196
1624274067139,-3.2197,-7.1959,4.1327,0.1902,0.3148,0.3270
1624274067148,-3.3489,-7.3730,4.5610,0.2366,0.3172,0.3331
1624274067159,-3.2915,-7.4304,4.7214,0.2073,0.2977,0.3331
1624274067168,-3.2628,-7.4304,4.6568,0.1755,0.2659,0.3208
1624274067178,-3.3705,-7.2892,4.4486,0.1193,0.2195,0.2793
1624274067186,-3.4087,-7.1768,4.2930,0.0472,0.1755,0.2256
1624274067195,-3.4279,-7.1792,4.0274,-0.0016,0.1352,0.1669
1624274067205,-3.4662,-7.1768,3.9461,-0.0102,0.0900,0.1070
1624274067214,-3.5164,-7.1098,3.7834,0.0143,0.0533,0.0618
1624274067224,-3.5045,-7.1217,3.7068,0.0692,0.0191,0.0313
1624274067234,-3.5021,-7.1217,3.8695,0.1181,-0.0127,0.0056
1624274067244,-3.5475,-6.9399,4.0992,0.1364,-0.0420,-0.0273
1624274067255,-3.5571,-7.0452,4.2619,0.1596,-0.0701,-0.0383
1624274067263,-3.5332,-7.2581,4.3577,0.1670,-0.0970,-0.0469
1624274067274,-3.4925,-7.2342,4.3505,0.1376,-0.1202,-0.0738
1624274067283,-3.4781,-7.1983,4.3265,0.1217,-0.1299,-0.0909
1624274067294,-3.5332,-7.3347,4.2883,0.1156,-0.1360,-0.0957
1624274067302,-3.5140,-7.3993,4.3433,0.0533,-0.1360,-0.1043
1624274067313,-3.5045,-7.5142,4.5419,0.0081,-0.1202,-0.1068
1624274067323,-3.4877,-7.7223,4.7836,-0.0248,-0.1104,-0.1006
1624274067332,-3.4351,-7.7032,4.6831,-0.0456,-0.1104,-0.1153
1624274067342,-3.3848,-7.7319,4.6256,-0.0334,-0.0970,-0.1214
1624274067352,-3.3992,-7.7630,4.6280,0.0191,-0.0750,-0.1055
1624274067361,-3.3824,-7.7941,4.7261,0.0729,-0.0530,-0.0762
1624274067371,-3.4470,-7.8420,4.7668,0.1315,-0.0237,-0.0530
1624274067380,-3.4686,-7.8013,4.8577,0.1706,-0.0078,-0.0457
1624274067389,-3.5021,-7.7175,4.8601,0.1877,-0.0078,-0.0347
1624274067399,-3.5092,-7.5955,4.8051,0.1743,-0.0175,-0.0237
1624274067409,-3.5212,-7.5285,4.8147,0.1340,-0.0261,-0.0298
1624274067418,-3.4949,-7.5548,4.7955,0.0717,-0.0359,-0.0408
1624274067428,-3.3752,-7.6218,4.7955,0.0020,-0.0579,-0.0652
1624274067438,-3.3585,-7.6793,4.8147,-0.0835,-0.0982,-0.1129
1624274067447,-3.3537,-7.8492,4.8625,-0.1299,-0.1409,-0.1862
1624274067457,-3.0761,-7.9425,5.0946,-0.1482,-0.2069,-0.2888
1624274067467,-3.1001,-8.1722,5.1975,-0.0920,-0.2766,-0.4110
1624274067476,-3.3609,-8.1961,5.0827,0.0668,-0.3450,-0.5319
1624274067486,-3.4757,-7.6553,4.7907,0.3270,-0.4341,-0.5991
1624274067493,-3.3920,-7.1863,4.3241,0.6520,-0.5123,-0.5844
1624274067503,-3.1790,-6.8729,4.3337,0.8597,-0.5221,-0.5099
1624274067512,-3.1168,-6.5714,4.9774,0.8304,-0.4818,-0.4048
1624274067522,-3.1312,-6.2794,5.7479,0.5689,-0.4439,-0.3157
1624274067533,-3.2365,-6.3010,6.4777,0.1877,-0.3755,-0.2705
1624274067543,-3.3226,-6.9853,7.1692,-0.0969,-0.2521,-0.2399
1624274067553,-3.3537,-7.7295,7.3894,-0.2851,-0.1079,-0.1654
1624274067562,-3.3035,-8.1028,7.4420,-0.3840,0.0472,-0.0469
1624274067572,-3.3872,-8.1650,7.3965,-0.4500,0.2280,0.0667
1624274067581,-3.6313,-7.6817,7.0424,-0.5465,0.4284,0.1241
1624274067591,-3.9687,-7.1887,6.6643,-0.6308,0.6239,0.1632
1624274067599,-4.2271,-7.0404,6.4657,-0.6467,0.8035,0.2365
1624274067609,-4.4281,-7.0691,6.5710,-0.6357,0.9757,0.3025
1624274067618,-4.4927,-6.9375,6.6548,-0.5978,1.1333,0.3159
1624274067630,-4.5118,-6.4661,6.3868,-0.5380,1.2616,0.2781
1624274067639,-4.4783,-6.1766,6.0709,-0.3779,1.3691,0.2329
1624274067649,-4.4233,-5.9780,5.5660,-0.1152,1.4522,0.1718
1624274067659,-4.3156,-6.1957,5.1592,0.3368,1.5206,0.0851
1624274067668,-4.1266,-6.7293,4.8027,0.9965,1.5646,-0.0224
1624274067678,-3.8777,-6.9112,4.6544,1.8199,1.5853,-0.1629
1624274067687,-3.5954,-6.6025,4.4342,2.7179,1.5499,-0.2924
1624274067696,-3.2436,-6.1383,4.2045,3.5426,1.4498,-0.3694
1624274067755,-2.9876,-5.5831,3.9724,3.9726,1.2897,-0.4158
1624274067756,-2.9302,-5.1812,3.7259,3.9714,1.0967,-0.5136
1624274067757,-2.8943,-4.9825,3.5896,3.6110,0.8939,-0.6822
1624274067758,-2.8081,-4.7792,3.5872,3.0099,0.6678,-0.8642
1624274067758,-2.5617,-4.6978,3.6302,2.3111,0.4467,-1.0023
1624274067759,-2.2674,-5.1189,3.6398,1.7112,0.2708,-1.0939
1624274067765,-2.0568,-6.0904,3.6398,1.2360,0.1278,-1.1513
1624274067774,-1.7290,-7.0715,3.7020,0.7558,-0.0065,-1.1831
1624274067783,-1.3988,-7.7128,3.9269,0.2684,-0.1409,-1.2100
1624274067792,-1.3964,-7.9257,4.2165,-0.2020,-0.2460,-1.2417
1624274067801,-1.5376,-7.8156,4.5467,-0.6064,-0.3168,-1.2515
1624274067810,-1.5304,-7.5811,4.8410,-0.8739,-0.3657,-1.2014
1624274067820,-1.4634,-7.7271,4.9893,-0.9436,-0.3792,-1.1220
1624274067829,-1.4586,-8.4904,5.2980,-0.8287,-0.3401,-1.0365
1624274067839,-1.4251,-9.0288,5.4966,-0.6003,-0.2766,-0.9632
1624274067850,-1.2839,-9.2011,5.6833,-0.2863,-0.2240,-0.8654
1624274067860,-1.2121,-9.1987,5.8603,0.0362,-0.1800,-0.7237
1624274067870,-1.3366,-9.1628,6.0015,0.2781,-0.1250,-0.5942
1624274067879,-1.5519,-8.8876,6.0231,0.3270,-0.0823,-0.5136
1624274067889,-1.6883,-8.6507,6.1140,0.2708,-0.0456,-0.4586
1624274067899,-1.8079,-8.5431,6.3293,0.1975,-0.0005,-0.4048
1624274067908,-1.9850,-8.3325,6.4107,0.0839,0.0277,-0.3572
1624274067918,-2.0616,-8.0525,6.2910,-0.0419,0.0313,-0.3328
1624274067927,-2.0831,-7.8946,6.0231,-0.1617,0.0301,-0.3096
1624274067937,-2.1453,-8.0047,5.8627,-0.2765,0.0399,-0.2937
1624274067947,-2.1932,-8.0549,5.7551,-0.3290,0.0619,-0.2924
1624274067955,-2.1740,-7.9377,5.5876,-0.2900,0.0777,-0.2827
1624274067966,-2.2650,-7.8468,5.6498,-0.1641,0.0887,-0.2411
1624274067974,-2.3439,-7.8850,5.8914,0.0069,0.1010,-0.1959
1624274067985,-2.2865,-7.9520,6.1044,0.1413,0.0948,-0.1666
1624274067995,-2.2195,-7.9377,6.2121,0.1963,0.0741,-0.1544
1624274068005,-2.2099,-7.7606,6.2982,0.2061,0.0484,-0.1409
1624274068014,-2.2147,-7.5692,6.3461,0.1608,0.0093,-0.1287
1624274068024,-2.1812,-7.5165,6.0972,0.0912,-0.0261,-0.1177
1624274068033,-2.1238,-7.5357,5.7862,0.0057,-0.0530,-0.1226
1624274068043,-2.1358,-7.6362,5.6833,-0.0468,-0.0591,-0.1287
1624274068052,-2.1836,-7.6051,5.7311,-0.0737,-0.0591,-0.1104
1624274068062,-2.0855,-7.5429,5.9178,-0.0603,-0.0603,-0.0811
1624274068072,-2.0329,-7.6386,6.0661,-0.0480,-0.0566,-0.0567
1624274068082,-2.1047,-7.7798,6.3198,-0.0261,-0.0469,-0.0420
1624274068089,-2.0616,-7.8420,6.4992,0.0240,-0.0469,-0.0261
1624274068099,-1.9994,-7.8276,6.5184,0.1144,-0.0530,-0.0017
1624274068108,-2.0831,-7.7487,6.3676,0.2158,-0.0493,0.0252
1624274068118,-2.1477,-7.6745,6.3006,0.3319,-0.0371,0.0374
1624274068128,-2.1047,-7.4567,6.2767,0.4199,-0.0249,0.0484
1624274068137,-2.1669,-7.2031,6.1929,0.4382,-0.0224,0.0545
1624274068146,-2.2650,-6.9518,6.0589,0.3783,-0.0297,0.0398
1624274068156,-2.2865,-6.7389,5.9656,0.2464,-0.0395,0.0069
1624274068167,-2.2626,-6.5833,5.9465,0.0814,-0.0505,-0.0261
1624274068177,-2.2674,-6.5355,5.9561,-0.0737,-0.0688,-0.0542
1624274068187,-2.2602,-6.5809,5.9919,-0.1837,-0.0835,-0.0884
1624274068197,-2.2769,-6.8681,6.0805,-0.2203,-0.0811,-0.1043
1624274068206,-2.1908,-7.1002,5.9369,-0.1739,-0.0933,-0.1104
1624274068216,-2.0496,-7.1241,5.7407,-0.0859,-0.0982,-0.1153
1624274068226,-1.9970,-7.2820,5.7551,0.0289,-0.0896,-0.1141
1624274068234,-1.9922,-7.3108,5.9010,0.1132,-0.0823,-0.1141
1624274068244,-1.8941,-7.0811,5.9728,0.1315,-0.0786,-0.1165
1624274068254,-1.8367,-6.9638,6.0326,0.1132,-0.0798,-0.1031
1624274068264,-1.8582,-7.0069,6.0733,0.0423,-0.0823,-0.0909
1624274068273,-1.8223,-7.1169,5.9202,-0.0407,-0.0811,-0.0872
1624274068283,-1.7577,-7.4567,5.9249,-0.0859,-0.0688,-0.0725
1624274068293,-1.7386,-7.6721,6.0613,-0.1116,-0.0566,-0.0444
1624274068302,-1.8247,-7.6362,6.1499,-0.1275,-0.0517,-0.0286
1624274068312,-1.8654,-7.5381,6.1499,-0.1238,-0.0530,-0.0261
1624274068321,-1.8630,-7.6003,6.0637,-0.1128,-0.0542,-0.0151
1624274068331,-1.8965,-7.7032,6.1092,-0.0505,-0.0469,-0.0114
1624274068341,-1.8797,-7.5835,6.0853,0.0106,-0.0347,-0.0017
1624274068351,-1.8869,-7.2605,5.8747,0.0729,-0.0273,0.0240
1624274068360,-1.9037,-7.1505,5.8986,0.1107,-0.0102,0.0508
1624274068370,-1.9084,-7.1887,5.9943,0.0924,0.0105,0.0594
1624274068379,-1.9156,-7.2629,6.0542,0.0594,0.0240,0.0508
1624274068388,-1.9994,-7.3179,6.0877,0.0277,0.0313,0.0533
1624274068398,-2.0640,-7.2079,6.1116,-0.0078,0.0215,0.0557
1624274068408,-2.1047,-7.1624,6.1212,-0.0199,0.0093,0.0435
1624274068422,-2.1214,-7.1839,6.1164,-0.0419,0.0020,0.0203
1624274068425,-2.1047,-7.2294,6.2456,-0.0493,-0.0127,-0.0054
1624274068435,-2.0472,-7.3084,6.2504,-0.0163,-0.0285,-0.0188
1624274068444,-1.9491,-7.3921,6.0781,0.0265,-0.0444,-0.0139
1624274068454,-1.9563,-7.3179,6.1140,0.0546,-0.0517,-0.0212
1624274068466,-2.0233,-7.1481,6.1690,0.0704,-0.0481,-0.0298
1624274068475,-1.9826,-6.9614,6.1427,0.0680,-0.0591,-0.0273
1624274068485,-1.9443,-6.9734,6.1044,0.0533,-0.0627,-0.0176
1624274068494,-1.9731,-7.1505,6.1451,0.0203,-0.0591,-0.0114
1624274068504,-1.8965,-7.2007,6.0446,-0.0102,-0.0554,-0.0163
1624274068513,-1.8223,-7.2844,6.1307,-0.0004,-0.0456,-0.0127
1624274068522,-1.8319,-7.3132,6.1618,0.0338,-0.0322,0.0056
1624274068532,-1.7744,-7.1815,6.1068,0.0497,-0.0224,0.0154
1624274068542,-1.7768,-7.3562,6.0877,0.0607,-0.0090,0.0264
1624274068552,-1.7960,-7.4280,6.1355,0.0704,0.0093,0.0215
1624274068560,-1.8223,-7.2270,6.1929,0.0985,0.0167,0.0142
1624274068571,-1.8654,-7.1193,6.1929,0.1230,0.0057,0.0350
1624274068579,-1.8869,-6.9638,6.1475,0.1242,-0.0041,0.0301
1624274068593,-1.8917,-6.9471,6.1116,0.0900,-0.0078,0.0056
1624274068598,-1.9013,-6.8920,5.9704,0.0411,-0.0224,-0.0151
1624274068609,-1.8893,-6.7915,5.8819,0.0203,-0.0371,-0.0261
1624274068618,-1.9132,-6.8753,5.9178,0.0155,-0.0469,-0.0249
1624274068629,-1.9467,-6.8729,5.9800,0.0081,-0.0579,-0.0432
1624274068638,-1.9348,-6.8681,6.0231,0.0167,-0.0713,-0.0554
1624274068647,-1.9252,-6.9949,6.0565,0.0436,-0.0884,-0.0493
1624274068658,-1.9324,-7.0356,5.9967,0.0423,-0.1018,-0.0481
1624274068667,-1.9348,-7.0117,5.9561,0.0533,-0.1055,-0.0567
1624274068677,-1.9061,-7.1026,5.9178,0.0814,-0.1104,-0.0603
1624274068687,-1.9180,-7.0906,6.0446,0.1107,-0.1079,-0.0615
1624274068697,-1.9683,-6.9925,6.0829,0.1328,-0.1079,-0.0640
1624274068706,-1.9228,-6.9997,6.1834,0.1596,-0.1140,-0.0615
1624274068716,-1.8486,-7.0380,6.1762,0.1694,-0.1214,-0.0701
1624274068723,-1.8056,-6.9829,6.1499,0.1841,-0.1275,-0.0823
1624274068733,-1.8271,-6.9710,6.0900,0.1865,-0.1422,-0.0689
1624274068742,-1.6716,-6.8178,6.0015,0.1780,-0.1483,-0.0615
1624274068752,-1.6022,-6.7724,5.9034,0.1535,-0.1434,-0.0530
1624274068762,-1.5782,-6.8872,6.0565,0.1181,-0.1360,-0.0298
1624274068773,-1.6117,-7.0882,6.3317,0.0533,-0.1189,-0.0078
1624274068783,-1.6093,-7.2174,6.4394,0.0155,-0.0970,-0.0041
1624274068793,-1.5734,-7.3179,6.5399,0.0240,-0.0896,0.0008
1624274068802,-1.6093,-7.4950,6.4609,0.0668,-0.0860,0.0276
1624274068812,-1.5208,-7.4926,6.4825,0.1474,-0.0872,0.0398
1624274068821,-1.5232,-7.0380,6.3126,0.1474,-0.0921,0.0374
1624274068831,-1.6357,-6.5666,6.0183,0.0924,-0.0982,0.0423
1624274068841,-1.5615,-6.5714,5.9728,-0.0199,-0.1165,0.0728
1624274068850,-1.6380,-6.6767,6.1738,-0.1983,-0.1104,0.0643
1624274068860,-1.7912,-6.7867,6.4968,-0.3046,-0.0664,0.0105
1624274068869,-1.7386,-7.2174,6.7146,-0.2521,-0.0481,-0.0078
1624274068879,-1.5663,-7.5500,6.6691,-0.1507,-0.0579,0.0008
1624274068889,-1.5543,-7.4950,6.5231,-0.0444,-0.0639,-0.0114
1624274068898,-1.6213,-7.3706,6.6452,0.0460,-0.0591,-0.0237
1624274068908,-1.6093,-6.9806,6.5375,0.0692,-0.0627,-0.0347
1624274068917,-1.5567,-6.9016,6.5016,0.0313,-0.0713,-0.0310
1624274068927,-1.5447,-6.7843,6.4490,-0.0285,-0.0652,-0.0444
1624274068937,-1.5112,-6.8442,6.3317,-0.1458,-0.0615,-0.0408
1624274068946,-1.4969,-7.1552,6.2695,-0.2936,-0.0517,-0.0322
1624274068955,-1.4993,-7.3419,6.4011,-0.3816,-0.0224,-0.0677
1624274068965,-1.5639,-7.3275,6.3413,-0.4036,-0.0078,-0.0786
1624274068975,-1.5974,-7.2844,6.3509,-0.3779,-0.0139,-0.0567
1624274068985,-1.5423,-7.3634,6.4657,-0.3242,-0.0078,-0.0444
1624274068994,-1.5902,-7.1289,6.2240,-0.2973,-0.0065,-0.0444
1624274069004,-1.5687,-7.2605,6.2073,-0.3290,0.0008,-0.0273
1624274069013,-1.5711,-7.5094,6.2719,-0.3290,0.0240,-0.0383
1624274069023,-1.5280,-7.6218,6.4011,-0.3254,0.0374,-0.0652
1624274069031,-1.4227,-7.6171,6.2504,-0.3034,0.0350,-0.0579
1624274069041,-1.4299,-7.6099,6.1331,-0.2631,0.0362,-0.0383
1624274069051,-1.3342,-7.5453,5.9369,-0.2618,0.0423,-0.0114
1624274069059,-1.2528,-7.3514,5.9489,-0.3022,0.0655,0.0142
1624274069071,-1.2863,-7.6314,6.0494,-0.3755,0.1144,0.0667
1624274069080,-1.2696,-8.1052,6.3939,-0.4561,0.1645,0.0875
1624274069090,-1.2935,-8.3780,6.4801,-0.5355,0.2023,0.0838
1624274069100,-1.1906,-8.5359,6.6308,-0.5209,0.2195,0.1021
1624274069108,-1.2121,-8.4904,6.5327,-0.4903,0.2231,0.1388
1624274069117,-1.2145,-8.3469,6.3245,-0.4805,0.2292,0.1742
1624274069127,-1.1714,-8.2799,6.1570,-0.5099,0.2427,0.2060
1624274069137,-1.2408,-8.2894,6.0542,-0.5722,0.2634,0.2316
1624274069147,-1.2720,-8.3205,5.9537,-0.6394,0.2781,0.2549
1624274069157,-1.1523,-8.3516,5.7503,-0.6711,0.2842,0.2854
1624274069166,-1.0590,-8.3851,5.5349,-0.7029,0.2915,0.3245
1624274069177,-1.0614,-8.3851,5.3818,-0.7530,0.2915,0.3624
1624274069185,-1.0231,-8.4426,5.2908,-0.8458,0.2891,0.3954
1624274069196,-0.9824,-8.6747,5.2358,-0.9399,0.2915,0.4222
1624274069204,-0.9082,-8.9474,5.1090,-1.0437,0.2854,0.4406
1624274069215,-0.7742,-9.1891,4.7979,-1.1574,0.2708,0.4748
1624274069225,-0.8939,-9.0838,4.5945,-1.2954,0.2476,0.5139
1624274069234,-1.2863,-8.7536,4.5060,-1.4066,0.2292,0.5420
1624274069244,-1.5495,-8.6795,4.4725,-1.3968,0.2085,0.5798
1624274069251,-1.6309,-8.7010,4.3600,-1.3272,0.1755,0.6165
1624274069263,-1.7720,-8.6723,4.1566,-1.1794,0.1437,0.6348
1624274069273,-1.7984,-8.6986,3.9054,-0.9790,0.1132,0.6654
1624274069283,-1.7074,-8.6172,3.5824,-0.8690,0.0692,0.7094
1624274069292,-1.6644,-8.2296,3.4053,-0.8971,0.0387,0.7277
1624274069301,-1.8103,-8.0621,3.3814,-1.0254,0.0301,0.7240
1624274069312,-2.0377,-7.9066,3.2713,-1.2087,0.0105,0.7142
1624274069321,-2.3344,-7.8396,3.1612,-1.3651,-0.0224,0.7032
1624274069331,-2.5449,-8.0525,3.1277,-1.4066,-0.0456,0.6983
1624274069338,-2.7005,-8.1817,3.1612,-1.3724,-0.0811,0.6825
1624274069347,-2.9086,-8.2272,3.1517,-1.2734,-0.1177,0.6495
1624274069357,-2.9828,-8.2200,2.9866,-1.1134,-0.1556,0.6226
1624274069367,-2.8680,-8.1794,2.8119,-0.9594,-0.2008,0.6067
1624274069376,-2.8201,-7.9736,2.6252,-0.8739,-0.2399,0.5860
1624274069388,-2.8751,-7.6673,2.5654,-0.8642,-0.2668,0.5517
1624274069396,-3.0091,-7.5477,2.5702,-0.8910,-0.2924,0.5346
1624274069407,-3.1455,-7.7056,2.6324,-0.9582,-0.3193,0.5175
1624274069417,-3.2676,-7.8061,2.5917,-1.0279,-0.3474,0.4760
1624274069427,-3.5451,-7.7606,2.5367,-1.0474,-0.3792,0.4344
1624274069436,-3.7677,-7.8085,2.6324,-0.9729,-0.4073,0.4112
1624274069446,-3.9208,-7.8611,2.6683,-0.8165,-0.4305,0.3868
1624274069453,-3.8825,-7.9162,2.6827,-0.6601,-0.4610,0.3526
1624274069463,-3.8083,-7.8204,2.5822,-0.5270,-0.4867,0.3270
1624274069473,-3.7605,-7.6577,2.5846,-0.3913,-0.5001,0.3074
1624274069484,-3.7748,-7.7056,2.7688,-0.2509,-0.4989,0.2866
1624274069494,-3.8083,-7.7702,3.0105,-0.1666,-0.5013,0.2524
1624274069503,-3.8849,-7.6123,3.0488,-0.1262,-0.5001,0.2121
1624274069513,-3.9758,-7.7247,3.1301,-0.0603,-0.4830,0.1889
1624274069523,-4.0548,-7.7367,3.2139,-0.0542,-0.4769,0.1803
1624274069532,-4.1481,-7.5955,3.2905,-0.1128,-0.4671,0.1571
1624274069542,-4.2295,-7.6314,3.2785,-0.1531,-0.4403,0.1327
1624274069552,-4.2702,-7.6481,3.1971,-0.1849,-0.4158,0.1119
1624274069561,-4.1888,-7.7487,3.1517,-0.1580,-0.3865,0.1021
1624274069571,-4.0931,-7.9233,2.9794,-0.0932,-0.3547,0.0912
1624274069580,-3.9567,-7.9496,3.0057,-0.0395,-0.3266,0.0838
1624274069590,-3.9064,-7.8683,3.3072,-0.0212,-0.3059,0.0728
1624274069603,-3.9567,-7.7463,3.4651,-0.0554,-0.2900,0.0545
1624274069608,-3.9974,-7.7845,3.4436,-0.0798,-0.2778,0.0325
1624274069617,-3.9256,-7.9568,3.3646,-0.0823,-0.2704,0.0093
1624274069627,-3.8275,-8.0334,3.2474,-0.0688,-0.2643,-0.0090
1624274069636,-3.8203,-8.0119,3.1517,-0.0212,-0.2594,-0.0200
1624274069645,-3.8012,-7.7774,3.1277,0.0057,-0.2521,-0.0176
1624274069655,-3.7772,-7.7391,3.1110,0.0350,-0.2448,-0.0188
1624274069664,-3.6696,-7.8874,3.1469,0.0252,-0.2435,-0.0334
1624274069674,-3.5786,-8.0645,3.3215,-0.0273,-0.2411,-0.0554
1624274069684,-3.5236,-8.1530,3.3479,-0.0652,-0.2216,-0.0811
1624274069695,-3.4805,-8.3636,3.3192,-0.0407,-0.1959,-0.0835
1624274069703,-3.3824,-8.4138,3.1684,-0.0175,-0.1861,-0.0786
1624274069715,-3.3154,-8.2392,3.1062,0.0191,-0.1788,-0.0811
1624274069724,-3.2843,-8.0860,3.0440,0.0301,-0.1605,-0.0786
1624274069734,-3.2724,-7.9951,2.8861,0.0155,-0.1519,-0.0872
1624274069743,-3.2269,-8.0884,2.8215,-0.0236,-0.1483,-0.1043
1624274069753,-3.1647,-8.1937,2.8693,-0.0969,-0.1483,-0.1251
1624274069763,-3.1049,-8.2511,2.8239,-0.1690,-0.1544,-0.1483
1624274069772,-3.0546,-8.2703,2.7664,-0.2179,-0.1702,-0.1691
1624274069782,-3.0307,-8.2775,2.6635,-0.2399,-0.1947,-0.1947
1624274069792,-3.0043,-8.2727,2.5870,-0.2020,-0.2191,-0.2289
1624274069801,-2.9709,-8.2224,2.5056,-0.1494,-0.2582,-0.2656
1624274069810,-2.9206,-8.1817,2.6420,-0.0847,-0.3156,-0.3120
1624274069820,-2.9015,-8.4067,2.9004,0.0094,-0.3792,-0.3841
1624274069830,-2.8034,-8.6795,3.1445,0.0594,-0.4476,-0.4720
1624274069839,-2.7794,-8.7752,3.1636,0.0839,-0.5136,-0.5576
1624274069849,-2.7388,-8.5072,3.0655,0.1425,-0.5759,-0.6284
1624274069859,-2.7148,-8.3158,3.0248,0.2427,-0.6174,-0.6443
1624274069868,-2.7052,-8.1817,2.8430,0.3343,-0.6345,-0.6101
1624274069878,-2.5856,-8.1770,2.7305,0.3466,-0.6382,-0.5563
1624274069887,-2.4205,-8.5885,3.0201,0.3404,-0.6198,-0.5075
1624274069897,-2.2865,-9.0934,3.4675,0.2672,-0.5905,-0.4745
1624274069907,-2.2171,-9.4882,4.0633,0.1328,-0.5502,-0.4476
1624274069916,-2.3104,-9.6868,4.6352,0.0387,-0.4928,-0.4317
1624274069926,-2.4420,-10.0529,5.3100,0.0350,-0.4195,-0.4012
1624274069934,-2.6789,-10.6846,5.6665,0.1046,-0.3486,-0.3401
1624274069943,-2.7722,-10.8210,5.7120,0.1780,-0.2631,-0.2705
1624274069953,-2.8871,-10.3066,5.5445,0.2952,-0.1556,-0.1886
1624274069962,-3.1168,-9.3566,5.2215,0.3869,-0.0432,-0.0628
1624274069972,-3.3417,-8.4904,5.2406,0.3636,0.0753,0.1070
1624274069984,-3.5810,-8.4067,5.6139,0.1780,0.2195,0.2793
1624274069993,-3.8634,-8.8470,5.9656,-0.1531,0.3710,0.3685
1624274070003,-4.0620,-9.1485,6.0924,-0.4842,0.5041,0.3783
1624274070012,-4.1744,-9.2609,5.8651,-0.5856,0.6104,0.4051
1624274070022,-4.2438,-9.1580,5.6163,-0.5184,0.7143,0.4760
1624274070032,-4.3204,-8.7082,5.4583,-0.3620,0.8218,0.5212
1624274070042,-4.4735,-8.1267,5.3363,-0.1776,0.9293,0.5383
1624274070051,-4.5956,-7.6123,5.2813,0.0106,1.0258,0.5395
1624274070061,-4.6482,-7.3466,5.1449,0.2097,1.0967,0.5273
1624274070070,-4.5501,-7.1552,4.9702,0.4773,1.1443,0.4735
1624274070079,-4.4377,-6.9064,4.8147,0.8719,1.1810,0.3893
1624274070088,-4.2941,-6.8729,4.7620,1.5280,1.2274,0.2903
1624274070097,-4.1362,-6.9279,4.8051,2.3538,1.2702,0.1926
1624274070107,-3.8921,-6.9375,4.7333,3.2836,1.2836,0.0936
1624274070117,-3.5619,-6.9447,4.3624,4.2622,1.2482,-0.0396
1624274070127,-3.1790,-7.0523,3.9030,5.0978,1.1761,-0.1471
1624274070137,-2.9302,-6.8753,3.4651,5.5670,1.0356,-0.2375
1624274070146,-2.8991,-6.1646,3.1158,5.6427,0.8413,-0.3731
1624274070155,-2.9541,-5.3798,2.9722,5.4888,0.6397,-0.5368
1624274070166,-2.8560,-5.2505,3.2737,5.2066,0.4394,-0.6675
1624274070174,-2.5330,-5.4850,3.8049,4.8132,0.2109,-0.7421
1624274070185,-2.1932,-5.7937,4.3672,4.4064,-0.0188,-0.7934
1624274070195,-1.8797,-6.4206,4.8099,4.1253,-0.1947,-0.7921
1624274070204,-1.6237,-7.3610,5.0779,3.8883,-0.3498,-0.7359
1624274070214,-1.2959,-7.8515,5.1377,3.5902,-0.5331,-0.6956
1624274070224,-0.9561,-7.5189,5.0109,3.2042,-0.7054,-0.6846
1624274070232,-0.7838,-7.0164,5.1927,2.8279,-0.8019,-0.6602
1624274070241,-0.7096,-6.6791,5.5588,2.4882,-0.8324,-0.5942
1624274070251,-0.8293,-6.1383,5.7120,2.1449,-0.8214,-0.5172
1624274070260,-0.9824,-6.0091,6.2408,1.8371,-0.7823,-0.4183
1624274070271,-0.9393,-6.1048,7.0089,1.4876,-0.7701,-0.3364
1624274070281,-0.8484,-6.0306,7.5808,1.1211,-0.7665,-0.3291
1624274070291,-0.7503,-5.9636,8.2029,0.8939,-0.7335,-0.3548
1624274070301,-0.8125,-5.9780,8.8059,0.7937,-0.6797,-0.3376
1624274070311,-0.9585,-5.8583,8.9543,0.7363,-0.6467,-0.2815
1624274070320,-0.9776,-5.4539,8.6552,0.6410,-0.6333,-0.2497
1624274070330,-0.8197,-5.2099,8.5140,0.5188,-0.6064,-0.2485
1624274070339,-0.7072,-5.0352,8.5523,0.3612,-0.5539,-0.2436
1624274070349,-0.7647,-4.9371,8.6695,0.2085,-0.4794,-0.2277
1624274070358,-0.8891,-4.8533,8.5403,0.1511,-0.4085,-0.2045
1624274070368,-0.8939,-5.0400,8.6049,0.1645,-0.3376,-0.1642
1624274070378,-0.8221,-5.2625,8.8274,0.2219,-0.2509,-0.1141
1624274070387,-0.8436,-5.1213,8.9758,0.2635,-0.1556,-0.0921
1624274070396,-0.8915,-4.6667,9.0500,0.2647,-0.0774,-0.1019
1624274070407,-0.9465,-4.5662,8.9638,0.2317,-0.0175,-0.1092
1624274070416,-1.0255,-4.7863,9.0667,0.2036,0.0179,-0.1165
1624274070426,-1.1164,-4.8725,8.8729,0.1865,0.0154,-0.1409
1624274070435,-1.0327,-4.7648,8.9782,0.1547,-0.0237,-0.1752
1624274070445,-1.0063,-4.9203,8.9208,0.1841,-0.0786,-0.2082
1624274070454,-1.0733,-4.9299,8.3441,0.2513,-0.1287,-0.2130
1624274070464,-1.1236,-4.3389,8.2508,0.3209,-0.1690,-0.2338
1624274070474,-1.2241,-4.1092,8.3441,0.3905,-0.1605,-0.1678
1624274070483,-1.1930,-4.4298,8.2675,0.2855,-0.1532,-0.0872
1624274070493,-1.1810,-4.4848,8.4230,0.1584,-0.1409,-0.1581
1624274070503,-1.4035,-4.3915,8.7150,0.1755,-0.0676,-0.1495
1624274070513,-1.4562,-4.4011,9.3204,0.2891,-0.0444,-0.0689
1624274070522,-1.3389,-4.3126,9.4161,0.4577,-0.0970,-0.0481
1624274070532,-1.1547,-4.4178,9.2007,0.5921,-0.0835,0.0020
1624274070539,-1.1834,-4.4083,9.5788,0.6569,-0.0102,0.1009
1624274070548,-1.1451,-5.1094,9.8564,0.6691,0.0667,0.1522
1624274070558,-1.1499,-5.5807,9.6936,0.7522,0.1168,0.1535
1624274070568,-1.1547,-5.1835,9.6649,0.8279,0.1352,0.1241
1624274070579,-1.1475,-4.2216,9.6482,0.7790,0.1523,0.1302
1624274070589,-1.4610,-3.2142,9.4807,0.5310,0.1572,0.0753
1624274070598,-1.9659,-2.2452,8.9255,0.0814,0.1620,0.0179
1624274070609,-1.9587,-2.6998,8.5953,-0.3205,0.1645,0.0081
1624274070616,-1.8510,-2.6328,8.0976,-0.6247,0.1926,-0.0371
1624274070629,-1.7553,-3.4081,8.8394,-0.6406,0.2915,-0.0127
1624274070635,-2.1525,-2.4605,8.8250,-0.6614,0.3404,0.0191
1624274070646,-1.8510,-3.0468,9.4017,-0.8116,0.2989,0.0288
1624274070656,-1.8725,-3.1425,9.1577,-0.9888,0.2744,-0.0957
1624274070664,-1.9443,-2.8170,8.9495,-1.1855,0.2451,-0.2204
1624274070675,-1.7481,-3.0874,8.5044,-1.3419,0.1791,-0.2375
1624274070683,-1.6069,-2.9415,8.0522,-1.5434,0.1633,-0.3364
1624274070694,-1.6955,-2.7261,7.9899,-1.8098,0.2011,-0.4183
1624274070705,-1.5974,-2.9487,7.9708,-2.1189,0.2329,-0.4293
1624274070714,-1.5041,-3.5756,8.0761,-2.3864,0.2622,-0.4549
1624274070724,-1.4179,-4.1690,8.0809,-2.6344,0.2842,-0.4806
1624274070733,-1.2026,-4.7959,8.1000,-2.8763,0.2830,-0.4794
1624274070743,-1.0829,-5.4515,8.5786,-3.0535,0.3062,-0.4586
1624274070753,-1.2217,-5.6095,8.6288,-3.1964,0.3270,-0.4403
1624274070762,-1.3174,-5.8176,8.6528,-3.2526,0.3025,-0.3755
1624274070772,-1.4347,-6.5092,8.4039,-3.1769,0.2830,-0.2888
1624274070781,-1.4538,-7.3012,7.8368,-2.9814,0.2977,-0.2533
1624274070791,-1.4059,-7.8133,7.3247,-2.6918,0.3331,-0.2424
1624274070800,-1.4729,-7.9903,6.7409,-2.2789,0.3795,-0.2142
1624274070809,-1.5950,-7.6242,6.1882,-1.8574,0.4149,-0.1642
1624274070820,-1.8199,-7.2462,6.0829,-1.4151,0.4626,-0.0982
1624274070829,-2.0712,-7.3945,6.2312,-0.9827,0.5139,-0.0322
1624274070839,-2.1956,-7.6386,6.4059,-0.6345,0.5200,0.0142
1624274070847,-2.2099,-7.9927,6.3317,-0.2667,0.5005,0.0240
1624274070856,-2.2363,-8.3134,6.1140,0.1523,0.4687,0.0166
1624274070866,-2.2698,-8.5694,5.8053,0.5665,0.4015,0.0215
1624274070875,-2.3463,-8.3947,5.5541,0.8511,0.3196,0.0203
1624274070887,-2.4468,-7.8013,5.4177,0.9684,0.2415,-0.0078
1624274070897,-2.6406,-7.0093,5.2167,0.9110,0.1779,-0.0542
1624274070905,-2.8656,-6.3584,5.0731,0.7204,0.1242,-0.1190
1624274070916,-2.9709,-5.7746,5.2621,0.5078,0.0948,-0.1813
1624274070925,-2.8991,-5.7195,5.9585,0.4247,0.0887,-0.1996
1624274070935,-2.7340,-6.2484,6.5758,0.4712,0.0667,-0.1605
1624274070944,-2.5138,-7.0236,6.9945,0.5885,0.0399,-0.1214
1624274070954,-2.3056,-7.4280,6.7624,0.7485,0.0301,-0.0945
1624274070964,-2.2123,-7.5788,6.3796,0.9525,0.0411,-0.0689
1624274070973,-2.2626,-7.4878,6.3461,1.2189,0.0838,-0.0163
1624274070983,-2.3846,-7.1959,6.4466,1.4339,0.1327,0.0362
1624274070992,-2.4516,-6.7987,6.5543,1.5695,0.1645,0.0728
1624274071002,-2.3559,-6.3225,6.5590,1.4791,0.1706,0.0838
1624274071012,-2.2147,-6.0115,6.4322,1.1297,0.1730,0.0679
1624274071021,-2.1310,-5.6095,6.4059,0.5750,0.1645,-0.0029
1624274071031,-2.1669,-5.0543,6.6524,-0.0407,0.1498,-0.1104
1624274071041,-2.2052,-5.2577,7.0902,-0.4928,0.1254,-0.1703
1624274071050,-2.1645,-5.9062,7.1620,-0.6760,0.0777,-0.1935
1624274071060,-2.0592,-6.7413,6.9874,-0.5978,0.0240,-0.1923
1624274071069,-1.9563,-7.4735,6.8390,-0.3193,-0.0273,-0.1800
1624274071079,-1.9061,-7.3156,6.3533,0.0130,-0.0982,-0.1923
1624274071087,-1.9467,-6.3752,5.9297,0.3466,-0.1605,-0.2033
1624274071098,-1.9061,-5.7865,5.9632,0.7094,-0.1800,-0.1336
1624274071107,-1.7194,-5.7315,6.2599,0.9427,-0.1800,-0.0383
1624274071115,-1.5256,-5.8511,6.4394,1.0075,-0.1837,-0.0176
1624274071125,-1.4107,-5.9947,6.7002,0.9257,-0.1788,-0.0420
1624274071136,-1.3533,-5.8679,7.2721,0.7436,-0.1702,-0.0579
1624274071144,-1.3748,-5.5688,7.7818,0.5359,-0.1654,-0.0713
1624274071154,-1.3916,-5.3415,8.0976,0.3490,-0.1739,-0.0860
1624274071163,-1.3055,-5.6669,8.0426,0.1926,-0.1788,-0.0823
1624274071173,-1.0710,-6.4589,7.7291,0.0839,-0.1739,-0.0896
1624274071183,-0.8580,-7.1433,7.6382,0.0521,-0.1593,-0.1422
1624274071192,-0.7479,-6.7748,7.5353,0.1352,-0.1177,-0.2033
1624274071204,-0.6905,-5.6573,7.4970,0.3111,-0.0554,-0.2069
1624274071214,-0.5565,-5.1357,7.5425,0.5200,0.0057,-0.1275
1624274071221,-0.3986,-5.3415,7.6621,0.5714,0.0753,-0.0176
1624274071232,-0.3459,-5.7674,7.4970,0.3673,0.1804,0.0386
1624274071242,-0.4919,-5.8822,7.4516,0.0143,0.2915,-0.0041
1624274071251,-0.8436,-5.6358,7.5592,-0.3217,0.3746,-0.0848
1624274071261,-1.1523,-5.5305,7.8248,-0.5404,0.4210,-0.1324
1624274071271,-1.3629,-5.4372,7.8560,-0.6614,0.4272,-0.1507
1624274071281,-1.4921,-5.4276,7.6908,-0.7249,0.4198,-0.1642
1624274071290,-1.6213,-5.6980,7.4396,-0.7127,0.4149,-0.1825
1624274071299,-1.6740,-5.9038,7.1118,-0.6589,0.4015,-0.2130
1624274071309,-1.7936,-6.0378,6.8151,-0.5636,0.3807,-0.2363
1624274071319,-1.9252,-6.0497,6.5471,-0.4500,0.3526,-0.2338
1624274071328,-2.0185,-6.3106,6.2815,-0.3315,0.3184,-0.1996
1624274071338,-1.8941,-6.8394,5.9848,-0.2655,0.2647,-0.1703
1624274071348,-1.7697,-7.3419,5.6163,-0.2558,0.1950,-0.2130
1624274071357,-1.8103,-7.3251,5.8125,-0.2117,0.1510,-0.2900
1624274071367,-1.9707,-6.7437,6.3820,-0.0762,0.1254,-0.3242
1624274071377,-2.1573,-6.0115,7.1070,0.1156,0.0606,-0.2876
1624274071386,-2.3009,-5.6669,7.3702,0.2146,-0.0407,-0.2045
1624274071395,-2.3655,-6.1383,7.1955,0.2439,-0.1104,-0.1373
1624274071405,-2.2650,-7.0787,6.9730,0.2586,-0.1519,-0.1092
1624274071413,-2.0951,-7.4639,6.8605,0.2794,-0.2069,-0.1165
1624274071425,-1.9467,-7.2079,6.5160,0.3490,-0.2717,-0.1202
1624274071434,-1.9013,-6.7030,6.7098,0.4370,-0.3132,-0.1068
1624274071444,-2.0018,-6.1359,6.8127,0.4675,-0.3071,-0.0774
1624274071453,-2.0018,-5.6549,6.7911,0.4113,-0.2900,-0.0872
1624274071461,-1.9970,-5.7961,6.5231,0.3844,-0.2594,-0.0884
1624274071471,-1.8558,-6.0737,7.1692,0.3160,-0.2167,-0.0347
1624274071482,-1.9754,-6.2077,7.2171,0.2158,-0.1666,-0.0029
1624274071491,-1.9371,-5.5209,6.9802,0.1242,-0.1507,-0.0677
1624274071500,-1.9228,-5.3702,7.0065,0.1389,-0.1434,-0.0750
1624274071511,-1.7505,-6.0473,7.2506,0.1462,-0.1238,0.0594
1624274071521,-1.6668,-6.3991,7.3080,0.1328,-0.0957,0.0643
1624274071531,-1.6931,-6.1742,7.5951,0.1547,-0.0591,-0.0310
1624274071540,-1.6069,-6.0497,7.8177,0.1205,-0.0359,-0.0457
1624274071550,-1.3629,-6.1048,7.6526,0.0460,-0.0652,-0.0481
1624274071559,-1.1236,-5.9421,7.3080,-0.1018,-0.1055,-0.0860
1624274071569,-1.0901,-6.1191,7.0185,-0.2521,-0.0860,-0.0957
1624274071579,-1.1858,-6.7102,7.0424,-0.3779,-0.0347,-0.0615
1624274071587,-1.2696,-6.2388,7.0783,-0.4952,-0.0212,-0.0774
1624274071598,-1.3294,-6.0091,6.9634,-0.4085,-0.0005,-0.0774
1624274071611,-1.3078,-6.2268,7.4994,-0.2264,0.0130,-0.0261
1624274071615,-1.1978,-6.4613,7.4348,-0.1983,-0.0224,0.0191
1624274071626,-1.0135,-6.4350,7.5927,-0.2240,-0.0322,0.0118
1624274071634,-1.1044,-5.9157,7.9541,-0.2117,-0.0041,-0.0041
1624274071645,-1.3557,-5.7746,8.1670,-0.1702,0.0032,0.0337
1624274071654,-1.4371,-5.9732,8.1120,-0.1458,-0.0334,0.0679
1624274071665,-1.4059,-6.2053,7.8201,-0.1714,-0.0603,0.0569
1624274071673,-1.3246,-6.4230,7.5784,-0.2325,-0.0823,0.0154
1624274071684,-1.2552,-6.7078,6.9467,-0.2814,-0.1202,-0.0163
1624274071694,-1.0398,-7.2797,6.8869,-0.2533,-0.1348,-0.0005
1624274071703,-0.9489,-7.2557,7.0161,-0.1702,-0.1202,-0.0163
1624274071713,-1.0016,-6.5881,7.2195,-0.1360,-0.0811,-0.0408
1624274071723,-0.9968,-6.3177,7.5736,-0.1898,-0.0395,-0.0249
1624274071732,-0.9011,-6.5738,7.6358,-0.3095,0.0093,-0.0139
1624274071742,-0.8723,-6.9136,7.5616,-0.4182,0.0692,-0.0371
1624274071752,-0.7623,-7.1887,7.4994,-0.4634,0.1181,-0.0444
1624274071761,-0.6738,-7.2462,7.4157,-0.4133,0.1462,-0.0371
1624274071769,-0.6905,-6.8322,7.2458,-0.3327,0.1669,-0.0151
1624274071778,-0.7647,-6.5020,7.2075,-0.2741,0.1963,0.0521
1624274071788,-0.7982,-6.7604,7.2242,-0.2985,0.2256,0.1474
1624274071797,-0.7072,-7.1337,7.3487,-0.4341,0.2500,0.1889
1624274071807,-0.5756,-7.4424,7.4492,-0.5746,0.2830,0.1828
1624274071819,-0.4775,-7.6123,7.5233,-0.6626,0.3123,0.1974
1624274071828,-0.3053,-7.9090,7.3654,-0.7237,0.3111,0.2524
1624274071838,-0.1019,-8.1554,6.9036,-0.8043,0.2977,0.2927
1624274071847,0.1566,-8.4976,6.4155,-0.9314,0.3111,0.3404
1624274071857,0.2858,-8.7895,6.1283,-1.1061,0.3404,0.4222
1624274071867,0.2212,-8.9355,6.0135,-1.3785,0.3563,0.5285
1624274071877,0.0824,-9.2274,5.7455,-1.6913,0.3624,0.6397
1624274071886,0.0154,-9.6270,5.4536,-2.0334,0.3343,0.7399
1624274071896,0.0824,-10.0170,5.1760,-2.4329,0.2793,0.8450
1624274071905,0.0872,-10.1032,4.9511,-2.8544,0.2121,0.9488
1624274071915,-0.1856,-9.8663,5.0037,-3.1867,0.1352,1.0380
1624274071925,-0.6642,-9.6127,4.9367,-3.3577,0.0374,1.1382
1624274071934,-1.0901,-9.4236,4.5539,-3.3455,-0.0823,1.2335
1624274071944,-1.3605,-9.4691,4.0394,-3.1659,-0.2179,1.2872
1624274071954,-1.5423,-9.3710,3.2043,-2.9606,-0.3755,1.3239
1624274071963,-1.7457,-8.7393,2.5128,-2.8421,-0.5453,1.3300
1624274071973,-2.0281,-8.0310,2.1730,-2.7041,-0.6846,1.3019
1624274071982,-2.4133,-7.1552,2.1658,-2.5636,-0.8165,1.2457
1624274071992,-2.8105,-6.3656,2.6157,-2.4097,-0.9754,1.1443
1624274072002,-3.1216,-6.1646,2.9746,-2.2020,-1.1513,1.0111
1624274072010,-3.2125,-6.4446,3.0320,-1.9698,-1.3187,0.8608
1624274072021,-3.1647,-6.6862,2.9937,-1.7634,-1.4714,0.6959
1624274072030,-3.0379,-6.7054,3.0009,-1.4946,-1.5850,0.5652
1624274072040,-3.1264,-6.5403,3.0033,-1.1549,-1.6437,0.4894
1624274072049,-3.2700,-6.7413,2.9363,-0.7505,-1.6437,0.4247
1624274072059,-3.4638,-7.1457,3.0703,-0.3853,-1.6351,0.3441
1624274072069,-3.4853,-7.1576,3.3790,-0.1531,-1.6155,0.2549
1624274072078,-3.4901,-6.8801,3.6565,-0.0102,-1.5777,0.1730
1624274072086,-3.5571,-6.6121,4.1806,0.1266,-1.5142,0.1254
1624274072095,-3.6696,-6.4374,4.5682,0.1780,-1.4372,0.0838
1624274072106,-3.7916,-6.4182,4.6065,0.1217,-1.3443,0.0288
1624274072115,-3.8538,-6.4685,4.8530,0.0533,-1.2368,-0.0310
1624274072125,-3.7653,-6.6862,5.0013,0.0167,-1.1342,-0.0957
1624274072135,-3.6863,-7.0404,5.1162,0.0203,-1.0511,-0.1519
1624274072144,-3.6743,-7.4639,5.6019,0.0521,-0.9729,-0.1947
1624274072155,-3.6983,-7.9401,5.9776,0.1633,-0.8825,-0.2363
1624274072163,-3.7413,-8.4043,6.2097,0.3746,-0.7799,-0.2521
1624274072173,-3.9064,-8.3612,6.0374,0.6923,-0.6882,-0.2289
1624274072183,-4.1385,-7.8683,5.6402,1.0686,-0.6089,-0.1153
1624274072193,-4.3060,-7.7941,5.7718,1.3447,-0.5331,0.0582
1624274072203,-4.3013,-6.9494,6.0374,1.2958,-0.4403,0.1315
1624274072213,-4.2343,-6.1024,6.5064,1.0246,-0.2814,0.1559
1624274072222,-4.2223,-6.2053,7.0280,0.6471,-0.0701,0.2133
1624274072230,-4.3635,-6.7700,7.3343,0.1095,0.1352,0.2695
1624274072243,-4.5142,-7.1672,7.0089,-0.4414,0.3160,0.2903
1624274072251,-4.5788,-8.2440,6.7864,-0.7139,0.5115,0.3282
1624274072259,-4.6674,-8.7871,6.3915,-0.8006,0.6959,0.3282
1624274072270,-4.7320,-8.6220,6.1092,-0.7322,0.8548,0.2769
1624274072281,-4.6315,-8.0621,5.9704,-0.5746,0.9843,0.2206
1624274072289,-4.4735,-7.5955,5.9297,-0.3840,1.0844,0.1926
1624274072299,-4.3754,-7.2629,5.9393,-0.2020,1.1822,0.1730
1624274072308,-4.3443,-6.9758,5.7838,-0.0224,1.2726,0.1278
1624274072319,-4.3276,-6.6527,5.5158,0.1828,1.3532,0.0667
1624274072328,-4.1912,-6.4493,5.3219,0.4137,1.4021,0.0081
1624274072338,-3.9423,-6.4541,5.0228,0.6605,1.4180,-0.0677
1624274072347,-3.5619,-6.8370,4.4749,0.9232,1.4033,-0.1691
1624274072357,-3.2915,-7.6147,4.0490,1.2922,1.3862,-0.2912
1624274072367,-3.2006,-8.4258,3.9772,1.8358,1.3813,-0.4281
1624274072376,-3.1551,-8.8278,3.8982,2.5872,1.3496,-0.5857
1624274072384,-3.0570,-8.6675,3.8910,3.4803,1.2592,-0.7274
1624274072393,-2.9278,-8.1219,3.7068,4.3526,1.1003,-0.7897
1624274072403,-2.8153,-7.4041,3.8049,5.0575,0.8707,-0.7958
1624274072412,-2.6789,-6.8250,4.0107,5.5450,0.5945,-0.8056
1624274072423,-2.4133,-6.4900,3.7403,5.7991,0.3245,-0.8544
1624274072434,-2.0951,-6.5379,3.5154,5.7673,0.0875,-0.8984
1624274072443,-1.7960,-6.1909,3.3670,5.2958,-0.1532,-0.9168
1624274072454,-1.6285,-5.2051,3.5441,4.3978,-0.3853,-0.9375
1624274072463,-1.4275,-4.5949,4.2021,3.3007,-0.5294,-0.9485
1624274072472,-1.1475,-4.8629,4.9630,2.1095,-0.5991,-0.9302
1624274072482,-0.8652,-5.2362,5.4847,0.8597,-0.6418,-0.9888
1624274072492,-0.7120,-5.9253,6.0183,-0.0908,-0.6186,-1.0744
1624274072501,-0.7216,-7.2677,6.2025,-0.5001,-0.5307,-1.0487
1624274072511,-0.8795,-8.3540,6.4250,-0.5209,-0.4671,-0.9681
1624274072520,-0.9250,-8.7106,6.4825,-0.2912,-0.4696,-0.8838
1624274072530,-0.8819,-7.9305,6.8725,-0.0517,-0.4977,-0.7860
1624274072540,-0.7599,-6.6862,7.2888,0.0912,-0.4916,-0.6785
1624274072549,-0.6139,-6.5044,7.6023,0.1242,-0.4415,-0.5905
1624274072558,-0.4680,-6.9423,7.4061,-0.0016,-0.3865,-0.5796
1624274072568,-0.4416,-7.1002,7.1764,-0.2203,-0.3230,-0.6150
1624274072578,-0.5637,-6.6336,6.9443,-0.4256,-0.2558,-0.6235
1624274072587,-0.6809,-6.0976,6.6117,-0.6113,-0.2155,-0.6174
1624274072597,-0.7048,-6.1455,6.8342,-0.8629,-0.1812,-0.5918
1624274072607,-0.6905,-6.5929,7.2649,-1.1904,-0.1055,-0.5551
1624274072614,-0.6929,-6.6647,7.7004,-1.5471,-0.0163,-0.5905
1624274072624,-0.6020,-6.4470,7.8129,-1.7646,0.0472,-0.6590
1624274072635,-0.5015,-6.6791,7.6597,-1.8745,0.0777,-0.6150
1624274072643,-0.4704,-7.2127,7.1884,-1.8819,0.0875,-0.5172
1624274072653,-0.5039,-7.4591,6.4801,-1.7181,0.1120,-0.5075
1624274072665,-0.4991,-7.5716,6.1546,-1.3846,0.1449,-0.4549
1624274072672,-0.4991,-7.4830,6.3485,-1.0767,0.1584,-0.3267
1624274072682,-0.5565,-7.6769,6.0613,-0.8532,0.1400,-0.2277
1624274072691,-0.4799,-7.7032,5.8819,-0.6943,0.1315,-0.2057
1624274072701,-0.4823,-7.4352,5.7359,-0.6223,0.1437,-0.1972
1624274072710,-0.4823,-7.7151,5.8938,-0.5514,0.1559,-0.1471
1624274072721,-0.5397,-8.1363,6.0613,-0.5001,0.1510,-0.1141
1624274072731,-0.5948,-8.0334,6.3915,-0.4512,0.1486,-0.1581
1624274072741,-0.8221,-7.6290,6.6667,-0.3669,0.1413,-0.1923
1624274072751,-1.0542,-7.7654,6.4035,-0.3645,0.0875,-0.1202
1624274072760,-1.1212,-7.8468,6.0829,-0.4952,0.0313,-0.0774
1624274072768,-1.0829,-8.0860,5.5517,-0.5868,0.0215,-0.1263
1624274072780,-1.0877,-8.2009,6.0063,-0.5942,0.0411,-0.0970
1624274072789,-1.1978,-7.5046,5.7766,-0.6088,0.0240,-0.0689
1624274072799,-1.2408,-7.5453,6.0278,-0.5294,0.0057,-0.1202
1624274072808,-1.3940,-7.6721,5.9632,-0.5184,0.0008,-0.0957
1624274072818,-1.4658,-7.6194,6.0111,-0.6088,-0.0078,-0.0848
1624274072828,-1.4538,-7.5309,5.7838,-0.6565,-0.0200,-0.1031
1624274072837,-1.2265,-7.9305,5.5206,-0.6100,-0.0127,-0.0957
1624274072847,-0.9465,-8.5096,5.1138,-0.5001,0.0032,-0.0738
1624274072856,-0.8293,-8.9068,5.0181,-0.4036,0.0277,-0.0493
1624274072866,-0.8436,-8.7106,5.1473,-0.4036,0.0558,-0.0359
1624274072876,-0.9178,-8.3708,5.5852,-0.4622,0.0704,-0.0420
1624274072885,-1.0662,-7.9544,5.7240,-0.5380,0.0643,-0.0530
1624274072895,-1.1380,-7.7702,5.7551,-0.6540,0.0484,-0.0738
1624274072904,-1.2408,-7.8300,5.5756,-0.7408,0.0313,-0.0909
1624274072913,-1.2217,-7.9018,5.3315,-0.8018,0.0179,-0.1019
1624274072924,-1.0805,-7.9401,5.2502,-0.7848,0.0154,-0.1177
1624274072933,-1.0159,-7.9496,5.2908,-0.7310,0.0277,-0.1153
1624274072943,-0.9800,-8.0071,5.1377,-0.6516,0.0399,-0.0921
1624274072952,-0.8747,-8.1626,5.1425,-0.5917,0.0533,-0.0738
1624274072961,-0.8747,-8.3516,5.1616,-0.5783,0.0655,-0.0628
1624274072971,-0.8628,-8.2320,5.0851,-0.6064,0.0606,-0.0884
1624274072982,-0.8556,-8.0597,4.9630,-0.6430,0.0521,-0.1019
1624274072989,-0.8963,-7.9401,4.7907,-0.7127,0.0411,-0.1080
1624274072998,-0.8149,-7.8635,4.5036,-0.8629,0.0350,-0.1202
1624274073008,-0.7695,-8.1794,4.4581,-1.0254,0.0521,-0.1300
1624274073018,-0.7719,-8.7201,4.6137,-1.1268,0.0875,-0.1361
1624274073028,-0.7958,-9.1365,4.8075,-1.1342,0.1107,-0.1397
1624274073039,-0.7623,-9.2585,4.9846,-1.0584,0.1242,-0.1214
1624274073049,-0.8221,-9.1652,4.9176,-0.9411,0.1242,-0.0957
1624274073057,-0.8604,-9.0480,4.8290,-0.8434,0.1010,-0.0713
1624274073068,-0.9202,-8.9116,4.6185,-0.7872,0.0924,-0.0579
1624274073078,-0.9633,-8.8182,4.2954,-0.7518,0.0814,-0.0554
1624274073087,-0.8963,-8.7632,3.9102,-0.7102,0.0692,-0.0444
1624274073095,-0.9441,-8.7082,3.4579,-0.6369,0.0692,-0.0224
1624274073104,-0.7742,-8.8972,3.3383,-0.5367,0.0838,0.0240
1624274073114,-0.6570,-9.2250,3.5991,-0.4732,0.1095,0.0679
1624274073124,-0.6187,-9.5816,3.7642,-0.5282,0.1315,0.0789
1624274073133,-0.4584,-9.8137,3.9293,-0.6552,0.1290,0.0741
1624274073143,-0.4512,-9.8615,4.1208,-0.7957,0.1193,0.0716
1624274073154,-0.4991,-10.1415,4.0442,-0.8776,0.1034,0.0887
1624274073162,-0.2670,-10.4382,3.6996,-0.8629,0.0765,0.1205
1624274073173,-0.2191,-10.6655,3.3096,-0.8348,0.0460,0.1706
1624274073183,0.0297,-10.8186,2.8358,-0.7860,0.0167,0.2451
1624274073192,0.4317,-10.8593,2.5295,-0.8324,-0.0114,0.3282
1624274073202,0.5442,-10.9622,2.3525,-0.9863,-0.0334,0.4100
1624274073212,0.6040,-11.3211,2.3429,-1.1537,-0.0750,0.4968
1624274073222,0.6303,-11.6107,2.4912,-1.3089,-0.1446,0.5860
1624274073231,0.3456,-11.6442,2.6276,-1.4029,-0.2338,0.6544
1624274073241,0.0609,-11.6274,2.7879,-1.3296,-0.3242,0.7216
1624274073251,-0.1689,-11.2326,2.8741,-1.1293,-0.4207,0.7814
1624274073260,-0.3411,-10.8115,2.3644,-0.8067,-0.4952,0.8450
1624274073270,-0.2550,-10.5076,1.6370,-0.4036,-0.5453,0.9256
1624274073279,-0.0612,-10.2755,0.7110,-0.1177,-0.5759,1.0001
1624274073287,0.4246,-10.1510,0.4286,-0.0676,-0.5856,1.0636
1624274073296,0.2571,-9.6270,1.3451,-0.2704,-0.5746,1.0832
1624274073306,-0.7575,-9.4428,2.2185,-0.5221,-0.5771,1.0844
1624274073316,-1.1212,-9.5193,2.2496,-0.6674,-0.6357,1.0856
1624274073327,-0.9992,-9.5193,1.6920,-0.7102,-0.7041,1.0734
1624274073337,-1.1116,-9.1197,1.5509,-0.7310,-0.7493,1.0563
1624274073347,-1.3342,-8.9642,1.4408,-0.7505,-0.7970,1.0502
1624274073356,-1.4083,-8.7823,1.4886,-0.7469,-0.8495,1.0099
1624274073366,-1.6093,-8.5048,1.6657,-0.7065,-0.8911,0.9610
1624274073375,-1.8343,-8.0813,1.8165,-0.6027,-0.9289,0.9158
1624274073385,-1.9874,-7.6745,1.7447,-0.4341,-0.9705,0.8841
1624274073395,-2.2482,-7.0715,1.6897,-0.3095,-1.0035,0.8340
1624274073402,-2.6071,-6.5451,1.9600,-0.2337,-1.0242,0.7546
1624274073414,-3.0043,-6.4493,2.1251,-0.1458,-1.0389,0.6629
1624274073423,-3.0929,-6.9088,1.8978,-0.0371,-1.0536,0.5554
1624274073433,-2.9661,-6.9231,2.0558,0.0057,-1.0755,0.4235
1624274073443,-3.2436,-6.6049,2.4841,0.0643,-1.0670,0.3098
1624274073452,-3.6863,-6.5283,2.7903,0.2219,-1.0413,0.2304
1624274073461,-3.8730,-6.2842,2.9124,0.3661,-1.0536,0.1461
1624274073472,-3.8825,-5.8799,2.8645,0.4626,-1.0633,0.0594
1624274073481,-3.8251,-5.7961,2.8741,0.5469,-1.0597,-0.0224
1624274073491,-3.7318,-6.0450,3.2282,0.5701,-1.0694,-0.1031
1624274073501,-3.7605,-6.5331,3.7499,0.5384,-1.0731,-0.2216
1624274073510,-3.8083,-7.1887,4.1710,0.5323,-1.0584,-0.3511
1624274073520,-3.9567,-7.6840,4.4103,0.6165,-1.0340,-0.4671
1624274073529,-4.0883,-8.3062,4.5323,0.9171,-0.9900,-0.5307
1624274073538,-4.0763,-8.7369,4.6759,1.2543,-0.9351,-0.5258
1624274073548,-3.9998,-8.7417,5.1473,1.4754,-0.8727,-0.4965
1624274073558,-3.9519,-8.2129,5.7574,1.4889,-0.8031,-0.4623
1624274073568,-3.9926,-7.3227,6.3030,1.2824,-0.7139,-0.4329
1624274073577,-4.1409,-6.5809,6.7385,0.8780,-0.6052,-0.3975
1624274073585,-4.2678,-6.4087,7.2147,0.3954,-0.4500,-0.3205
1624274073594,-4.3635,-7.0858,7.4779,-0.0700,-0.2766,-0.2130
1624274073609,-4.2773,-7.8850,7.3295,-0.4622,-0.0994,-0.1165
1624274073613,-4.1792,-8.3684,6.6141,-0.7457,0.0924,-0.0420
1624274073623,-4.1792,-8.6579,5.7311,-0.8654,0.2952,0.0423
1624274073634,-4.3778,-8.9235,5.1664,-0.8629,0.4883,0.1437
1624274073643,-4.5693,-9.0121,4.7477,-0.7908,0.6568,0.2512
1624274073652,-4.6889,-8.7584,4.7309,-0.6760,0.8132,0.3343
1624274073663,-4.6387,-8.2918,4.8195,-0.5697,0.9623,0.3893
1624274073673,-4.6028,-8.1722,5.1377,-0.5245,1.0869,0.4332
1624274073682,-4.4496,-7.4711,4.6879,-0.6956,1.1590,0.4320
1624274073692,-4.2941,-7.5716,4.7860,-0.7738,1.2029,0.4003
1624274073702,-4.3180,-7.8156,4.8051,-0.6394,1.2604,0.3624
1624274073712,-4.3587,-7.8037,4.8386,-0.3071,1.3215,0.3037
1624274073721,-4.2726,-7.9233,4.7812,0.2928,1.3593,0.2378
1624274073731,-4.0141,-8.0095,4.3002,0.9489,1.3740,0.1803
1624274073740,-3.6432,-7.7223,3.5704,1.4620,1.3789,0.1168
1624274073750,-3.3346,-7.2486,2.8717,1.7919,1.3508,0.0411
1624274073759,-3.2149,-6.7628,2.3884,1.8908,1.2848,-0.0506
1624274073769,-3.1766,-6.4876,1.9170,1.8603,1.1956,-0.1825
1624274073779,-3.0570,-6.2747,1.8571,1.8004,1.0954,-0.3609
1624274073789,-2.7603,-6.7772,2.4888,2.0093,1.0050,-0.5319
1624274073798,-2.3344,-7.6793,2.9459,2.5664,0.9330,-0.6700
1624274073808,-1.7984,-8.6627,3.1995,3.3557,0.8816,-0.7445
1624274073817,-1.1882,-9.4500,3.3694,4.1131,0.7998,-0.6907
1624274073827,-0.6498,-9.4500,3.5154,4.4772,0.6275,-0.5783
1624274073837,-0.4512,-8.6579,3.7379,4.3477,0.3991,-0.5099
1624274073844,-0.6618,-7.8085,3.8767,3.7894,0.2121,-0.4965
1624274073854,-1.0542,-7.4543,3.9772,2.9354,0.0765,-0.5380
1624274073865,-1.2217,-7.6529,3.7379,2.0081,-0.0615,-0.6419
1624274073873,-1.1810,-7.6481,3.3838,1.2592,-0.1849,-0.8129
1624274073885,-1.1212,-7.8994,3.5896,1.0869,-0.2155,-0.9118
1624274073894,-1.0255,-8.9738,4.1351,1.4754,-0.1678,-0.8337
1624274073904,-0.7336,-9.5385,4.6998,1.8957,-0.1922,-0.7066
1624274073913,-0.3435,-8.3516,4.9176,1.8896,-0.3107,-0.6150
1624274073921,-0.1928,-6.8083,5.0946,1.5182,-0.3657,-0.5600
1624274073931,-0.4632,-6.0569,5.4559,0.9501,-0.3059,-0.5551
1624274073940,-0.8628,-6.0689,5.7886,0.2366,-0.2191,-0.6015
1624274073950,-1.0040,-6.4637,6.0565,-0.3559,-0.1764,-0.7042
1624274073959,-0.9370,-7.1385,6.3413,-0.6394,-0.1605,-0.7604
1624274073971,-0.7479,-7.6051,6.4059,-0.6809,-0.1373,-0.7127
1624274073981,-0.5613,-7.6362,6.4083,-0.6113,-0.1079,-0.6504
1624274073990,-0.5661,-7.7558,6.5399,-0.4610,-0.0517,-0.5869
1624274074000,-0.7336,-7.9903,6.6954,-0.3352,0.0118,-0.5221
1624274074009,-0.8221,-7.9999,6.8988,-0.2533,0.0423,-0.4745
1624274074019,-0.8604,-7.7463,6.9491,-0.2350,0.0362,-0.4427
1624274074029,-0.8915,-7.6649,6.8223,-0.2900,0.0191,-0.4183
1624274074038,-0.9106,-7.6171,6.4777,-0.4402,-0.0053,-0.4110
1624274074048,-0.9346,-7.4065,6.1929,-0.5844,-0.0163,-0.4354
1624274074057,-1.0207,-7.4424,5.9441,-0.6394,-0.0078,-0.4183
1624274074067,-1.0375,-7.3490,5.2765,-0.6919,-0.0078,-0.3877
1624274074077,-0.9705,-7.1672,5.0013,-0.7249,-0.0151,-0.3877
1624274074086,-0.9513,-7.5094,5.2071,-0.6797,0.0277,-0.3499
1624274074099,-1.0518,-7.8707,5.5038,-0.6357,0.0619,-0.3169
1624274074103,-1.0087,-8.2033,5.8412,-0.5648,0.0741,-0.3047
1624274074114,-0.9274,-8.4617,5.9489,-0.5013,0.0802,-0.2827
1624274074122,-0.8604,-8.3110,6.0494,-0.4915,0.0790,-0.2815
1624274074133,-0.8365,-8.0525,6.0996,-0.5099,0.0863,-0.2912
1624274074142,-0.8939,-8.0645,5.9776,-0.5416,0.0851,-0.2961
1624274074153,-0.8987,-8.2822,5.7933,-0.5807,0.0692,-0.3144
1624274074161,-0.9489,-8.1602,5.3913,-0.5856,0.0448,-0.3328
1624274074172,-0.9609,-7.9425,5.0157,-0.5074,0.0350,-0.3108
1624274074182,-0.8125,-8.2440,4.9941,-0.2973,0.0325,-0.2338
1624274074192,-0.7001,-8.2966,5.2693,-0.1653,0.0264,-0.1556
1624274074202,-0.8556,-8.1100,5.3411,-0.1287,0.0277,-0.1055
1624274074211,-0.9633,-8.3110,5.5014,-0.0859,0.0081,-0.0713
1624274074219,-0.9752,-8.5383,5.4225,-0.0725,-0.0249,-0.0396
1624274074228,-0.9920,-8.5981,5.4631,-0.0419,-0.0517,-0.0432
1624274074238,-1.1021,-8.5359,5.3985,0.0289,-0.0664,-0.0371
1624274074247,-1.1260,-8.4210,5.5636,0.0741,-0.0847,-0.0176
1624274074257,-1.1212,-8.1147,5.3650,0.1095,-0.0933,-0.0383
1624274074269,-1.0063,-7.9903,5.3770,0.1951,-0.0945,-0.0725
1624274074279,-0.8245,-8.0214,5.2119,0.3050,-0.0957,-0.0640
1624274074288,-0.7599,-7.8922,5.1736,0.3930,-0.0957,-0.0371
1624274074297,-0.8245,-7.7941,5.3770,0.4467,-0.0970,-0.0151
1624274074307,-0.9585,-7.7343,5.5876,0.4321,-0.0970,-0.0114
1624274074317,-1.0063,-7.9808,5.8005,0.3490,-0.0957,-0.0090
1624274074327,-0.9824,-7.9329,5.9800,0.2659,-0.0970,-0.0457
1624274074336,-0.9322,-7.7822,6.1451,0.2195,-0.1018,-0.0677
1624274074346,-0.8269,-7.7199,6.0063,0.1914,-0.1079,-0.0542
1624274074353,-0.6953,-7.8611,6.0087,0.1425,-0.1092,-0.0444
1624274074365,-0.6259,-8.0334,6.1236,0.0521,-0.0921,-0.0432
1624274074375,-0.5086,-8.0669,5.9752,-0.0859,-0.0676,-0.0432
1624274074384,-0.3076,-8.2870,5.9130,-0.2460,-0.0554,-0.0432
1624274074393,-0.3196,-8.2703,6.0374,-0.3119,-0.0090,0.0008
1624274074403,-0.5541,-8.2727,6.0996,-0.2704,0.0411,0.0374
1624274074413,-0.4369,-8.2942,6.0398,-0.1788,0.0289,0.0423
1624274074423,-0.2239,-8.4474,5.9704,-0.1397,0.0350,0.0838
1624274074432,-0.3100,-8.7034,6.0733,-0.0334,0.0655,0.1034
1624274074442,-0.5254,-8.4521,5.9130,0.0301,0.0582,0.1156
1624274074451,-0.4751,-8.1554,5.8197,0.1022,0.0338,0.1437
1624274074461,-0.2741,-7.9233,5.5588,0.1328,0.0154,0.1559
1624274074470,-0.0995,-7.7845,5.8125,0.0546,0.0264,0.1522
1624274074480,-0.1521,-7.9281,6.0685,-0.0346,0.0570,0.1400
1624274074490,-0.0899,-8.0334,5.9967,-0.1104,0.0643,0.1351
1624274074500,-0.0205,-8.2631,6.0302,-0.1592,0.0631,0.1742
1624274074509,0.0632,-8.9164,6.3509,-0.1739,0.0997,0.2414
1624274074519,0.1446,-9.3399,6.6811,-0.2484,0.1462,0.2805
1624274074527,0.1829,-9.3183,6.6428,-0.3461,0.1681,0.2976
1624274074537,0.2786,-9.3016,6.3389,-0.4121,0.1718,0.3416
1624274074546,0.4820,-9.5361,5.8508,-0.4696,0.1816,0.4222
1624274074555,0.6830,-9.6797,5.6187,-0.5758,0.2109,0.4955
1624274074568,0.7356,-9.8591,5.4703,-0.7322,0.2451,0.5750
1624274074577,0.7452,-9.9907,5.1568,-0.9619,0.2390,0.6580
1624274074586,0.8098,-9.9381,4.7453,-1.2514,0.2207,0.7326
1624274074595,0.7117,-9.9381,4.5850,-1.5251,0.2073,0.8120
1624274074604,0.5729,-10.4454,3.6087,-1.7353,0.1816,0.9195
1624274074613,0.6830,-10.7564,5.5923,-1.6644,0.1400,0.9891
1624274074622,-0.4464,-9.6366,4.0657,-2.1115,0.1364,1.2274
1624274074633,0.1159,-10.5650,3.9413,-2.3327,-0.0566,1.2652
1624274074644,-0.4991,-9.2418,3.2713,-2.4927,-0.1886,1.0490
1624274074652,-1.3342,-9.7969,4.0849,-2.0309,-0.1568,1.2604
1624274074661,-1.3892,-9.4547,3.8241,-1.7487,-0.3205,1.3715
1624274074673,-1.2648,-8.6866,3.2737,-1.5471,-0.4989,1.3178
1624274074681,-1.5663,-7.8085,2.8932,-1.3101,-0.5441,1.2420
1624274074691,-2.2219,-7.3945,2.7257,-0.9619,-0.5490,1.2371
1624274074701,-2.8488,-7.4448,2.2304,-0.4659,-0.5429,1.2200
1624274074711,-3.5069,-7.5046,2.3142,0.1975,-0.5319,1.0979
1624274074720,-4.1649,-7.0141,2.9076,1.0087,-0.5221,0.9427
1624274074730,-4.6075,-5.9684,3.8791,1.9079,-0.5246,0.8364
1624274074740,-4.9354,-4.5518,4.3241,2.7680,-0.5294,0.7692
1624274074749,-5.2871,-3.4153,4.8290,3.4571,-0.5013,0.7118
1624274074759,-5.4618,-3.0420,5.7359,3.8578,-0.4500,0.6434
1624274074768,-5.3780,-3.1712,6.1499,3.7735,-0.4512,0.5383
1624274074778,-5.0885,-2.8314,5.9656,3.1272,-0.5013,0.3599
1624274074789,-5.0406,-2.2284,6.1523,2.1400,-0.4952,0.1058
1624274074797,-5.1292,-2.2954,6.4873,1.2103,-0.4134,-0.1568
1624274074807,-4.9904,-3.0755,6.2719,0.3844,-0.3389,-0.3535
1624274074817,-4.5717,-4.5877,5.7718,-0.1959,-0.2643,-0.4549
1624274074824,-4.2582,-6.2436,5.7216,-0.4586,-0.1458,-0.5062
1624274074834,-4.0811,-7.4567,5.7622,-0.4891,-0.0017,-0.5356
1624274074843,-3.9232,-7.9185,5.8795,-0.3804,0.1181,-0.5368
1624274074853,-3.8060,-7.6673,5.9489,-0.2777,0.1938,-0.5014
1624274074862,-3.8993,-7.1696,6.0685,-0.2582,0.2720,-0.4501
1624274074873,-4.0045,-6.8011,6.1546,-0.3107,0.3673,-0.4256
1624274074883,-3.9591,-6.7341,6.1953,-0.4060,0.4394,-0.4110
1624274074893,-3.9447,-6.9423,6.0853,-0.4646,0.4797,-0.3877
1624274074903,-4.0811,-7.2366,5.8029,-0.4182,0.5139,-0.3474
1624274074913,-4.1409,-7.4998,5.4320,-0.2496,0.5359,-0.2924
1624274074922,-4.0955,-7.6410,5.0372,-0.0090,0.5371,-0.2350
1624274074932,-4.0285,-7.4567,4.6735,0.1633,0.5200,-0.1874
1624274074942,-4.0357,-7.1361,4.3313,0.2415,0.4980,-0.1727
1624274074951,-4.0692,-6.9231,4.0968,0.2439,0.4736,-0.2020
1624274074961,-3.9854,-6.6408,4.0896,0.1523,0.4320,-0.2607
1624274074970,-3.8251,-6.4158,4.2356,0.0484,0.3795,-0.3413
1624274074980,-3.6241,-6.7126,4.1375,0.0057,0.3233,-0.4061
1624274074989,-3.2724,-7.2342,4.1566,-0.0261,0.2537,-0.4403
1624274074999,-3.0498,-7.7080,4.3146,0.0216,0.1963,-0.4635
1624274075009,-2.9039,-7.9640,4.5347,0.1682,0.1584,-0.4720
1624274075018,-2.8488,-7.9042,4.6017,0.3490,0.1046,-0.4501
1624274075028,-2.8536,-7.7726,4.5539,0.4797,0.0264,-0.4073
1624274075037,-2.9158,-7.5405,4.4749,0.5042,-0.0469,-0.3975
1624274075048,-3.0235,-7.1863,4.6137,0.4455,-0.1055,-0.4452
1624274075056,-3.0977,-6.5905,4.4103,0.3221,-0.1593,-0.4977
1624274075066,-2.9804,-6.1455,4.3289,0.1975,-0.2057,-0.5050
1624274075075,-2.6957,-6.5092,4.4797,0.1865,-0.2313,-0.4708
1624274075085,-2.3272,-7.1815,4.5419,0.1657,-0.2435,-0.4574
1624274075093,-1.9970,-7.7606,4.5706,0.1205,-0.2484,-0.4806
1624274075104,-1.7433,-8.3373,4.3983,0.0888,-0.2509,-0.5087
1624274075115,-1.4753,-8.8757,4.4270,0.0484,-0.2717,-0.5368
1624274075122,-1.2241,-8.9977,4.8889,-0.0639,-0.3107,-0.5869
1624274075134,-1.1643,-8.4067,5.3459,-0.1470,-0.3144,-0.6602
1624274075141,-1.2552,-7.6936,5.5804,-0.0847,-0.2875,-0.6907
1624274075151,-1.2935,-7.0906,5.7718,0.0766,-0.2729,-0.6284
1624274075160,-1.2241,-7.2438,5.9441,0.3160,-0.2594,-0.5038
1624274075170,-1.1116,-8.3086,6.0900,0.6300,-0.2362,-0.3877
1624274075181,-0.9082,-8.9618,6.1092,0.9024,-0.2057,-0.3205
1624274075191,-0.7719,-8.9116,6.1618,1.0943,-0.1751,-0.2582
1624274075200,-0.7001,-8.3756,6.3844,1.1663,-0.1727,-0.1849
1624274075210,-0.6378,-7.7845,6.4873,1.0588,-0.1947,-0.1483
1624274075220,-0.6402,-7.6194,6.6260,0.8804,-0.1849,-0.1642
1624274075229,-0.6044,-7.7510,6.6882,0.7326,-0.1507,-0.2057
1624274075239,-0.4823,-8.0406,6.4944,0.6960,-0.1153,-0.2387
1624274075249,-0.3651,-7.9377,6.0446,0.6703,-0.0970,-0.2338
1624274075258,-0.2765,-7.0619,5.7383,0.4919,-0.0970,-0.2130
1624274075267,-0.3124,-6.8154,6.0733,0.1670,-0.0469,-0.1752
1624274075277,-0.5541,-7.3179,6.6165,-0.2081,0.0362,-0.1740
1624274075287,-0.7742,-7.2198,6.5088,-0.4488,0.0887,-0.2753
1624274075296,-0.9106,-7.7750,6.5878,-0.3254,0.0863,-0.2839
1624274075306,-0.9465,-8.4737,6.8438,-0.0871,0.0509,-0.1373
1624274075316,-0.9011,-7.8946,6.9491,0.0509,0.0081,-0.1031
1624274075324,-0.9106,-6.9901,7.0926,0.1498,-0.0078,-0.1654
1624274075333,-0.9776,-6.6599,7.1046,0.0998,-0.0017,-0.1397
1624274075343,-1.0087,-6.8178,7.1979,-0.1165,-0.0078,-0.1214
1624274075353,-1.0375,-6.9064,6.2743,-0.3498,-0.0188,-0.1593
1624274075364,-0.9441,-6.7820,5.4440,-0.4940,-0.0200,-0.2057
1624274075374,-1.0303,-6.9016,5.1904,-0.5111,0.0215,-0.1642
1624274075383,-1.1691,-7.4902,5.5277,-0.5013,0.1095,-0.0860
1624274075393,-1.2169,-7.8707,5.2908,-0.4158,0.1767,-0.1239
1624274075402,-1.3007,-7.9114,5.1114,-0.2790,0.1755,-0.2179
1624274075412,-1.4275,-7.9066,5.2885,-0.1812,0.1413,-0.2082
1624274075422,-1.6165,-7.2940,5.6163,-0.2203,0.1144,-0.1886
1624274075431,-1.8127,-6.5522,5.8244,-0.2618,0.1181,-0.2497
1624274075439,-1.9228,-6.4948,5.7287,-0.3144,0.1156,-0.2729
1624274075448,-1.8630,-6.8968,5.4631,-0.4512,0.0643,-0.2668
1624274075458,-1.6955,-7.4926,5.1186,-0.5612,-0.0053,-0.2949
1624274075468,-1.5088,-8.0717,5.0396,-0.5343,-0.0517,-0.3389
1624274075477,-1.4203,-8.1985,4.9582,-0.3938,-0.0737,-0.3706
1624274075489,-1.3342,-8.0214,4.8960,-0.1788,-0.0982,-0.3572
1624274075499,-1.1380,-7.9712,5.2406,-0.0603,-0.1360,-0.2876
1624274075508,-0.9417,-8.1602,5.2095,-0.1592,-0.1702,-0.2253
1624274075518,-0.7503,-8.3540,5.2478,-0.3034,-0.1641,-0.2485
1624274075528,-0.7695,-8.5383,5.3219,-0.2912,-0.1055,-0.2815
1624274075537,-0.7838,-8.6675,5.3124,-0.1604,-0.0627,-0.2363
1624274075547,-0.7695,-8.5909,5.2789,0.0008,-0.0774,-0.1825
1624274075557,-0.6714,-8.4856,5.1162,0.1755,-0.1031,-0.1434
1624274075566,-0.5015,-8.3158,5.0755,0.2769,-0.1043,-0.1068
1624274075576,-0.4081,-7.9951,4.9391,0.2696,-0.1043,-0.0799
1624274075585,-0.3794,-7.8420,5.1162,0.1841,-0.0884,-0.0286
1624274075594,-0.5469,-7.8683,5.7192,0.0766,-0.0469,0.0545
1624274075604,-0.7360,-7.9712,6.1164,-0.0016,-0.0163,0.0912
1624274075615,-0.7168,-8.3660,5.8699,0.0888,-0.0285,0.0765
1624274075622,-0.6402,-8.6627,5.5947,0.2830,-0.0872,0.0716
1624274075633,-0.6666,-8.4402,5.3100,0.4186,-0.1556,0.1009
1624274075643,-0.6570,-7.8180,5.1856,0.4712,-0.1983,0.1021
1624274075651,-0.7048,-7.5979,5.1066,0.5420,-0.1947,0.0826
1624274075662,-0.6690,-7.8539,5.1904,0.5542,-0.1739,0.1168
1624274075670,-0.4871,-8.0406,5.0157,0.4858,-0.1690,0.1608
1624274075681,-0.2933,-8.1315,5.3770,0.3783,-0.1422,0.1571
1624274075690,-0.2670,-7.5788,5.5062,0.1450,-0.0725,0.1302
1624274075700,-0.2311,-7.7558,5.9441,-0.0774,0.0118,0.1241
1624274075709,-0.3531,-8.1171,5.9154,-0.2472,0.0570,0.1254
1624274075719,-0.5493,-8.3062,5.8532,-0.3498,0.0863,0.1364
1624274075729,-0.6929,-8.2583,5.8460,-0.3046,0.0924,0.1486
1624274075737,-0.8077,-8.1243,5.8675,-0.1531,0.0704,0.1535
1624274075747,-0.8963,-7.7415,5.5876,-0.0261,0.0215,0.1608
1624274075756,-0.8891,-7.3036,5.2597,0.0240,-0.0493,0.1657
1624274075766,-0.7599,-7.1863,4.9678,0.0094,-0.0994,0.1535
1624274075775,-0.6355,-7.1744,5.0348,-0.0725,-0.1067,0.1351
1624274075787,-0.5326,-7.4328,5.4679,-0.1812,-0.0823,0.1192
1624274075795,-0.4584,-7.9233,5.7886,-0.2558,-0.0652,0.0973
1624274075804,-0.4464,-8.0023,5.9608,-0.3156,-0.0664,0.0704
1624274075815,-0.5445,-7.9209,5.9345,-0.3083,-0.0652,0.0679
1624274075824,-0.7048,-7.9162,5.9919,-0.2826,-0.0517,0.0826
1624274075833,-0.8030,-7.6458,6.1858,-0.2643,-0.0481,0.0728
1624274075845,-0.8317,-7.4160,6.4322,-0.2496,-0.0334,0.0545
1624274075853,-0.7575,-7.6099,6.5519,-0.2044,-0.0163,0.0582
1624274075864,-0.6402,-7.7869,6.5112,-0.1837,0.0044,0.0692
1624274075871,-0.6020,-7.7989,6.4418,-0.2093,0.0252,0.0777
1624274075881,-0.7072,-7.5620,6.4179,-0.2667,0.0435,0.0814
1624274075891,-0.7455,-7.5955,6.4131,-0.4390,0.0582,0.1327
1624274075902,-0.7384,-7.9712,6.2719,-0.7078,0.0753,0.1547
1624274075912,-0.8771,-8.2440,5.9225,-0.9228,0.1144,0.1119
1624274075921,-0.8747,-8.6819,5.6976,-0.9631,0.1681,0.1192
1624274075931,-0.7766,-9.2178,5.7383,-0.8471,0.2023,0.1693
1624274075941,-0.7623,-9.3686,5.9273,-0.7420,0.2341,0.2158
1624274075950,-0.7886,-9.1126,5.8532,-0.7115,0.2647,0.2414
1624274075959,-0.7766,-8.9164,5.7503,-0.7408,0.2793,0.2561
1624274075969,-0.6570,-9.1819,5.4559,-0.8507,0.2867,0.3049
1624274075979,-0.4129,-9.7371,5.1808,-1.0413,0.2818,0.3550
1624274075988,-0.2670,-10.2133,4.7979,-1.2527,0.2683,0.3954
1624274075998,-0.1138,-10.4238,4.4821,-1.4286,0.2488,0.4503
1624274076008,-0.0085,-10.6105,4.1901,-1.5447,0.2060,0.5578
1624274076017,-0.0229,-10.5794,4.1710,-1.6656,0.1352,0.6727
1624274076027,-0.2191,-10.6200,4.0179,-1.7719,0.0667,0.7692
1624274076037,-0.3196,-10.8258,3.6924,-1.8208,-0.0212,0.8389
1624274076044,-0.4034,-10.6846,3.5321,-1.8782,-0.1348,0.8938
1624274076054,-0.5996,-10.3257,3.3335,-1.8538,-0.2301,0.9402
1624274076063,-0.8532,-10.1630,3.2545,-1.7316,-0.3205,0.9989
1624274076073,-1.0422,-9.8161,3.2306,-1.6228,-0.4256,1.0429
1624274076082,-1.0207,-9.5887,3.1564,-1.5043,-0.5233,1.0575
1624274076093,-1.0207,-9.0288,2.9890,-1.4249,-0.6259,1.0392
1624274076104,-1.2528,-8.3588,2.6300,-1.3370,-0.6992,1.0258
1624274076113,-1.6716,-8.0908,2.3884,-1.1537,-0.7274,1.0221
1624274076121,-2.1214,-8.0286,2.2400,-0.8580,-0.7396,0.9940
1624274076132,-2.4660,-8.0717,2.2233,-0.4683,-0.7652,0.9464
1624274076143,-2.6263,-7.9018,2.3692,-0.0908,-0.8226,0.8828
1624274076151,-2.8081,-7.2605,2.5487,0.2109,-0.8960,0.7765
1624274076161,-3.0115,-6.5499,2.5941,0.4675,-0.9632,0.6458
1624274076172,-3.1575,-5.8942,2.5535,0.6165,-1.0328,0.5004
1624274076181,-3.2149,-5.4803,2.7209,0.6068,-1.0975,0.3428
1624274076190,-3.2484,-5.2410,2.9554,0.4687,-1.1513,0.1718
1624274076200,-3.3226,-5.1812,3.1062,0.3026,-1.1794,0.0093
1624274076210,-3.4351,-5.6645,2.9100,0.2305,-1.1757,-0.0921
1624274076219,-3.5475,-6.1120,2.7377,0.2109,-1.1745,-0.1593
1624274076229,-3.5786,-6.3752,2.9267,0.1853,-1.1696,-0.2106
1624274076240,-3.4279,-6.8322,3.5130,0.2122,-1.1354,-0.2497
1624274076248,-3.2365,-7.1241,4.4055,0.2513,-1.0633,-0.2851
1624274076258,-3.2077,-7.2677,5.2143,0.2891,-0.9595,-0.3096
1624274076267,-3.3370,-7.5931,5.8508,0.3502,-0.8410,-0.2888
1624274076277,-3.4614,-7.7463,6.2767,0.3624,-0.7310,-0.2411
1624274076287,-3.5619,-7.5405,6.5064,0.2525,-0.6223,-0.1947
1624274076296,-3.7390,-7.3012,6.6260,0.1279,-0.4854,-0.1519
1624274076304,-3.9734,-7.0404,6.5088,-0.0261,-0.3279,-0.0909
1624274076316,-4.1744,-7.0882,6.4179,-0.1568,-0.1593,0.0008
1624274076325,-4.2271,-7.5740,6.0374,-0.2362,0.0167,0.0973
1624274076333,-4.2175,-7.9305,5.4440,-0.2753,0.2060,0.1681
1624274076344,-4.2056,-8.0765,4.8003,-0.2814,0.3991,0.2329
1624274076354,-4.2271,-8.2511,4.7907,-0.2057,0.5884,0.3062
1624274076361,-4.4568,-8.0214,4.8936,-0.2093,0.7705,0.3550
1624274076371,-4.6147,-7.5644,4.9176,-0.3095,0.9293,0.3550
1624274076381,-4.5908,-7.2366,4.8027,-0.4756,1.0417,0.3257
1624274076390,-4.5501,-7.2605,4.7453,-0.6504,1.1321,0.3025
1624274076400,-4.5693,-7.3490,4.5491,-0.7664,1.2213,0.2720
1624274076412,-4.5956,-7.6649,4.2954,-0.7115,1.2995,0.2231
1624274076421,-4.5286,-8.1650,4.1447,-0.4708,1.3422,0.1620
1624274076431,-4.2414,-8.4498,3.9652,-0.1140,1.3349,0.0789
1624274076441,-3.7892,-8.3588,3.7116,0.3111,1.2836,-0.0359
1624274076450,-3.3226,-8.0406,3.6350,0.7986,1.2152,-0.1385
1624274076460,-3.0115,-7.5620,3.6422,1.2323,1.1394,-0.1972
1624274076469,-2.9278,-7.0141,3.4771,1.5060,1.0722,-0.2436
1624274076479,-2.9063,-6.8298,3.1349,1.6293,0.9892,-0.3120
1624274076488,-2.8775,-7.0117,2.5822,1.5964,0.8975,-0.4110
1624274076498,-2.7076,-7.3634,2.0294,1.4779,0.8071,-0.5148
1624274076508,-2.5019,-7.7032,1.8236,1.4412,0.7191,-0.6089
1624274076517,-2.2410,-8.1124,2.2328,1.5683,0.6348,-0.6736
1624274076527,-1.9802,-8.7273,3.0248,1.8847,0.5554,-0.7066
1624274076536,-1.6979,-9.0408,3.4675,2.2659,0.4748,-0.7372
1624274076544,-1.4227,-9.0934,3.8145,2.6287,0.3844,-0.7457
1624274076556,-1.2504,-8.9834,4.2045,2.8034,0.2696,-0.7030
1624274076565,-1.2169,-8.3756,4.6208,2.6263,0.1230,-0.6785
1624274076575,-1.3485,-7.4041,4.8147,2.2195,-0.0041,-0.7445
1624274076585,-1.5519,-6.6288,4.7692,1.8004,-0.0798,-0.8459
1624274076593,-1.6500,-6.1742,4.6304,1.5231,-0.1250,-0.8886
1624274076603,-1.5065,-6.5116,4.6831,1.5329,-0.1446,-0.8251
1624274076612,-1.2074,-7.7199,4.8266,1.7723,-0.1446,-0.6932
1624274076621,-0.8556,-8.5718,4.7549,1.9226,-0.1580,-0.5710
1624274076632,-0.6594,-8.6866,4.6017,1.8859,-0.1678,-0.5172
1624274076641,-0.5804,-8.6914,4.5060,1.6856,-0.1617,-0.5405
1624274076651,-0.5469,-8.3325,4.7166,1.1786,-0.1568,-0.5966
1624274076661,-0.5637,-7.3706,5.2095,0.4541,-0.1580,-0.6822
1624274076669,-0.6618,-6.7556,5.9585,-0.2374,-0.1470,-0.7543
1624274076678,-0.7455,-6.7867,6.5447,-0.8067,-0.1128,-0.7665
1624274076688,-0.7647,-7.2820,6.8797,-1.1513,-0.0762,-0.7310
1624274076697,-0.7814,-7.9305,7.1333,-1.2588,-0.0444,-0.6394
1624274076709,-0.8628,-8.6220,6.8342,-1.1904,-0.0334,-0.5050
1624274076719,-0.7934,-9.3542,6.2145,-1.0450,-0.0383,-0.4048
1624274076728,-0.7025,-9.3997,5.5780,-0.9619,-0.0481,-0.3633
1624274076738,-0.7192,-8.7512,5.2334,-0.9020,-0.0322,-0.3462
1624274076748,-0.8556,-8.3947,5.2932,-0.7591,0.0020,-0.2815
1624274076757,-0.9968,-8.4785,5.4057,-0.5465,0.0191,-0.2082
1624274076767,-0.9130,-8.5718,5.6761,-0.3083,0.0179,-0.1764
1624274076777,-0.8269,-8.6483,5.7670,-0.0163,0.0252,-0.1507
1624274076786,-0.7934,-8.3971,5.8867,0.1987,0.0179,-0.0994
1624274076796,-0.8771,-7.9760,5.8436,0.2684,-0.0163,-0.0469
1624274076805,-1.0231,-7.9090,5.7335,0.1828,-0.0493,-0.0298
1624274076815,-1.0638,-7.9305,5.6187,-0.0212,-0.0774,-0.0518
1624274076824,-1.0375,-8.0765,5.5014,-0.2179,-0.0982,-0.0909
1624274076834,-0.8843,-8.5167,5.3267,-0.2655,-0.1238,-0.1104
1624274076844,-0.7814,-8.3732,4.8553,-0.2460,-0.1678,-0.1422
1624274076853,-0.8006,-8.1841,4.9559,-0.0578,-0.1788,-0.1642
1624274076863,-0.9082,-8.3014,5.0587,0.2757,-0.1483,-0.1177
1624274076872,-0.8891,-8.5000,5.2550,0.6508,-0.1470,-0.0469
1624274076882,-0.7192,-8.7895,5.6139,1.0356,-0.1580,0.0240
1624274076892,-0.5421,-8.6603,6.1331,1.3190,-0.1654,0.0826
1624274076901,-0.4656,-8.0908,6.5255,1.4388,-0.1922,0.1131
1624274076911,-0.4081,-7.4807,6.7672,1.4400,-0.2325,0.1364
1624274076921,-0.3651,-7.2342,6.5925,1.2958,-0.2594,0.1803
1624274076930,-0.3483,-7.3897,6.0829,1.1309,-0.2753,0.1962
1624274076940,-0.4823,-7.4089,5.5636,0.9599,-0.2729,0.1938
1624274076949,-0.6809,-7.7247,5.8651,0.8694,-0.2289,0.2512
1624274076959,-0.7479,-8.1219,6.4107,0.9171,-0.1654,0.3111
1624274076969,-0.7527,-8.1913,6.7959,1.0955,-0.1348,0.2940
1624274076976,-0.8053,-8.0095,6.7050,1.3362,-0.1299,0.2940
1624274076986,-0.8819,-7.6314,6.5710,1.5475,-0.1311,0.3343
1624274076995,-1.0303,-7.0763,6.5662,1.7100,-0.1238,0.3404
1624274077005,-1.1188,-6.4063,6.8821,1.7564,-0.1128,0.3172
1624274077015,-1.2241,-5.9732,6.7648,1.6892,-0.0945,0.3025
1624274077026,-1.3031,-5.6119,6.9850,1.4901,-0.1067,0.2720
1624274077036,-1.3533,-5.5018,7.0711,1.1407,-0.1299,0.2353
1624274077045,-1.3007,-5.7195,7.0376,0.7534,-0.1409,0.1852
1624274077055,-1.1523,-5.6166,7.2625,0.3979,-0.1287,0.0667
1624274077065,-1.1404,-5.4970,7.4779,0.1682,-0.0908,-0.0298
1624274077074,-1.2648,-5.5592,7.3846,-0.0065,-0.0554,-0.0249
1624274077084,-1.2456,-5.6765,7.2386,-0.1470,-0.0542,-0.0261
1624274077093,-1.2193,-6.1622,7.2912,-0.1653,-0.0407,-0.0249
1624274077102,-1.2432,-5.9684,7.6262,-0.1934,-0.0139,-0.0298
1624274077111,-1.1499,-6.3991,7.5616,-0.2057,-0.0065,-0.0249
1624274077122,-1.0590,-6.4757,7.4420,-0.2069,-0.0395,-0.0884
1624274077130,-0.9776,-6.0593,7.3343,-0.2057,-0.0615,-0.1251
1624274077141,-0.9513,-6.0043,7.1644,-0.2105,-0.0725,-0.1092
1624274077151,-0.8508,-5.9875,6.9347,-0.3095,-0.0823,-0.1080
1624274077159,-0.8006,-5.9540,6.8797,-0.4500,-0.0469,-0.1434
1624274077170,-0.8915,-6.0928,6.9802,-0.5856,0.0142,-0.1556
1624274077179,-0.9393,-6.4087,7.0520,-0.7005,0.0533,-0.1373
1624274077189,-0.9346,-6.4326,6.9921,-0.7701,0.0545,-0.1471
1624274077199,-0.9465,-6.3225,7.0161,-0.7908,0.0680,-0.1532
1624274077209,-0.9848,-6.2986,6.8940,-0.8129,0.0851,-0.1458
1624274077219,-1.0111,-6.2818,6.6954,-0.8629,0.0790,-0.1556
1624274077226,-1.0398,-6.3608,6.5854,-0.9265,0.0741,-0.1715
1624274077238,-0.9657,-6.5977,6.3724,-0.9778,0.0716,-0.1874
1624274077247,-0.8963,-6.7532,6.1523,-1.0120,0.0643,-0.2045
1624274077257,-0.9346,-6.8490,6.1236,-1.0291,0.0741,-0.1984
1624274077266,-1.0159,-7.0164,6.2073,-1.0645,0.0936,-0.1837
1624274077274,-1.0207,-7.0619,6.3509,-1.1256,0.0900,-0.1984
1624274077284,-1.0351,-7.0811,6.3557,-1.2173,0.0948,-0.2191
1624274077293,-1.0327,-7.2988,6.3293,-1.2624,0.1217,-0.2253
1624274077303,-1.0446,-7.4519,6.2863,-1.2490,0.1425,-0.2448
1624274077312,-1.0111,-7.5740,6.0829,-1.2197,0.1547,-0.2350
1624274077322,-0.9585,-7.6649,5.9297,-1.1586,0.1620,-0.2142
1624274077333,-0.8676,-7.9066,5.7622,-1.0865,0.1657,-0.1923
1624274077343,-0.8389,-8.1435,5.6713,-1.0389,0.1767,-0.1629
1624274077353,-0.7862,-8.1817,5.6139,-1.0144,0.1865,-0.1458
1624274077363,-0.7814,-8.2799,5.6976,-0.9387,0.1914,-0.1300
1624274077372,-0.7599,-8.3158,5.6785,-0.8898,0.1865,-0.1031
1624274077382,-0.6833,-8.2751,5.5014,-0.8654,0.1718,-0.0835
1624274077392,-0.5397,-8.3516,5.3196,-0.8556,0.1694,-0.0677
1624274077401,-0.3938,-8.4952,5.1616,-0.8617,0.1706,-0.0518
1624274077410,-0.3029,-8.6842,5.0994,-0.8801,0.1718,-0.0200
1624274077420,-0.1952,-8.8063,4.9846,-0.9033,0.1718,0.0252
1624274077430,-0.1234,-9.1102,4.9439,-0.8629,0.1779,0.0814
1624274077440,-0.0564,-9.4069,5.0205,-0.8263,0.1791,0.1388
1624274077449,-0.0325,-9.5433,5.0372,-0.7994,0.1791,0.1926
1624274077459,0.0106,-9.5457,5.0228,-0.7738,0.1681,0.2341
1624274077469,0.0872,-9.6079,5.0276,-0.7505,0.1486,0.2781
1624274077478,0.1853,-9.6868,5.1090,-0.7395,0.1376,0.3282
1624274077488,0.2451,-9.6940,5.0707,-0.7408,0.1266,0.3721
1624274077497,0.3312,-9.8711,4.9726,-0.7078,0.1168,0.4296
1624274077507,0.4270,-10.0912,4.8051,-0.6565,0.1046,0.4992
1624274077516,0.5586,-10.1941,4.6855,-0.6467,0.0900,0.5701
1624274077526,0.6926,-10.2515,4.6304,-0.6662,0.0729,0.6483
1624274077534,0.7763,-10.4501,4.4127,-0.7530,0.0521,0.7314
1624274077545,0.7907,-10.5052,4.1997,-0.9118,0.0191,0.8095
1624274077555,0.5514,-10.4238,4.2332,-1.0535,-0.0017,0.8706
1624274077563,0.1757,-10.3808,4.2332,-1.1097,-0.0163,0.9354
1624274077574,-0.1760,-10.2324,4.2117,-1.1366,-0.0664,1.0001
1624274077582,-0.4345,-10.1798,4.2356,-1.1439,-0.1348,1.0502
1624274077591,-0.5948,-10.0936,4.1519,-1.1317,-0.2130,1.0722
1624274077601,-0.6402,-9.8926,4.0226,-1.1195,-0.2924,1.0698
1624274077612,-0.6235,-9.6940,3.9245,-1.0523,-0.3633,1.0710
1624274077620,-0.7384,-9.3614,3.9963,-0.9631,-0.4207,1.0856
1624274077630,-1.1260,-8.8685,3.9054,-0.8519,-0.4720,1.0954
1624274077639,-1.6572,-8.3804,3.7642,-0.7017,-0.5123,1.0759
1624274077650,-2.1238,-8.0430,3.3383,-0.5428,-0.5490,1.0294
1624274077660,-2.4085,-7.9401,2.9196,-0.3828,-0.6003,0.9708
1624274077670,-2.6167,-7.9233,2.3501,-0.2631,-0.6602,0.8877
1624274077679,-2.7148,-7.9592,1.8595,-0.2044,-0.7176,0.7937
1624274077689,-2.8775,-7.5357,2.0414,-0.2399,-0.7713,0.7020
1624274077699,-3.1001,-6.6073,2.7090,-0.2936,-0.8019,0.5872
1624274077709,-3.4709,-5.9134,2.9507,-0.2558,-0.8043,0.4785
1624274077716,-3.9711,-5.5616,3.0248,-0.1898,-0.7946,0.4076
1624274077777,-4.4257,-5.6238,2.7784,-0.1727,-0.8141,0.3380
1624274077778,-4.6578,-5.9636,2.3572,-0.1739,-0.8679,0.2182
1624274077778,-4.7057,-6.3393,2.1132,-0.1788,-0.9289,0.0777
1624274077779,-4.6219,-6.6264,2.3453,-0.1543,-0.9668,-0.0371
1624274077780,-4.5573,-6.7867,2.8286,-0.0713,-0.9473,-0.1275
1624274077781,-4.6841,-7.0619,3.3215,0.1181,-0.8801,-0.1862
1624274077786,-4.8851,-7.1289,3.7690,0.3930,-0.8056,-0.2289
1624274077793,-5.0359,-6.8537,3.9461,0.6764,-0.7713,-0.2643
1624274077802,-5.0000,-6.2938,4.0394,0.8939,-0.7542,-0.2546
1624274077814,-4.6961,-6.1957,4.4701,1.0283,-0.7164,-0.1947
1624274077823,-4.3348,-6.5163,5.1377,1.0136,-0.6406,-0.1446
1624274077833,-4.2175,-6.9447,5.7335,0.8230,-0.5368,-0.1153
1624274077843,-4.3228,-7.3826,6.1977,0.5885,-0.4158,-0.0652
1624274077852,-4.5310,-7.5405,6.4179,0.3588,-0.3010,-0.0224
1624274077862,-4.6506,-7.7295,6.5638,0.2464,-0.1959,0.0228
1624274077872,-4.5836,-7.8204,6.3844,0.2024,-0.0933,0.0851
1624274077881,-4.3635,-7.7510,5.9680,0.1340,0.0142,0.1535
1624274077891,-4.1385,-7.6003,5.4488,0.0912,0.1449,0.2206
1624274077899,-4.1003,-7.2725,5.0013,0.0338,0.3099,0.2866
1624274077908,-4.1888,-7.2462,4.7620,0.0106,0.4980,0.3660
1624274077918,-4.3587,-7.4759,4.5754,-0.0554,0.6691,0.4332
1624274077927,-4.4257,-7.6840,4.5658,-0.1800,0.7839,0.4503
1624274077938,-4.3419,-7.6481,4.6280,-0.3303,0.8474,0.4296
1624274077949,-4.2654,-7.3586,4.7883,-0.4598,0.8816,0.4064
1624274077958,-4.2606,-7.2007,4.9247,-0.5123,0.9036,0.3966
1624274077968,-4.3419,-7.1696,4.9032,-0.5111,0.9256,0.3978
1624274077977,-4.4903,-7.1911,4.6735,-0.4659,0.9378,0.3868
1624274077987,-4.6291,-7.1648,4.2763,-0.3840,0.9415,0.3453
1624274077996,-4.7176,-7.1265,3.7929,-0.2570,0.9330,0.2854
1624274078004,-4.7703,-6.9399,3.3024,-0.0810,0.9134,0.2109
1624274078016,-4.7822,-6.7269,2.8502,0.1584,0.8816,0.1339
1624274078026,-4.6650,-6.8561,2.5630,0.4834,0.8474,0.0630
1624274078035,-4.3994,-7.0021,2.4841,0.8401,0.8157,-0.0176
1624274078045,-4.1481,-7.1505,2.5965,1.2140,0.7924,-0.1031
1624274078054,-3.9711,-7.3395,2.9196,1.6501,0.7607,-0.1898
1624274078064,-3.8418,-7.4519,3.1971,2.0496,0.7008,-0.2802
1624274078074,-3.6456,-7.2605,3.3000,2.3050,0.5945,-0.3828
1624274078082,-3.4470,-6.8657,3.2713,2.3905,0.4540,-0.4940
1624274078093,-3.2460,-6.5044,3.1995,2.3355,0.3074,-0.6125
1624274078102,-3.0474,-6.2579,3.2139,2.1669,0.1804,-0.7237
1624274078110,-2.8010,-6.2507,3.0799,2.0448,0.0814,-0.8202
1624274078120,-2.5234,-6.5116,3.2976,2.0667,0.0032,-0.8911
1624274078131,-2.1932,-7.0835,3.8001,2.2683,-0.0688,-0.8899
1624274078139,-1.8702,-7.2988,4.1232,2.4198,-0.1678,-0.8166
1624274078150,-1.4395,-7.2533,4.5036,2.3893,-0.2998,-0.7237
1624274078158,-1.0973,-7.1241,5.0516,2.1584,-0.4109,-0.6529
1624274078168,-0.8077,-7.0428,5.4655,1.6746,-0.4745,-0.6419
1624274078179,-0.7360,-7.2462,5.3411,1.0344,-0.4940,-0.7017
1624274078189,-0.7838,-7.6697,5.2765,0.4162,-0.4867,-0.8105
1624274078198,-0.9944,-7.9855,5.2669,0.0265,-0.4476,-0.8923
1624274078208,-1.1140,-7.9090,5.3818,-0.0737,-0.4024,-0.9204
1624274078216,-0.9992,-7.8611,5.3913,0.0717,-0.3975,-0.9118
1624274078225,-0.7048,-7.7223,5.5301,0.2842,-0.3963,-0.8495
1624274078235,-0.3363,-7.4783,5.8173,0.3905,-0.3669,-0.7591
1624274078244,-0.1593,-7.1815,6.2647,0.2830,-0.3181,-0.6871
1624274078256,-0.0971,-7.2031,6.6165,0.0094,-0.2631,-0.6394
1624274078266,-0.1497,-7.5859,6.8007,-0.3352,-0.2045,-0.5954
1624274078275,-0.2430,-8.1674,7.0759,-0.6320,-0.1556,-0.5625
1624274078283,-0.3196,-8.4234,7.1644,-0.7444,-0.1263,-0.5502
1624274078294,-0.4177,-8.5574,7.0879,-0.6552,-0.1031,-0.5270
1624274078303,-0.4991,-8.7776,6.7505,-0.3352,-0.0860,-0.4769
1624274078314,-0.5158,-8.8302,6.8462,0.0924,-0.0701,-0.4232
1624274078323,-0.5565,-8.7321,6.9634,0.5762,-0.0517,-0.3328
1624274078333,-0.5493,-8.2631,7.0233,0.9122,-0.0627,-0.2473
1624274078343,-0.5254,-7.7463,6.9563,1.0246,-0.0860,-0.1849
1624274078352,-0.5134,-7.4591,6.9299,0.9110,-0.1116,-0.1581
1624274078362,-0.5278,-7.2820,6.6476,0.5995,-0.1470,-0.1678
1624274078372,-0.5206,-7.2725,6.3580,0.2500,-0.1605,-0.1898
1624274078381,-0.5062,-7.2820,6.1834,-0.0456,-0.1605,-0.1996
1624274078391,-0.4177,-7.1337,5.7646,-0.2802,-0.1580,-0.1959
1624274078400,-0.4680,-7.7032,5.8053,-0.4708,-0.1299,-0.1654
1624274078409,-0.5804,-8.3612,5.9608,-0.6149,-0.0517,-0.1324
1624274078420,-0.7120,-8.3349,6.4011,-0.6442,0.0142,-0.1703
1624274078429,-0.7910,-8.3851,6.6236,-0.5319,0.0350,-0.1409
1624274078439,-0.7838,-8.2559,6.4203,-0.4463,0.0044,-0.0762
1624274078448,-0.8365,-7.7008,6.1020,-0.4011,-0.0078,-0.0799
1624274078457,-0.9585,-7.6171,6.2791,-0.3303,0.0179,-0.0786
1624274078467,-0.9992,-7.8468,6.4729,-0.2900,0.0191,-0.0579
1624274078477,-0.8101,-7.9568,6.3461,-0.2741,-0.0078,-0.0628
1624274078487,-0.7336,-7.8850,6.2121,-0.2509,-0.0102,-0.0823
1624274078496,-0.7479,-8.0382,6.2575,-0.2618,-0.0005,-0.0628
1624274078506,-0.8436,-7.8611,5.9776,-0.3913,-0.0273,-0.0615
1624274078515,-0.9752,-7.4974,6.0877,-0.5245,-0.0395,-0.1043
1624274078523,-1.0925,-7.3586,6.1762,-0.6210,-0.0175,-0.1190
1624274078533,-1.1284,-7.4424,6.0924,-0.6785,-0.0102,-0.1092
1624274078542,-1.0662,-7.6386,5.9728,-0.6626,0.0020,-0.1006
1624274078552,-1.0135,-7.9377,5.9225,-0.5416,0.0289,-0.0957
1624274078563,-0.9872,-8.0166,5.9249,-0.3730,0.0460,-0.0957
1624274078573,-1.0638,-7.6769,6.3054,-0.2838,0.0350,-0.0799
1624274078583,-1.2097,-7.1481,5.9824,-0.4072,-0.0029,-0.0640
1624274078593,-1.1499,-7.3084,5.7909,-0.6113,-0.0469,-0.0896
1624274078600,-0.9585,-8.0717,5.4249,-0.7628,-0.0444,-0.1263
1624274078611,-0.7647,-8.5215,5.5110,-0.7579,-0.0273,-0.1703
1624274078620,-0.6953,-8.4067,5.6737,-0.6687,-0.0212,-0.1691
1624274078629,-0.6139,-8.2846,5.6091,-0.5465,-0.0175,-0.1373
1624274078639,-0.5134,-8.1554,5.5421,-0.4940,-0.0151,-0.1422
1624274078648,-0.5039,-8.2846,5.4775,-0.5196,0.0167,-0.1409
1624274078659,-0.5350,-8.1817,5.4488,-0.5551,0.0460,-0.1581
1624274078669,-0.6378,-7.9401,5.1640,-0.5697,0.0570,-0.1568
1624274078678,-0.6594,-7.7463,5.2095,-0.5062,0.0704,-0.1263
1624274078688,-0.6498,-7.7510,5.4536,-0.4085,0.1010,-0.0933
1624274078698,-0.5924,-8.3828,5.7431,-0.2594,0.1266,-0.0738
1624274078707,-0.5972,-8.4593,5.5588,0.0106,0.1120,-0.1324
1624274078717,-0.7575,-7.6505,5.3913,0.3270,0.0826,-0.1397
1624274078727,-0.7288,-7.9090,5.5732,0.5738,0.0655,-0.0090
1624274078737,-0.6785,-8.0358,5.8699,0.7021,0.0704,-0.0371
