1624600396685,1.1304,1.0809,9.3850,-0.0127,-0.0708,-0.0510
1624600396686,1.0778,1.1311,9.3132,0.0020,-0.0573,-0.0449
1624600396687,1.1041,1.1909,9.3275,0.0203,-0.0561,-0.0290
1624600396688,1.1233,1.2531,9.3778,0.0362,-0.0610,-0.0302
1624600396688,0.9797,1.3321,9.5333,0.0362,-0.0671,-0.0376
1624600396689,0.9725,1.3895,9.6195,0.0081,-0.0952,-0.0425
1624600396690,1.1113,1.3776,9.6506,-0.0237,-0.1306,-0.0449
1624600396691,1.0299,1.3010,9.7941,-0.0420,-0.1441,-0.0498
1624600396692,1.0634,1.2484,9.8587,-0.0811,-0.1587,-0.0645
1624600396693,1.2333,1.1335,9.7917,-0.1067,-0.1856,-0.0608
1624600396694,1.3003,1.2101,9.7511,-0.0933,-0.1856,-0.0547
1624600396695,1.2573,1.3417,9.7559,-0.0786,-0.1648,-0.0425
1624600396695,1.2716,1.4494,9.7415,-0.0909,-0.1526,-0.0241
1624600396696,1.2333,1.3489,9.7343,-0.1153,-0.1380,-0.0083
1624600396697,1.2381,1.2364,9.7056,-0.1263,-0.1160,-0.0034
1624600396698,1.0802,1.1192,9.6913,-0.1177,-0.1062,-0.0070
1624600396698,1.0682,1.1192,9.6913,-0.0982,-0.1184,-0.0217
1624600396699,1.2238,1.1479,9.6865,-0.0762,-0.1233,-0.0217
1624600396720,1.3195,1.1216,9.6841,-0.0530,-0.1184,-0.0046
1624600396722,1.4918,1.2986,9.7152,-0.0322,-0.0964,0.0150
1624600396756,1.4726,1.1862,9.7917,-0.0261,-0.0561,0.0809
1624600396757,1.0587,0.9421,9.9305,-0.0115,-0.0280,0.1090
1624600396758,1.1137,1.0546,9.9353,-0.0127,-0.0573,0.0711
1624600396760,1.2477,1.0546,9.9114,-0.0005,-0.0976,0.0443
1624600396761,1.3219,1.0856,9.8898,0.0044,-0.1038,0.0455
1624600396806,1.0993,1.0306,9.7965,0.0044,-0.1123,0.0174
1624600396808,1.4008,1.3058,9.7224,-0.0005,-0.1294,-0.0070
1624600396809,1.7502,1.3106,9.6003,-0.0163,-0.1099,0.0210
1624600396842,1.1615,1.3393,9.6506,-0.0481,-0.0341,-0.0168
1624600396843,1.1209,0.9086,9.6266,-0.0566,-0.0280,0.0528
1624600396844,1.0611,0.6789,9.5166,-0.0493,-0.0818,0.0773
1624600396845,1.2022,0.8440,9.4998,-0.0151,-0.0952,0.0101
1624600396847,1.1927,1.1526,9.5118,0.0203,-0.0952,-0.0241
1624600396848,0.9486,0.8679,9.6889,0.0521,-0.0976,0.0113
1624600396859,1.2238,0.8248,9.6123,0.0557,-0.1734,0.0504
1624600396866,1.3697,1.0330,9.6553,0.0582,-0.1868,0.0162
1624600396879,1.3386,1.2412,9.6721,0.0569,-0.1685,0.0162
1624600396888,1.4272,1.2795,9.6793,0.0411,-0.1563,0.0284
1624600396895,1.6880,1.2627,9.6410,0.0008,-0.1380,-0.0046
1624600396904,1.1376,1.5546,9.8875,-0.0469,-0.0732,-0.0767
1624600396913,1.1017,1.0785,10.0023,-0.0750,-0.0891,0.0272
1624600396926,1.6425,1.0952,9.7726,-0.1141,-0.2003,0.0858
1624600396933,1.5324,1.0330,9.8946,-0.1043,-0.1819,0.0467
1624600396944,1.6928,1.0593,9.7774,-0.0786,-0.1624,0.0113
1624600396952,1.7574,1.0928,9.8300,-0.0579,-0.1270,-0.0486
1624600396962,2.0708,1.4254,9.7224,-0.0322,-0.0806,-0.0755
1624600396971,1.5516,1.2555,9.9449,-0.0066,0.0172,-0.0620
1624600396981,1.6377,1.4230,9.9138,0.0166,0.0123,-0.0241
1624600396991,1.3649,0.9612,9.9521,0.0252,0.0099,0.0247
1624600397000,1.9942,1.6886,10.0980,0.0325,0.0221,-0.0498
1624600397010,1.8196,1.1838,10.1602,0.0179,0.0392,0.0235
1624600397019,1.9871,1.3417,10.2799,0.0227,0.0758,-0.0070
1624600397029,1.9296,1.3704,10.4234,0.0105,0.1076,-0.0400
1624600397045,2.1976,1.8179,10.5598,-0.0078,0.1113,-0.0510
1624600397048,2.2646,1.5834,10.4043,-0.0408,0.1186,-0.0241
1624600397059,2.2192,1.8609,10.5024,-0.0261,0.1687,-0.0449
1624600397068,2.0900,1.7245,10.6101,0.0008,0.2249,-0.0608
1624600397081,1.7980,1.9973,10.7656,0.0594,0.2346,-0.1060
1624600397086,1.8459,2.2725,10.9690,0.1193,0.2261,-0.1622
1624600397096,2.1761,2.6530,11.1461,0.1437,0.2102,-0.1866
1624600397112,2.4513,2.9018,11.2897,0.1400,0.2395,-0.2379
1624600397117,2.5685,2.9855,11.3064,0.0924,0.3031,-0.2636
1624600397128,2.5829,2.9592,11.3255,0.0179,0.3800,-0.2868
1624600397135,2.5015,2.8875,11.2514,-0.0640,0.4619,-0.3430
1624600397147,2.4202,2.7176,11.0312,-0.1422,0.5413,-0.4175
1624600397155,2.3149,2.5692,10.7872,-0.2191,0.6183,-0.4921
1624600397165,2.1833,2.4376,10.4952,-0.2704,0.6965,-0.5629
1624600397173,1.9775,2.2725,10.1985,-0.2692,0.7808,-0.6313
1624600397184,1.7574,2.1911,10.0262,-0.2485,0.8602,-0.6949
1624600397194,1.5037,2.1624,9.8635,-0.1813,0.9322,-0.7596
1624600397204,1.2477,2.1528,9.6769,-0.1409,0.9848,-0.8183
1624600397213,0.9893,2.1672,9.5883,-0.0933,1.0202,-0.8720
1624600397223,0.7237,2.2414,9.4089,-0.0689,1.0361,-0.9209
1624600397233,0.4963,2.2940,9.2605,-0.0615,1.0324,-0.9612
1624600397242,0.3073,2.3251,9.1337,-0.0786,1.0165,-0.9954
1624600397252,0.0967,2.2916,9.0332,-0.0957,0.9872,-1.0333
1624600397260,-0.0755,2.1887,8.8944,-0.1226,0.9408,-1.0614
1624600397270,-0.1712,2.1026,8.8059,-0.1666,0.8846,-1.0760
1624600397279,-0.2837,1.9925,8.7341,-0.1837,0.8333,-1.0846
1624600397289,-0.3986,1.8513,8.6887,-0.1947,0.7808,-1.0956
1624600397300,-0.5158,1.7102,8.6121,-0.2008,0.7319,-1.1078
1624600397309,-0.5732,1.6695,8.5116,-0.2167,0.6867,-1.1176
1624600397319,-0.6738,1.7844,8.3967,-0.2448,0.6476,-1.1310
1624600397328,-0.7790,2.0882,8.2627,-0.3059,0.6195,-1.1445
1624600397338,-0.9250,2.4711,8.1216,-0.4073,0.6048,-1.1481
1624600397347,-1.1404,2.7750,8.0019,-0.5673,0.5938,-1.1335
1624600397356,-1.3533,3.0406,7.9373,-0.7934,0.5755,-1.1102
1624600397365,-1.5878,3.2631,7.9397,-1.0914,0.5486,-1.0834
1624600397375,-1.7649,3.3182,7.8942,-1.4396,0.5047,-1.0614
1624600397387,-1.9061,3.1172,7.8296,-1.7952,0.4460,-1.0467
1624600397396,-1.9443,2.7008,7.8081,-2.1666,0.3825,-1.0418
1624600397405,-1.9443,1.9614,7.6597,-2.5197,0.3226,-1.0467
1624600397415,-1.8989,0.9253,7.5521,-2.8055,0.2530,-1.0528
1624600397425,-1.7744,-0.5678,7.5664,-2.9754,0.1833,-1.0589
1624600397434,-1.5256,-2.1207,7.5449,-3.0034,0.1247,-1.0724
1624600397444,-1.3413,-3.5804,7.5186,-2.9021,0.0880,-1.0858
1624600397454,-1.1284,-5.1309,7.4252,-2.6161,0.0709,-1.0907
1624600397463,-0.9322,-6.4326,7.4611,-2.1837,0.0783,-1.0809
1624600397473,-0.7814,-7.3873,7.4300,-1.6376,0.1186,-1.0443
1624600397482,-0.7838,-7.8444,7.4468,-1.0059,0.1931,-0.9942
1624600397492,-0.9226,-7.7582,7.6262,-0.4061,0.3031,-0.9136
1624600397502,-1.2432,-7.4208,7.8655,0.1217,0.3983,-0.8012
1624600397510,-1.6189,-6.9303,8.2268,0.5078,0.4448,-0.6875
1624600397521,-1.9731,-6.3082,8.4350,0.7558,0.4203,-0.5764
1624600397533,-2.1166,-5.7602,8.5666,0.9219,0.3568,-0.4664
1624600397540,-2.1238,-5.2146,8.7006,1.0026,0.2652,-0.3455
1624600397549,-2.0831,-4.7169,8.8298,1.0343,0.1516,-0.2270
1624600397559,-1.9731,-4.4107,8.7389,1.0673,0.0465,-0.1194
1624600397568,-1.8175,-4.2456,8.6336,1.0710,-0.0353,-0.0070
1624600397577,-1.7003,-4.1762,8.4542,1.0966,-0.1135,0.1053
1624600397586,-1.5471,-3.9297,8.3537,1.1895,-0.1636,0.2043
1624600397596,-1.4801,-3.3913,8.4661,1.2628,-0.1807,0.3155
1624600397606,-1.5447,-2.7142,8.7461,1.3239,-0.1856,0.4205
1624600397617,-1.6237,-2.0992,9.1768,1.3544,-0.1929,0.4951
1624600397627,-1.6763,-1.6039,9.6530,1.3288,-0.2406,0.5549
1624600397637,-1.6141,-1.3981,10.0047,1.2823,-0.3310,0.6050
1624600397645,-1.4035,-1.3957,10.1148,1.2506,-0.4373,0.6405
1624600397656,-1.1308,-1.3981,10.2057,1.2701,-0.5277,0.6539
1624600397665,-0.8053,-1.1780,10.1411,1.3532,-0.5937,0.6417
1624600397675,-0.5158,-0.8406,10.1243,1.5010,-0.6230,0.6270
1624600397684,-0.3005,-0.4505,10.2679,1.6354,-0.6376,0.6197
1624600397694,-0.1066,-0.0773,10.3445,1.7271,-0.6486,0.5928
1624600397704,0.0896,0.4300,10.3828,1.7515,-0.6376,0.5549
1624600397713,0.2212,1.0306,10.4737,1.6977,-0.6218,0.5268
1624600397723,0.2714,1.5164,10.5718,1.5841,-0.5998,0.5073
1624600397732,0.3193,1.8801,10.5790,1.4021,-0.5900,0.5012
1624600397742,0.3934,1.7939,10.6412,1.2261,-0.6010,0.5134
1624600397752,0.6567,1.3800,10.5407,1.0624,-0.6328,0.5476
1624600397761,0.9390,1.1957,10.4211,0.9305,-0.6389,0.5525
1624600397771,1.2238,1.3321,10.4187,0.8486,-0.5961,0.5256
1624600397780,1.4128,1.5355,10.4115,0.7839,-0.5338,0.5048
1624600397790,1.5109,1.7676,10.4665,0.7155,-0.4581,0.4780
1624600397799,1.5085,1.8992,10.4234,0.6141,-0.3896,0.4438
1624600397808,1.4822,1.8250,10.3445,0.5114,-0.3359,0.4181
1624600397817,1.4870,1.7126,10.0980,0.4186,-0.2931,0.3998
1624600397827,1.4104,1.7987,10.0238,0.3490,-0.2479,0.3497
1624600397836,1.3434,1.9207,9.6027,0.3111,-0.2064,0.2849
1624600397848,1.2836,2.0404,9.5860,0.2732,-0.1624,0.2373
1624600397857,1.0969,1.9854,9.3419,0.1889,-0.1404,0.1994
1624600397867,1.0467,1.7556,9.2892,0.1461,-0.1367,0.1591
1624600397876,1.0012,1.7078,9.1433,0.1046,-0.1380,0.1163
1624600397886,1.0347,1.8370,9.1265,0.1022,-0.1306,0.0589
1624600397895,0.9270,1.9423,9.2007,0.0276,-0.1196,0.0345
1624600397905,0.9175,1.9495,9.1696,-0.0579,-0.1306,0.0101
1624600397915,1.1065,1.8179,9.0069,-0.1165,-0.1380,-0.0058
1624600397924,1.4152,1.7604,8.7341,-0.1519,-0.1245,-0.0107
1624600397934,1.7478,1.5403,9.2246,-0.1470,-0.0500,-0.0058
1624600397944,1.7167,1.6312,9.5453,-0.1581,0.0844,-0.0046
1624600397953,1.6808,1.0474,9.5477,-0.1324,0.1454,-0.0119
1624600397963,1.7358,0.6334,9.8372,-0.1263,0.1699,0.0064
1624600397973,1.7119,0.8894,10.0597,-0.1629,0.2469,-0.0926
1624600397982,1.7741,1.3225,10.3995,-0.2240,0.3483,-0.2270
1624600397992,1.7047,1.7461,10.7489,-0.2912,0.4484,-0.2978
1624600398000,1.6736,2.0045,11.0599,-0.3987,0.5462,-0.3662
1624600398011,1.6712,2.2366,11.0480,-0.5050,0.6549,-0.4444
1624600398020,1.6114,2.4400,11.0599,-0.6138,0.7942,-0.5018
1624600398030,1.4056,2.7726,11.2825,-0.7775,0.9591,-0.5837
1624600398044,1.1424,3.1076,11.4045,-1.0414,1.1204,-0.6619
1624600398048,0.6830,3.2368,11.5074,-1.3957,1.2804,-0.7120
1624600398059,0.0417,3.0908,11.4691,-1.8196,1.4246,-0.7425
1624600398068,-0.6690,2.7750,11.1915,-2.2582,1.5333,-0.7584
1624600398076,-1.3055,2.3227,10.9331,-2.6870,1.6066,-0.7535
1624600398086,-1.7338,1.8825,10.6292,-3.1146,1.6653,-0.7340
1624600398096,-2.0496,1.7556,10.2416,-3.5874,1.7105,-0.7230
1624600398105,-2.4229,1.2914,9.7870,-4.0211,1.7349,-0.6888
1624600398114,-2.8010,0.2936,9.3682,-4.3437,1.7386,-0.6130
1624600398124,-3.2054,-0.8549,9.0165,-4.5477,1.7423,-0.5397
1624600398136,-3.7078,-2.0609,8.8011,-4.6137,1.7557,-0.4859
1624600398146,-4.2390,-3.1161,8.5188,-4.5379,1.7569,-0.4640
1624600398155,-4.7726,-3.4105,8.4733,-4.3828,1.7435,-0.4701
1624600398165,-5.3565,-3.2071,8.7293,-4.2447,1.6861,-0.4566
1624600398173,-5.7346,-4.4872,8.3943,-3.9992,1.5321,-0.3699
1624600398184,-5.8159,-5.8081,8.0019,-3.6180,1.3525,-0.2783
1624600398194,-5.8686,-5.6190,7.8344,-3.2478,1.2255,-0.2795
1624600398203,-5.9738,-4.6906,7.8799,-2.8422,1.1326,-0.3186
1624600398213,-6.1677,-3.9106,7.7531,-2.5294,1.0422,-0.3112
1624600398222,-6.3998,-3.6952,7.4468,-2.4073,0.9237,-0.2795
1624600398232,-6.5673,-3.9632,7.1022,-2.3963,0.7820,-0.2795
1624600398242,-6.5577,-4.4083,6.7313,-2.4525,0.6415,-0.3235
1624600398251,-6.3495,-4.9491,6.3557,-2.5160,0.5156,-0.3821
1624600398259,-5.9380,-5.2649,5.8436,-2.5258,0.3959,-0.4566
1624600398270,-5.6101,-5.3941,5.7120,-2.4121,0.3324,-0.5360
1624600398280,-5.3015,-5.5473,5.5062,-2.2350,0.2908,-0.5678
1624600398288,-4.9713,-5.6789,5.6641,-2.1226,0.2554,-0.5813
1624600398297,-4.7607,-5.6597,5.6570,-2.0664,0.2346,-0.6326
1624600398308,-4.5908,-6.4876,5.4703,-1.9247,0.1772,-0.6460
1624600398318,-4.2438,-7.5477,5.2502,-1.7084,0.1003,-0.6423
1624600398328,-3.7629,-7.7965,5.2454,-1.4286,0.0941,-0.7205
1624600398338,-3.4398,-7.3490,5.3937,-1.1183,0.1736,-0.8085
1624600398347,-3.2556,-6.3058,5.4201,-0.9656,0.2469,-0.8708
1624600398357,-3.0618,-5.5449,5.0779,-0.9326,0.2713,-0.8904
1624600398366,-2.7555,-5.6406,4.5874,-0.9351,0.2688,-0.8818
1624600398376,-2.4612,-6.1383,4.3361,-0.9742,0.3067,-0.8867
1624600398386,-2.2482,-6.9518,4.2308,-0.9852,0.3825,-0.8855
1624600398395,-2.1190,-7.6888,4.3529,-0.8886,0.4863,-0.9074
1624600398405,-2.0281,-7.9329,4.2021,-0.7078,0.5926,-0.9954
1624600398415,-1.7170,-7.3849,4.8099,-0.4268,0.7123,-1.1127
1624600398424,-1.7529,-6.4828,5.1760,-0.3462,0.7380,-1.0785
1624600398434,-1.7027,-6.1215,4.8601,-0.4452,0.6525,-1.0370
1624600398443,-1.5806,-6.3369,4.5682,-0.5295,0.5608,-1.1200
1624600398453,-1.1595,-6.0139,3.8384,-0.7384,0.4741,-1.1347
1624600398463,-0.8125,-5.6645,3.7379,-1.1012,0.4045,-1.1506
1624600398472,-0.8221,-6.9662,3.5680,-1.1977,0.3861,-1.1432
1624600398482,-0.4608,-7.3514,3.7379,-1.3566,0.3874,-1.1701
1624600398491,-0.3603,-7.3036,3.8073,-1.4225,0.3861,-1.2630
1624600398501,-0.2502,-7.6888,3.8408,-1.3419,0.3923,-1.2862
1624600398510,0.2331,-7.8492,3.7427,-1.3712,0.3935,-1.3106
1624600398520,0.4222,-7.6577,3.6661,-1.5117,0.3776,-1.3693
1624600398528,0.4533,-7.5094,3.7905,-1.6950,0.3397,-1.4120
1624600398540,0.6471,-7.5500,3.6183,-1.9015,0.3055,-1.4352
1624600398549,0.8983,-7.8037,3.4795,-2.0639,0.2872,-1.4450
1624600398559,0.9534,-8.2751,3.3598,-2.1360,0.2750,-1.4096
1624600398567,1.0132,-8.7297,3.3838,-2.1275,0.2505,-1.3522
1624600398576,1.0754,-8.7489,3.4244,-2.1177,0.2200,-1.2947
1624600398585,1.1783,-8.5790,3.3838,-2.1079,0.1785,-1.2349
1624600398596,1.3123,-8.7704,3.3407,-2.0297,0.1406,-1.1848
1624600398606,1.3195,-9.3279,3.0727,-1.8404,0.1296,-1.1237
1624600398614,1.4319,-9.7179,2.9650,-1.5936,0.1345,-1.0663
1624600398625,1.4032,-9.6294,2.9578,-1.3517,0.1394,-1.0345
1624600398636,1.4487,-9.4523,2.9315,-1.1134,0.1039,-1.0113
1624600398645,1.6018,-9.5959,2.9291,-0.8935,0.0514,-0.9734
1624600398683,1.7837,-9.8902,2.8262,-0.6590,0.0123,-0.9722
1624600398684,2.0110,-10.1056,2.7257,-0.3816,0.0111,-0.9722
1624600398685,2.1617,-10.3138,2.9746,-0.0615,0.0379,-0.9514
1624600398691,2.1594,-10.1750,3.3814,0.2659,0.0844,-0.9417
1624600398692,2.0302,-9.6079,3.9221,0.5676,0.1100,-0.9343
1624600398707,1.9368,-9.7897,4.1040,0.9427,0.0917,-0.8952
1624600398711,2.1665,-10.0338,4.1543,1.3728,0.1271,-0.8671
1624600398723,2.3101,-10.2491,4.2930,1.8309,0.2139,-0.8183
1624600398730,2.3436,-10.0003,4.8242,2.0801,0.2860,-0.6973
1624600398740,2.2910,-9.0695,5.5158,2.0752,0.3654,-0.6240
1624600398750,2.0756,-7.8300,5.9369,1.9250,0.3983,-0.6216
1624600398759,2.1881,-6.9351,5.9513,1.6122,0.3898,-0.6191
1624600398769,2.6786,-6.9327,6.0398,1.0893,0.3751,-0.5984
1624600398778,3.0710,-7.1433,6.0853,0.4393,0.3446,-0.5910
1624600398788,3.1954,-7.4424,5.6019,-0.1813,0.2908,-0.5996
1624600398797,3.4898,-8.3469,4.9032,-0.6516,0.2298,-0.5409
1624600398807,3.9755,-9.2513,4.4892,-1.0670,0.2029,-0.4298
1624600398816,4.2004,-9.6509,4.4438,-1.4348,0.1968,-0.2758
1624600398826,3.9133,-10.0099,4.7357,-1.6632,0.1931,-0.0706
1624600398839,3.6286,-10.3018,5.2167,-1.7646,0.1809,0.1493
1624600398845,3.7625,-10.6105,5.4081,-1.8391,0.1284,0.3876
1624600398855,3.6644,-11.0627,5.0803,-1.8746,0.0172,0.6637
1624600398864,3.5568,-11.3139,4.3217,-1.9125,-0.1331,0.9337
1624600398879,3.7602,-11.4695,3.7451,-1.9809,-0.2858,1.1609
1624600398883,3.9875,-11.7901,3.3598,-2.0383,-0.4116,1.3552
1624600398893,4.2483,-12.0725,3.0583,-2.0224,-0.5167,1.5335
1624600398903,4.6072,-12.1443,3.0224,-1.8746,-0.5949,1.6875
1624600398912,4.7675,-11.9792,2.9961,-1.6522,-0.6609,1.8243
1624600398923,4.7675,-11.8117,2.8143,-1.4115,-0.7256,1.9697
1624600398932,4.7053,-11.4527,2.5774,-1.2283,-0.7892,2.1102
1624600398942,4.4589,-10.9646,2.3740,-1.0829,-0.8295,2.2263
1624600398951,3.9085,-10.5291,2.1132,-0.9570,-0.8759,2.3423
1624600398960,3.1452,-10.0673,2.0103,-0.8642,-0.9333,2.4108
1624600398973,2.4728,-9.8280,1.9289,-0.7518,-0.9736,2.4291
1624600398980,1.9536,-9.8950,1.7710,-0.5893,-1.0213,2.4217
1624600398991,1.5994,-9.9524,1.6657,-0.3596,-1.0359,2.3949
1624600399000,1.3889,-10.0673,1.5796,-0.0432,-1.0115,2.3570
1624600399009,1.2166,-10.1008,1.4480,0.3233,-0.9529,2.2983
1624600399018,0.8720,-9.9716,1.2685,0.7094,-0.8588,2.2275
1624600399027,0.5562,-9.6797,1.0125,1.1089,-0.7024,2.1420
1624600399038,0.2882,-8.9211,0.6942,1.4534,-0.5521,2.0552
1624600399047,-0.0133,-7.9281,0.4837,1.6818,-0.3970,1.9709
1624600399059,-0.5972,-7.0882,0.5339,1.8333,-0.1942,1.8891
1624600399069,-1.3892,-6.3321,0.6368,1.8663,0.0208,1.7987
1624600399077,-2.1788,-5.6454,0.9072,1.8004,0.2053,1.7156
1624600399086,-2.8967,-5.0567,1.0436,1.6452,0.3397,1.6081
1624600399096,-3.5021,-4.7959,1.1393,1.4803,0.4252,1.4688
1624600399105,-3.8969,-4.9203,1.2518,1.3068,0.4594,1.3271
1624600399115,-4.0763,-5.0926,1.2709,1.0502,0.4350,1.1621
1624600399125,-4.1194,-5.4946,1.2757,0.7924,0.3910,0.9862
1624600399135,-4.1457,-5.8105,1.2877,0.6141,0.3629,0.7968
1624600399144,-4.3659,-5.4850,1.1871,0.5041,0.3666,0.5953
1624600399154,-4.8038,-4.9132,1.0555,0.4675,0.4106,0.4474
1624600399162,-5.3613,-4.2456,0.8689,0.4223,0.4472,0.3265
1624600399173,-6.0026,-3.7120,0.6248,0.3184,0.4802,0.2006
1624600399183,-6.5984,-3.6832,0.4550,0.1706,0.5034,0.0565
1624600399193,-6.8999,-3.9656,0.1199,-0.0188,0.4741,-0.1145
1624600399203,-6.8424,-4.2719,-0.1337,-0.2326,0.4032,-0.3051
1624600399212,-6.5457,-4.9060,0.1487,-0.3584,0.3080,-0.4835
1624600399222,-6.3806,-5.8751,0.6631,-0.3132,0.2493,-0.6704
1624600399231,-6.3065,-6.7126,1.3140,-0.1898,0.2102,-0.8476
1624600399241,-6.3519,-7.2677,1.6274,-0.0066,0.1454,-0.9747
1624600399250,-6.4596,-7.5524,1.7830,0.2708,0.0697,-1.0870
1624600399260,-6.4740,-7.6266,1.6490,0.5322,-0.0207,-1.1481
1624600399268,-6.4357,-7.5405,1.3882,0.7277,-0.1086,-1.1958
1624600399278,-6.3280,-7.4089,1.2805,0.8364,-0.1587,-1.2373
1624600399287,-6.0935,-7.3179,1.5317,0.8389,-0.1697,-1.2703
1624600399297,-5.7992,-7.4926,1.9864,0.7692,-0.1367,-1.2764
1624600399308,-5.4809,-7.7391,2.6037,0.6104,-0.0879,-1.2385
1624600399318,-5.3182,-7.7487,3.1804,0.3660,-0.0280,-1.1677
1624600399327,-5.3039,-7.7415,3.8001,0.1241,0.0379,-1.0870
1624600399337,-5.3756,-8.0717,4.2883,-0.1141,0.0746,-0.9869
1624600399347,-5.3182,-8.6627,4.3816,-0.3364,0.0807,-0.8806
1624600399356,-5.0622,-9.2944,4.1543,-0.5136,0.0697,-0.7718
1624600399366,-4.7033,-9.8567,3.6374,-0.6394,0.0783,-0.6668
1624600399376,-4.2797,-10.1941,3.1899,-0.7029,0.1088,-0.5788
1624600399384,-4.0213,-10.3855,2.9315,-0.7323,0.1785,-0.4945
1624600399393,-3.9543,-10.4908,2.7473,-0.7298,0.2725,-0.3931
1624600399402,-4.0620,-10.5770,2.5654,-0.6700,0.3739,-0.2966
1624600399412,-4.1816,-10.5172,2.4386,-0.5795,0.4411,-0.2098
1624600399423,-4.2079,-10.2563,2.2328,-0.5001,0.4680,-0.1280
1624600399432,-4.2247,-9.9596,2.0988,-0.4366,0.4827,-0.0645
1624600399441,-4.2151,-9.6342,2.0653,-0.3914,0.4802,-0.0205
1624600399452,-4.2390,-9.6079,2.2328,-0.3743,0.4594,0.0076
1624600399460,-4.2630,-9.6868,2.3046,-0.3877,0.4301,-0.0022
1624600399469,-4.3300,-9.7562,2.4051,-0.3816,0.4008,-0.0193
1624600399481,-4.3707,-9.6844,2.4793,-0.3401,0.3605,-0.0144
1624600399489,-4.3300,-9.4164,2.2998,-0.3144,0.3031,0.0089
1624600399499,-4.2893,-9.1006,2.1610,-0.3376,0.2518,0.0406
1624600399508,-4.3539,-8.8996,1.9624,-0.3425,0.2212,0.0809
1624600399518,-4.6051,-8.7417,1.8619,-0.3731,0.2078,0.1225
1624600399527,-4.7966,-8.6795,1.8236,-0.4672,0.1870,0.1994
1624600399537,-4.8277,-8.9068,1.7590,-0.5869,0.1491,0.2849
1624600399551,-4.8372,-9.0384,1.5078,-0.7579,0.1271,0.3265
1624600399556,-4.7583,-9.2083,1.4408,-0.8911,0.1027,0.3607
1624600399567,-4.7344,-9.4930,1.3379,-0.9986,0.0917,0.4083
1624600399575,-4.8779,-9.6127,1.3929,-1.1122,0.0978,0.4315
1624600399586,-5.0789,-9.5648,1.2829,-1.2393,0.1027,0.4377
1624600399595,-5.3398,-9.6294,1.0699,-1.3065,0.1076,0.4438
1624600399604,-5.4714,-9.7179,0.9096,-1.3480,0.0954,0.4560
1624600399614,-5.4857,-9.7371,0.5746,-1.4372,0.0587,0.4755
1624600399624,-5.6030,-9.9333,0.3257,-1.5166,0.0269,0.5085
1624600399633,-5.8734,-10.3329,0.1199,-1.5264,0.0159,0.5317
1624600399642,-6.2729,-10.7445,-0.1313,-1.4286,0.0233,0.5232
1624600399652,-6.6032,-10.7947,-0.1456,-1.2943,0.0135,0.5220
1624600399663,-6.5625,-10.3473,-0.0284,-1.2124,-0.0463,0.5427
1624600399673,-6.3017,-9.7371,-0.0164,-1.1684,-0.1319,0.5721
1624600399682,-6.0839,-9.1891,-0.0571,-1.1293,-0.2161,0.5904
1624600399692,-6.0337,-8.9666,-0.0930,-1.0707,-0.2956,0.5916
1624600399700,-6.0528,-9.1078,-0.2007,-0.9827,-0.3762,0.5879
1624600399712,-5.9858,-9.1748,-0.4208,-0.8532,-0.4202,0.5672
1624600399721,-5.8087,-9.0791,-0.6888,-0.6809,-0.4348,0.5171
1624600399729,-5.6053,-8.9642,-0.8539,-0.4891,-0.4507,0.4547
1624600399741,-5.4379,-8.7489,-0.7797,-0.3266,-0.4556,0.3692
1624600399748,-5.3062,-8.3923,-0.6792,-0.1898,-0.4581,0.2642
1624600399760,-5.1627,-8.1937,-0.6577,-0.0249,-0.4630,0.1640
1624600399770,-5.1100,-8.1554,-0.5405,0.1474,-0.4666,0.0736
1624600399777,-5.0478,-8.0478,-0.2892,0.2549,-0.4935,-0.0107
1624600399787,-4.8588,-7.9329,-0.1217,0.3783,-0.5338,-0.1121
1624600399796,-4.7200,-7.7175,0.0051,0.5114,-0.5753,-0.2208
1624600399806,-4.4592,-7.0835,0.0936,0.5591,-0.6083,-0.3100
1624600399816,-4.4424,-6.7030,-0.2342,0.6214,-0.6291,-0.3858
1624600399825,-4.2941,-6.6288,-0.4471,0.6690,-0.6120,-0.4982
1624600399835,-4.0189,-6.8801,-0.4232,0.7313,-0.5558,-0.5922
1624600399844,-3.7270,-6.8609,-0.2222,0.8413,-0.4800,-0.6949
1624600399854,-3.3848,-6.8513,0.1463,0.9745,-0.3945,-0.7779
1624600399866,-3.1120,-6.9375,0.4310,1.1199,-0.3090,-0.8891
1624600399876,-2.7699,-7.4280,0.4765,1.2616,-0.2381,-0.9942
1624600399885,-2.2626,-8.1339,0.4645,1.3483,-0.1575,-1.0565
1624600399894,-1.8127,-8.0525,0.6344,1.2665,-0.0976,-1.1347
1624600399904,-1.7481,-7.5381,0.7564,1.1333,-0.0757,-1.2446
1624600399914,-1.5782,-7.2151,0.9933,1.0087,-0.0720,-1.3399
1624600399923,-1.3844,-7.1169,1.2518,0.9268,-0.0598,-1.4169
1624600399931,-1.2408,-7.3778,1.4599,0.9745,-0.0353,-1.4670
1624600399943,-0.9202,-7.8324,1.6442,1.1797,0.0074,-1.4707
1624600399950,-0.5828,-8.2487,1.6322,1.4094,0.0868,-1.4438
1624600399962,-0.2502,-8.4043,1.9313,1.5621,0.1772,-1.4316
1624600399970,0.1159,-8.2655,2.2304,1.5560,0.2359,-1.4230
1624600399980,0.1853,-8.1459,2.3955,1.4717,0.2872,-1.4352
1624600399991,0.4485,-8.0573,2.6037,1.3275,0.3593,-1.4267
1624600400000,0.5968,-7.9162,2.7090,1.0930,0.4167,-1.4413
1624600400010,0.8624,-7.9640,2.8358,0.8535,0.4350,-1.4658
1624600400020,0.9606,-8.1722,3.1445,0.5444,0.4265,-1.4902
1624600400028,1.0539,-8.4832,3.4077,0.2928,0.4142,-1.5379
1624600400038,1.4535,-9.0480,3.3096,0.1193,0.3959,-1.5647
1624600400047,1.8698,-9.2083,2.9650,-0.0163,0.3849,-1.5770
1624600400059,2.0684,-8.2822,2.7736,-0.1923,0.3886,-1.5892
1624600400065,2.5087,-7.7534,2.6587,-0.3132,0.4032,-1.5318
1624600400075,2.8150,-8.2535,2.6922,-0.3743,0.4631,-1.4254
1624600400085,2.8365,-8.8254,2.9052,-0.4183,0.5254,-1.3338
1624600400095,2.7384,-9.1556,2.8908,-0.4293,0.5364,-1.2398
1624600400105,2.6762,-9.5337,2.8215,-0.3951,0.5156,-1.1616
1624600400115,2.6499,-9.8639,2.6420,-0.3438,0.4924,-1.1139
1624600400123,2.6523,-9.9548,2.7473,-0.3425,0.4411,-1.0797
1624600400134,2.5063,-9.8184,2.8717,-0.3450,0.3715,-1.0748
1624600400144,2.3819,-9.5983,3.1014,-0.2631,0.2896,-1.0748
1624600400154,2.3556,-9.2992,3.2881,-0.1348,0.2090,-1.0528
1624600400163,2.4417,-9.0264,3.1852,0.0362,0.1296,-1.0113
1624600400173,2.3939,-9.0671,3.0272,0.2353,0.0673,-0.9404
1624600400183,2.4178,-9.2250,2.9124,0.4003,0.0282,-0.8525
1624600400192,2.5374,-9.3327,2.9411,0.5444,0.0196,-0.7902
1624600400202,2.5733,-9.2442,3.2187,0.5872,0.0404,-0.7511
1624600400210,2.4967,-9.0719,3.4005,0.4833,0.0441,-0.7230
1624600400221,2.6068,-9.3566,3.4101,0.3868,0.0172,-0.6839
1624600400231,2.6355,-9.3327,3.3814,0.2720,0.0013,-0.6338
1624600400240,2.6666,-8.6914,3.4197,0.1058,-0.0085,-0.5971
1624600400250,2.8461,-8.1578,3.2593,-0.0970,-0.0085,-0.5287
1624600400258,3.0399,-8.0238,2.9411,-0.3731,0.0037,-0.4334
1624600400269,2.9992,-8.6244,2.7664,-0.6418,0.0306,-0.3284
1624600400277,3.2313,-10.2874,2.5798,-0.8019,0.0563,-0.2001
1624600400287,3.1237,-11.2805,2.6851,-0.9021,0.1051,-0.1097
1624600400297,2.7145,-11.5150,3.1301,-0.9045,0.1284,-0.0620
1624600400309,2.4561,-11.2302,3.5465,-0.9143,0.1100,0.0418
1624600400315,2.3101,-10.9694,3.5489,-0.9558,0.0538,0.1041
1624600400327,2.4896,-10.5459,3.2593,-0.9888,-0.0121,0.1640
1624600400336,2.6427,-10.1223,3.0871,-1.1379,-0.0903,0.2556
1624600400346,2.9370,-10.2157,2.8885,-1.3773,-0.1661,0.3607
1624600400355,3.1691,-10.8115,2.8597,-1.6229,-0.2345,0.4853
1624600400365,3.0950,-11.4192,2.7616,-1.7536,-0.2919,0.6356
1624600400375,2.9298,-11.7399,2.6516,-1.6987,-0.3505,0.7932
1624600400384,2.8150,-11.4934,2.5056,-1.5533,-0.3860,0.9214
1624600400394,2.6523,-11.1776,2.3285,-1.3920,-0.4153,1.0326
1624600400404,2.5231,-10.9455,2.1467,-1.2209,-0.4299,1.1059
1624600400413,2.4585,-10.8474,2.0055,-1.0780,-0.4312,1.1524
1624600400423,2.6714,-10.9000,1.8739,-0.9290,-0.4324,1.1951
1624600400432,2.9107,-10.8378,1.8691,-0.7811,-0.4373,1.2367
1624600400442,2.9179,-10.4214,1.7136,-0.6590,-0.4605,1.2794
1624600400450,2.9849,-10.0027,1.4815,-0.5869,-0.4837,1.3539
1624600400460,2.7719,-9.7227,1.2900,-0.5893,-0.5069,1.4138
1624600400469,2.5183,-9.6438,1.2326,-0.6541,-0.5314,1.4676
1624600400479,2.4824,-9.7514,1.2805,-0.7225,-0.5399,1.5152
1624600400490,2.3221,-9.8352,1.1848,-0.7616,-0.5631,1.5445
1624600400500,1.9727,-10.0123,1.1752,-0.7335,-0.6010,1.5677
1624600400508,1.7741,-9.9572,1.1800,-0.6296,-0.6242,1.5788
1624600400519,1.6760,-9.7802,1.0627,-0.4781,-0.6376,1.5800
1624600400527,1.5827,-9.7849,0.8737,-0.2839,-0.6438,1.5873
1624600400536,1.4726,-9.7897,0.6918,-0.0762,-0.6413,1.5873
1624600400551,1.2238,-9.5720,0.5459,0.1425,-0.6352,1.5690
1624600400555,0.7763,-9.1676,0.2851,0.3587,-0.6364,1.5592
1624600400572,0.2666,-8.7010,0.0649,0.5224,-0.6352,1.5568
1624600400579,-0.0660,-8.3708,-0.0978,0.6116,-0.6205,1.5103
1624600400585,-0.2957,-8.2894,-0.1122,0.6348,-0.6047,1.4456
1624600400595,-0.5924,-8.2894,-0.1409,0.5786,-0.5998,1.3772
1624600400605,-0.8269,-8.2081,-0.0930,0.5175,-0.5900,1.3075
1624600400614,-0.9800,-8.0741,-0.0308,0.4381,-0.5680,1.2110
1624600400625,-1.1954,-7.7965,0.1559,0.3758,-0.5411,1.1194
1624600400634,-1.6596,-7.6529,0.2037,0.3917,-0.4935,1.0571
1624600400643,-2.2578,-7.6410,0.0051,0.5347,-0.3970,1.0045
1624600400654,-2.7100,-7.5764,-0.1720,0.7142,-0.2809,0.9667
1624600400663,-2.9876,-7.3610,-0.4854,0.8156,-0.1722,0.9251
1624600400673,-3.3417,-7.2701,-0.8611,0.9024,-0.0366,0.8616
1624600400682,-3.7437,-7.1863,-0.9616,0.8914,0.0929,0.7577
1624600400692,-4.2247,-7.0069,-0.7989,0.8071,0.2004,0.6111
1624600400699,-4.6171,-6.8848,-0.4567,0.7094,0.2811,0.4450
1624600400711,-4.8372,-7.0858,-0.0499,0.6434,0.3189,0.2923
1624600400719,-4.9665,-7.1337,0.0530,0.5957,0.3043,0.1567
1624600400730,-5.1818,-7.2342,0.1199,0.6519,0.3202,0.0601
1624600400740,-5.4594,-7.2174,-0.0858,0.8071,0.3434,-0.0266
1624600400750,-5.8566,-6.8944,-0.5931,0.9403,0.3605,-0.1219
1624600400759,-6.3304,-6.5331,-1.0095,1.0123,0.3996,-0.1842
1624600400769,-6.6367,-6.3800,-1.0980,0.9769,0.4032,-0.2355
1624600400777,-6.8329,-6.7054,-0.7558,0.8755,0.3996,-0.3137
1624600400786,-6.8616,-7.3347,-0.1887,0.7973,0.3971,-0.4188
1624600400796,-6.6055,-8.0860,0.3257,0.7594,0.3483,-0.5006
1624600400805,-6.0983,-8.7058,0.8043,0.8095,0.2664,-0.5568
1624600400817,-5.6125,-9.3758,0.9096,1.0111,0.2041,-0.5690
1624600400827,-5.2369,-9.5672,0.8330,1.1895,0.1430,-0.5703
1624600400836,-5.0048,-9.0719,0.8210,1.2078,0.0880,-0.5580
1624600400846,-5.0167,-8.3349,0.9814,1.1028,0.0612,-0.5385
1624600400855,-5.1818,-7.6721,1.3451,0.8853,0.0514,-0.5226
1624600400865,-5.3350,-7.3156,1.7662,0.5579,0.0379,-0.4762
1624600400874,-5.3182,-7.3395,1.9529,0.1999,0.0050,-0.4102
1624600400884,-5.0646,-7.7367,1.9935,-0.1006,-0.0305,-0.3516
1624600400894,-4.6195,-8.3301,1.9696,-0.3755,-0.0573,-0.2893
1624600400903,-4.1266,-8.8541,1.9744,-0.5661,-0.0561,-0.2465
1624600400913,-3.7461,-9.2442,1.9385,-0.6406,-0.0305,-0.2367
1624600400922,-3.5786,-9.5026,1.9050,-0.6370,0.0172,-0.2086
1624600400932,-3.5284,-9.6557,1.9313,-0.5734,0.0783,-0.1671
1624600400940,-3.5930,-9.8089,1.9888,-0.4940,0.1271,-0.1280
1624600400951,-3.7222,-9.8639,2.0534,-0.4244,0.1577,-0.0974
1624600400960,-3.8442,-9.7443,2.0629,-0.4073,0.1785,-0.0730
1624600400971,-3.8586,-9.5911,2.0366,-0.3804,0.1845,-0.0339
1624600400980,-3.8012,-9.3040,1.9337,-0.3670,0.1797,0.0027
1624600400990,-3.7437,-8.9690,1.8356,-0.3767,0.1821,0.0382
1624600401000,-3.7102,-8.7177,1.6801,-0.4097,0.1895,0.0870
1624600401009,-3.6911,-8.6555,1.6059,-0.4525,0.1980,0.1273
1624600401017,-3.6265,-8.6627,1.5222,-0.4904,0.2065,0.1347
1624600401027,-3.5858,-8.7010,1.4312,-0.5050,0.2261,0.1212
1624600401041,-3.5188,-8.7249,1.3834,-0.4794,0.2481,0.1078
1624600401046,-3.4398,-8.7082,1.2661,-0.4390,0.2603,0.1005
1624600401056,-3.3776,-8.6531,1.1297,-0.3780,0.2688,0.0870
1624600401065,-3.3752,-8.4976,0.9886,-0.3291,0.2688,0.0540
1624600401076,-3.3776,-8.3516,0.8043,-0.2998,0.2615,0.0198
1624600401085,-3.3800,-8.3804,0.5626,-0.2741,0.2408,-0.0180
1624600401095,-3.2197,-8.5550,0.5052,-0.2900,0.2078,-0.0437
1624600401105,-3.0091,-8.6053,0.5004,-0.3242,0.1711,-0.0632
1624600401114,-2.8440,-8.6172,0.6057,-0.3254,0.1516,-0.0840
1624600401123,-2.7196,-8.7991,0.6823,-0.2863,0.1406,-0.0840
1624600401134,-2.6143,-9.1341,0.6464,-0.2509,0.1259,-0.0669
1624600401144,-2.4349,-9.4667,0.5818,-0.2277,0.1113,-0.0449
1624600401153,-2.2363,-9.5289,0.5267,-0.2387,0.1027,-0.0461
1624600401163,-2.2052,-9.5433,0.4980,-0.2594,0.1113,-0.0583
1624600401173,-2.2889,-9.6151,0.5483,-0.2692,0.1418,-0.0596
1624600401182,-2.4588,-9.6988,0.6057,-0.2741,0.1674,-0.0608
1624600401191,-2.5114,-9.5816,0.5794,-0.3083,0.1785,-0.0388
1624600401200,-2.5425,-9.5050,0.5985,-0.3596,0.1797,-0.0022
1624600401211,-2.7268,-9.5074,0.5219,-0.3865,0.1907,0.0162
1624600401221,-3.0403,-9.6509,0.5794,-0.4048,0.2041,0.0382
1624600401230,-3.3681,-9.8376,0.5985,-0.4635,0.1943,0.0785
1624600401240,-3.5571,-10.0482,0.4932,-0.4867,0.1711,0.0980
1624600401249,-3.7366,-10.1487,0.5363,-0.4867,0.1577,0.1176
1624600401259,-3.9184,-9.9572,0.6033,-0.5624,0.1394,0.1530
1624600401267,-4.2271,-9.8184,0.6823,-0.6675,0.1198,0.1786
1624600401276,-4.6243,-9.7754,0.7612,-0.7836,0.0905,0.1982
1624600401286,-5.0430,-9.8472,0.7086,-0.9131,0.0490,0.2336
1624600401296,-5.3852,-10.0027,0.5746,-1.0023,-0.0158,0.2752
1624600401305,-5.6891,-10.1750,0.3688,-1.0194,-0.0732,0.3118
1624600401317,-5.9810,-10.3616,0.2707,-0.9778,-0.1172,0.3546
1624600401327,-6.2036,-10.5004,0.1008,-0.8654,-0.1392,0.3949
1624600401336,-6.3663,-10.3281,-0.1337,-0.7188,-0.1551,0.4230
1624600401346,-6.3974,-10.3161,-0.2270,-0.5197,-0.1612,0.4767
1624600401355,-6.2610,-10.6368,-0.3131,-0.3474,-0.1490,0.5415
1624600401365,-5.9595,-11.1010,-0.2820,-0.2118,-0.1514,0.5611
1624600401375,-5.6628,-11.3905,-0.3227,-0.0762,-0.1380,0.5439
1624600401384,-5.5049,-11.3810,-0.0547,0.1413,-0.1062,0.5000
1624600401394,-5.5049,-10.5530,0.0434,0.3270,-0.0549,0.4535
1624600401403,-5.6795,-9.5122,-0.0428,0.5175,-0.0121,0.4364
1624600401411,-6.0241,-8.3181,-0.0715,0.6483,0.0221,0.4328
1624600401422,-6.2562,-7.7080,-0.0356,0.6752,0.0013,0.4560
1624600401432,-6.2897,-7.6864,-0.0356,0.6336,-0.0366,0.4804
1624600401440,-6.1820,-7.8755,-0.0810,0.4894,-0.0524,0.4560
1624600401451,-5.7705,-8.6196,-0.3275,0.3954,-0.0585,0.3912
1624600401461,-5.0646,-9.6462,-0.0595,0.3184,-0.0341,0.3167
1624600401470,-4.5836,-9.8280,0.0362,0.2805,0.0269,0.1896
1624600401480,-4.5908,-9.1508,0.1870,0.3270,0.0844,0.0638
1624600401490,-4.8564,-7.9066,0.3592,0.3587,0.0722,-0.0119
1624600401500,-5.1077,-6.9806,0.5339,0.3050,-0.0085,-0.0498
1624600401507,-5.0359,-6.5905,0.3257,0.1461,-0.0976,-0.0571
1624600401517,-5.0000,-6.9806,-0.0380,-0.0725,-0.1954,-0.0706
1624600401527,-5.0574,-7.6099,-0.3682,-0.2240,-0.2662,-0.1158
1624600401536,-4.9449,-8.1865,-0.6458,-0.2680,-0.2846,-0.1659
1624600401546,-4.6865,-8.4091,-0.7271,-0.2558,-0.2772,-0.2465
1624600401561,-4.3396,-8.3349,-0.6218,-0.1971,-0.2601,-0.3589
1624600401565,-4.0572,-8.0119,-0.4065,-0.1312,-0.2455,-0.4933
1624600401575,-3.7796,-7.7845,-0.2485,-0.0493,-0.2516,-0.6118
1624600401585,-3.5930,-7.7678,-0.1050,0.0521,-0.2675,-0.7010
1624600401595,-3.4590,-7.8539,-0.2916,0.1804,-0.2785,-0.7877
1624600401605,-3.1407,-7.8874,-0.5811,0.2866,-0.2968,-0.8415
1624600401614,-2.7675,-7.9162,-0.7391,0.3428,-0.3114,-0.8683
1624600401624,-2.4373,-8.0262,-0.7343,0.3587,-0.3237,-0.9160
1624600401633,-2.0927,-8.0980,-0.5524,0.3697,-0.3359,-0.9551
1624600401644,-1.8606,-8.0119,-0.3634,0.3599,-0.3628,-0.9869
1624600401653,-1.7720,-7.9257,-0.2940,0.3978,-0.3945,-1.0137
1624600401662,-1.4993,-7.8826,-0.1935,0.4968,-0.4177,-1.0333
1624600401672,-1.5591,-8.2751,0.0147,0.6470,-0.4141,-0.9942
1624600401681,-1.2839,-7.5405,0.1056,0.7253,-0.3848,-1.0321
1624600401694,-0.8030,-8.1507,-0.0236,0.8523,-0.3493,-1.0260
1624600401699,-0.4321,-8.5167,-0.0978,0.8242,-0.2870,-1.0308
1624600401709,-0.2311,-8.8470,0.0147,0.7729,-0.2406,-1.0760
1624600401720,-0.2741,-8.5837,0.2898,0.8327,-0.1832,-1.1005
1624600401730,-0.0708,-7.9138,0.5913,0.8438,-0.1013,-1.1176
1624600401739,0.1757,-7.8420,0.9886,0.9158,0.0037,-1.1298
1624600401749,0.3312,-8.0789,1.1225,0.9415,0.0868,-1.1115
1624600401757,0.5203,-8.3134,1.2518,0.8975,0.1406,-1.0650
1624600401766,0.7667,-8.4234,1.2900,0.7912,0.1907,-1.0370
1624600401776,0.8481,-8.3277,1.5413,0.6104,0.2261,-1.0394
1624600401786,0.7117,-8.3899,1.9026,0.4797,0.2432,-1.0650
1624600401795,0.7332,-8.6172,2.0677,0.4442,0.2408,-1.0846
1624600401805,0.7572,-8.8828,2.0701,0.5066,0.2249,-1.1066
1624600401816,1.0060,-8.8063,1.6801,0.5652,0.1919,-1.1176
1624600401826,1.5372,-8.4067,1.3403,0.4491,0.1650,-1.1286
1624600401835,1.7143,-8.1483,1.1704,0.2146,0.1601,-1.1652
1624600401845,1.9942,-8.1171,1.4145,-0.0591,0.1638,-1.1945
1624600401855,1.9105,-8.5191,1.9002,-0.2717,0.1626,-1.1933
1624600401864,1.8483,-8.7728,2.3046,-0.3205,0.1149,-1.1713
1624600401874,1.8698,-9.2633,2.7138,-0.2216,0.0844,-1.0993
1624600401883,2.0493,-9.4571,2.6731,-0.0383,0.0685,-1.0223
1624600401893,2.1522,-9.8854,2.6516,0.1987,0.0599,-0.9563
1624600401901,2.2455,-9.7802,2.5630,0.3917,0.0355,-0.9038
1624600401912,2.3053,-9.3423,2.7712,0.5102,0.0037,-0.8781
1624600401922,2.4034,-9.0767,2.7329,0.5725,-0.0048,-0.8537
1624600401932,2.6858,-9.4954,2.8621,0.5798,0.0074,-0.8207
1624600401941,2.9729,-9.3806,3.2330,0.4577,-0.0060,-0.7914
1624600401951,2.9131,-9.0599,3.6829,0.2610,-0.0292,-0.7584
1624600401961,2.8676,-9.2801,3.9174,0.1205,-0.0427,-0.6900
1624600401970,2.9131,-9.8472,4.1495,0.0594,-0.0500,-0.5959
1624600401980,2.8317,-10.2396,4.1136,0.0851,-0.0451,-0.4762
1624600401989,2.8126,-10.3831,4.0442,0.1364,-0.0292,-0.3442
1624600401997,2.7336,-10.3042,3.8910,0.1901,-0.0146,-0.2184
1624600402007,2.6595,-10.1510,3.8384,0.1974,-0.0121,-0.1182
1624600402016,2.7887,-9.7467,3.7403,0.0789,-0.0207,-0.0290
1624600402026,2.7959,-9.3973,3.5369,-0.1642,-0.0182,0.0418
1624600402038,3.0662,-9.8854,3.5608,-0.3205,0.0135,0.1005
1624600402047,3.0040,-10.0242,4.0562,-0.4366,0.0856,0.1664
1624600402055,2.6882,-10.3018,4.2547,-0.4256,0.1186,0.2727
1624600402065,2.7576,-10.6583,4.2547,-0.4048,0.1247,0.3912
1624600402075,2.6284,-10.5961,4.2189,-0.4684,0.1113,0.4572
1624600402084,2.7265,-10.3209,3.9221,-0.5747,0.0575,0.5317
1624600402095,2.9944,-10.3401,3.5465,-0.7482,0.0001,0.6099
1624600402104,3.1428,-10.3425,3.1301,-0.9180,-0.0671,0.6820
1624600402114,3.2433,-10.2898,2.8956,-1.0181,-0.1257,0.7687
1624600402123,3.2935,-10.2659,2.7784,-1.1000,-0.1746,0.8763
1624600402133,3.1189,-10.3497,2.6731,-1.1696,-0.2381,0.9874
1624600402143,2.9155,-10.5339,2.5965,-1.1709,-0.2882,1.1023
1624600402153,2.9562,-10.6392,2.4960,-1.1147,-0.3432,1.1841
1624600402162,3.0447,-10.3808,2.2950,-0.9974,-0.3921,1.2306
1624600402172,2.9514,-10.1702,2.0199,-0.8605,-0.4422,1.2794
1624600402181,2.9107,-10.1080,1.8093,-0.7555,-0.4923,1.3344
1624600402189,2.8389,-10.0697,1.6729,-0.6785,-0.5363,1.3796
1624600402199,2.8940,-9.9740,1.4408,-0.6272,-0.5766,1.4346
1624600402209,2.8078,-9.8711,1.3642,-0.5832,-0.6120,1.4932
1624600402218,2.4417,-10.0218,1.2470,-0.4843,-0.6438,1.5604
1624600402230,2.1761,-10.1774,1.0675,-0.3645,-0.6523,1.6264
1624600402237,1.8315,-10.0721,0.7899,-0.2692,-0.6486,1.6948
1624600402247,1.0730,-9.8280,0.4430,-0.1568,-0.6389,1.7315
1624600402257,0.4365,-9.7491,0.1846,-0.0041,-0.6047,1.7424
1624600402266,0.0513,-9.6581,-0.1074,0.1571,-0.5497,1.7278
1624600402276,-0.4656,-9.4236,-0.2461,0.3245,-0.4800,1.6533
1624600402287,-1.0231,-8.9810,-0.2844,0.5114,-0.4141,1.5421
1624600402297,-1.2959,-8.7728,-0.1959,0.6910,-0.3713,1.4285
1624600402306,-1.2887,-8.6029,0.1535,0.7704,-0.3530,1.3417
1624600402316,-1.4969,-8.3851,0.5387,0.8450,-0.3420,1.2367
1624600402325,-1.7912,-8.3636,0.7397,0.9891,-0.3176,1.1585
1624600402335,-2.0257,-8.0908,0.7229,1.0771,-0.2895,1.1059
1624600402345,-2.4301,-7.4448,0.4167,1.0856,-0.2320,1.0436
1624600402354,-3.0283,-6.7748,0.1726,1.0380,-0.1355,0.9911
1624600402364,-3.6480,-6.2627,0.1463,0.9024,-0.0097,0.9386
1624600402373,-4.2893,-5.9349,0.0458,0.7301,0.1271,0.8359
1624600402383,-4.6793,-5.9612,0.1247,0.5347,0.2285,0.7296
1624600402393,-4.7631,-5.9445,0.0889,0.2598,0.2750,0.6001
1624600402402,-4.7703,-6.0330,0.0530,0.0362,0.3165,0.4621
1624600402410,-4.8253,-6.4637,0.0745,-0.1153,0.3434,0.3668
1624600402422,-4.9904,-7.0858,0.1941,-0.1959,0.3666,0.2813
1624600402429,-5.0741,-7.6290,0.4214,-0.1532,0.3788,0.1872
1624600402441,-5.1531,-7.8587,0.4238,-0.0334,0.3776,0.1212
1624600402450,-5.4714,-7.8802,0.4382,0.1498,0.3825,0.0577
1624600402460,-5.8087,-7.7391,0.4071,0.4039,0.3800,-0.0022
1624600402469,-6.0552,-7.4926,0.4789,0.6165,0.3654,-0.0620
1624600402479,-6.2873,-7.0930,0.6129,0.7387,0.3531,-0.1402
1624600402487,-6.4763,-6.6192,0.5722,0.7436,0.3373,-0.2123
1624600402497,-6.6103,-6.3345,0.6033,0.6642,0.3104,-0.2917
1624600402506,-6.5027,-6.7724,0.7852,0.5652,0.2603,-0.3247
1624600402516,-6.2969,-7.1696,0.9216,0.3941,0.2041,-0.3736
1624600402526,-6.1007,-7.5692,1.2518,0.2317,0.1577,-0.4395
1624600402537,-5.9499,-7.8850,1.3953,0.1278,0.1247,-0.4689
1624600402548,-5.9906,-8.1483,1.5676,0.1046,0.1296,-0.4676
1624600402557,-6.0097,-8.2631,1.7112,0.1303,0.1345,-0.4493
1624600402566,-5.9475,-8.2679,1.8930,0.1498,0.1296,-0.4346
1624600402573,-5.8303,-8.0047,1.8452,0.0912,0.1149,-0.4420
1624600402584,-5.7346,-7.7319,1.8356,-0.0334,0.1027,-0.4554
1624600402593,-5.6053,-7.7989,1.8691,-0.2008,0.0819,-0.4530
1624600402604,-5.5025,-8.0238,1.7447,-0.3743,0.0563,-0.4701
1624600402614,-5.2464,-8.6077,1.8284,-0.5038,0.0294,-0.4786
1624600402623,-4.9019,-9.2059,1.8117,-0.5869,0.0062,-0.4603
1624600402631,-4.6411,-9.5887,1.7399,-0.5820,0.0123,-0.4371
1624600402640,-4.4257,-9.8807,1.6753,-0.4879,0.0477,-0.4114
1624600402650,-4.2462,-10.0123,1.5676,-0.3804,0.0844,-0.3809
1624600402660,-3.9998,-9.9883,1.5269,-0.3010,0.1100,-0.3406
1624600402669,-3.8251,-9.8567,1.4360,-0.2546,0.1369,-0.3064
1624600402679,-3.7102,-9.8137,1.3427,-0.2301,0.1601,-0.2673
1624600402689,-3.6337,-9.7347,1.3259,-0.2741,0.1577,-0.2282
1624600402699,-3.6241,-9.6485,1.3475,-0.3279,0.1369,-0.1976
1624600402708,-3.6791,-9.6773,1.2996,-0.3682,0.1149,-0.1634
1624600402719,-3.7198,-9.7849,1.2159,-0.4158,0.0844,-0.1268
1624600402729,-3.7509,-9.7778,1.0268,-0.4415,0.0441,-0.0901
1624600402737,-3.6767,-9.9548,0.8713,-0.4452,0.0062,-0.0510
1624600402747,-3.6097,-10.1008,0.7588,-0.4244,-0.0170,-0.0193
1624600402756,-3.5739,-10.0864,0.7134,-0.3865,-0.0390,0.0027
1624600402766,-3.7198,-9.9237,0.6607,-0.3242,-0.0219,0.0357
1624600402775,-3.9519,-9.9788,0.6966,-0.2436,0.0086,0.0834
1624600402787,-4.0907,-10.0314,0.7158,-0.2008,0.0184,0.1200
1624600402794,-4.1673,-10.0242,0.7373,-0.1739,0.0245,0.1469
1624600402806,-4.1960,-9.9500,0.7038,-0.1617,0.0306,0.1786
1624600402815,-4.2390,-9.7945,0.5650,-0.1581,0.0465,0.2153
1624600402825,-4.2989,-9.5504,0.5411,-0.1532,0.0795,0.2397
1624600402835,-4.3611,-9.3925,0.4406,-0.1519,0.1259,0.2642
1624600402844,-4.4951,-9.1652,0.2851,-0.1996,0.1564,0.2801
1624600402854,-4.6578,-8.7034,0.1511,-0.3303,0.1736,0.2801
1624600402864,-4.7463,-8.5646,0.2133,-0.5099,0.1797,0.3130
1624600402873,-4.7200,-8.9020,0.1989,-0.7384,0.1711,0.3277
1624600402883,-4.7320,-9.6533,0.1702,-0.9045,0.1613,0.2849
1624600402895,-4.5812,-10.3712,0.3090,-0.9290,0.1577,0.2275
1624600402902,-4.5525,-10.6751,0.3856,-0.7897,0.1430,0.2434
1624600402910,-4.7846,-10.0984,0.5794,-0.5881,0.1479,0.2910
1624600402919,-5.1531,-9.3303,0.6751,-0.4415,0.1186,0.3558
1624600402930,-5.4498,-8.9403,0.6129,-0.4317,0.0318,0.4022
1624600402939,-5.5623,-8.9403,0.3353,-0.5087,-0.0549,0.4303
1624600402950,-5.4498,-8.9570,-0.1050,-0.5869,-0.1135,0.4340
1624600402960,-5.3278,-8.9762,-0.3730,-0.6333,-0.1257,0.4340
1624600402969,-5.2967,-8.9666,-0.4519,-0.6162,-0.1135,0.4156
1624600402979,-5.2751,-8.9283,-0.4902,-0.5148,-0.1038,0.3570
1624600402987,-5.2608,-8.9403,-0.5213,-0.3670,-0.0818,0.3008
1624600402996,-5.0717,-9.0815,-0.5381,-0.2326,-0.0915,0.2617
1624600403006,-4.8947,-9.0001,-0.4854,-0.1348,-0.1282,0.2080
1624600403016,-4.9402,-8.8326,-0.4089,-0.0457,-0.1832,0.1530
1624600403025,-5.0048,-8.7752,-0.3251,0.0741,-0.2491,0.1151
1624600403035,-4.9689,-8.6555,-0.3107,0.2121,-0.3224,0.0773
1624600403046,-4.9090,-8.5024,-0.3873,0.3819,-0.3945,0.0369
1624600403055,-4.8372,-8.3086,-0.2318,0.5798,-0.4507,-0.0083
1624600403064,-4.6913,-7.4065,-0.1002,0.6532,-0.4923,-0.0706
1624600403075,-4.6506,-7.0117,-0.0619,0.6776,-0.5240,-0.1011
1624600403084,-4.6841,-7.2629,-0.2007,0.7106,-0.5143,-0.1585
1624600403094,-4.3707,-7.6386,-0.4663,0.7839,-0.4862,-0.2563
1624600403102,-3.8993,-7.5740,-0.3706,0.8462,-0.4263,-0.3345
1624600403114,-3.6480,-7.3251,-0.0452,0.9122,-0.3481,-0.4163
1624600403122,-3.5547,-7.2557,0.4214,0.8951,-0.2834,-0.4969
1624600403133,-3.4422,-7.5094,0.7971,0.8340,-0.2504,-0.5922
1624600403142,-3.2891,-7.8994,1.1154,0.7472,-0.2491,-0.6888
1624600403152,-3.1479,-8.1865,1.0891,0.6483,-0.2614,-0.7657
1624600403162,-2.8153,-8.0645,0.7804,0.5347,-0.2601,-0.8341
1624600403171,-2.4564,-7.6625,0.5004,0.4223,-0.2101,-0.9026
1624600403180,-2.0951,-7.5309,0.6248,0.3367,-0.1429,-0.9465
1624600403190,-1.8079,-7.7630,0.9431,0.2500,-0.0695,-0.9881
1624600403200,-1.5902,-8.2894,1.3259,0.2219,0.0172,-1.0296
1624600403210,-1.3748,-8.4976,1.5293,0.2305,0.0819,-1.0541
1624600403220,-1.1284,-8.2799,1.5891,0.2048,0.1088,-1.0699
1624600403227,-0.9489,-8.5048,1.5054,0.2243,0.1332,-1.0980
1624600403236,-0.7144,-8.6842,1.3882,0.2353,0.1430,-1.1408
1624600403246,-0.6785,-8.6507,1.3188,0.1767,0.1271,-1.1628
1624600403256,-0.6402,-8.4737,1.2039,0.1351,0.1149,-1.1958
1624600403265,-0.3746,-8.3086,1.2111,0.1058,0.1430,-1.2373
1624600403277,0.0082,-8.5526,1.2111,0.0814,0.1833,-1.2569
1624600403287,0.3911,-8.8876,1.2183,0.0789,0.2432,-1.2691
1624600403296,0.5322,-9.0168,1.2781,0.1547,0.2860,-1.2715
1624600403306,0.6686,-8.8565,1.4145,0.3147,0.3287,-1.2642
1624600403315,0.7452,-8.6531,1.6609,0.4662,0.3837,-1.2617
1624600403323,0.9534,-8.6412,1.6203,0.5627,0.4289,-1.2654
1624600403336,1.3219,-8.9929,1.5437,0.5383,0.4619,-1.2508
1624600403342,1.6234,-9.2825,1.5126,0.3819,0.4741,-1.2324
1624600403352,1.8674,-9.3064,1.7423,0.1254,0.4668,-1.2569
1624600403363,1.9847,-9.1006,1.9098,-0.1703,0.4374,-1.2862
1624600403373,2.0732,-9.1221,1.9026,-0.3963,0.3837,-1.2960
1624600403382,2.0852,-9.2801,1.9648,-0.4953,0.3299,-1.2703
1624600403392,2.1594,-9.2107,1.8954,-0.4622,0.2921,-1.2226
1624600403402,2.3412,-9.0168,1.9529,-0.3071,0.2664,-1.1579
1624600403410,2.3340,-9.0240,2.0605,-0.0285,0.2505,-1.1029
1624600403420,2.4824,-9.3064,2.0486,0.2903,0.2322,-1.0394
1624600403429,2.8006,-9.6629,2.0701,0.5139,0.2041,-0.9759
1624600403439,2.9801,-9.6605,2.1730,0.5921,0.1491,-0.9575
1624600403450,3.1093,-9.3997,2.1323,0.5310,0.0856,-0.9673
1624600403459,3.2529,-9.0815,2.3836,0.3844,0.0392,-0.9490
1624600403467,3.1620,-9.1078,2.7473,0.2243,-0.0097,-0.9221
1624600403477,2.9849,-9.4787,3.0296,0.0985,-0.0683,-0.8635
1624600403487,2.8916,-9.8735,3.1852,0.0692,-0.1245,-0.7767
1624600403496,2.9418,-10.1869,3.1277,0.1547,-0.1673,-0.6790
1624600403507,2.8509,-10.2922,3.0081,0.2903,-0.1905,-0.5727
1624600403517,2.7193,-10.1798,3.0009,0.4210,-0.2003,-0.4676
1624600403527,2.6140,-9.9094,2.9937,0.5383,-0.2064,-0.3907
1624600403536,2.7504,-9.6462,3.0081,0.5957,-0.1991,-0.3039
1624600403545,2.9298,-9.4954,3.1206,0.5750,-0.1929,-0.2147
1624600403553,2.9992,-9.4978,3.3574,0.5237,-0.1600,-0.1304
1624600403563,2.9968,-9.6174,3.6494,0.4088,-0.1135,-0.0156
1624600403574,3.0160,-9.7682,3.9413,0.2390,-0.0854,0.1053
1624600403584,2.8437,-9.8424,3.9987,0.0313,-0.0757,0.2165
1624600403593,2.7336,-10.0745,3.8528,-0.1739,-0.0806,0.3216
1624600403604,2.7552,-10.1032,3.7307,-0.3548,-0.0793,0.4071
1624600403612,2.7791,-9.9405,3.4603,-0.4781,-0.0744,0.4560
1624600403623,2.9179,-9.9644,3.4197,-0.5893,-0.0818,0.5220
1624600403632,2.9011,-10.1367,3.2928,-0.6797,-0.0989,0.6075
1624600403642,3.1189,-10.3616,3.1660,-0.7151,-0.1135,0.6832
1624600403652,3.1667,-10.3281,3.0416,-0.7628,-0.1514,0.7553
1624600403662,2.9179,-10.3616,2.9363,-0.7921,-0.2027,0.8286
1624600403669,2.6882,-10.4549,2.7449,-0.8276,-0.2650,0.9068
1624600403681,2.6930,-10.4549,2.4458,-0.8740,-0.3102,0.9703
1624600403690,2.6642,-10.3544,2.1395,-0.9094,-0.3432,1.0363
1624600403699,2.5638,-10.3425,1.9600,-0.9070,-0.3701,1.0937
1624600403710,2.5159,-10.3305,1.8978,-0.8874,-0.3860,1.1524
1624600403717,2.5709,-10.3975,1.7567,-0.8557,-0.3921,1.2122
1624600403727,2.6618,-10.3042,1.6131,-0.8080,-0.3970,1.2660
1624600403737,2.8246,-10.2300,1.4001,-0.7640,-0.3896,1.3283
1624600403746,2.8509,-10.1439,1.3475,-0.7946,-0.3970,1.3869
1624600403756,2.4369,-9.8448,1.3594,-0.8752,-0.4275,1.4395
1624600403767,1.9105,-9.6916,1.1848,-0.9204,-0.4678,1.5018
1624600403777,1.4559,-9.7227,0.7421,-0.9082,-0.5106,1.5690
1624600403786,0.9318,-9.8950,0.4071,-0.8447,-0.5424,1.6166
1624600403795,0.5657,-10.0027,0.2205,-0.7469,-0.5460,1.6301
1624600403805,0.6256,-9.9333,0.0912,-0.6174,-0.5424,1.6166
1624600403814,0.7452,-9.6964,-0.0619,-0.4500,-0.5363,1.5726
1624600403824,0.7907,-9.4787,-0.1576,-0.2570,-0.5204,1.5360
1624600403834,0.5968,-9.1676,-0.1672,-0.0237,-0.4776,1.4920
1624600403844,0.1685,-8.8637,-0.1935,0.2146,-0.4299,1.4603
1624600403853,-0.2406,-8.6747,-0.2533,0.3416,-0.3860,1.4932
1624600403863,-0.9035,-8.4498,-0.3849,0.4430,-0.3224,1.4920
1624600403873,-1.6261,-8.1817,-0.2222,0.5921,-0.2235,1.4407
1624600403882,-2.1118,-7.9377,-0.1337,0.7411,-0.1306,1.3906
1624600403891,-2.3798,-7.8037,-0.1696,0.8951,-0.0610,1.3295
1624600403899,-2.4731,-7.6529,-0.2438,1.0380,-0.0085,1.2440
1624600403909,-2.4684,-7.4496,-0.1504,1.1235,0.0490,1.1670
1624600403921,-2.6167,-7.0021,-0.1648,1.1504,0.1125,1.0876
1624600403930,-2.9278,-6.7508,-0.1265,1.1406,0.1955,1.0094
1624600403940,-3.2867,-6.4924,-0.1648,1.0368,0.2921,0.9361
1624600403950,-3.6983,-6.0904,-0.1887,0.8193,0.3874,0.8579
1624600403959,-4.2319,-5.8368,-0.1002,0.5676,0.4814,0.7822
1624600403967,-4.8205,-5.7267,-0.0858,0.3074,0.5767,0.6881
1624600403976,-5.2201,-5.8344,-0.1361,0.0618,0.6244,0.5904
1624600403986,-5.3445,-6.2316,-0.2796,-0.1348,0.6366,0.5048
1624600403996,-5.2536,-6.8705,-0.4471,-0.2204,0.6256,0.4254
1624600404008,-5.1531,-7.5309,-0.5405,-0.1971,0.5963,0.3436
1624600404017,-5.2201,-7.7439,-0.4902,-0.1251,0.5755,0.2739
1624600404027,-5.4259,-7.5596,-0.4711,0.0533,0.5670,0.1921
1624600404036,-5.7011,-7.6721,-0.4735,0.3868,0.5413,0.0992
1624600404046,-5.9236,-8.0190,-0.1337,0.6703,0.4778,0.0015
1624600404058,-6.1102,-8.2105,0.1726,0.8608,0.4118,-0.0913
1624600404063,-6.3447,-8.3828,0.4837,1.0539,0.3739,-0.1781
1624600404073,-6.4740,-8.4402,0.8737,1.1907,0.3483,-0.2392
1624600404083,-6.5481,-8.1865,1.2565,1.2665,0.3104,-0.3161
1624600404094,-6.4931,-7.8037,1.2996,1.3263,0.2628,-0.4126
1624600404102,-6.2849,-7.3323,1.3810,1.2762,0.2139,-0.4847
1624600404113,-6.0050,-6.8896,1.3953,1.0844,0.1723,-0.5079
1624600404121,-5.7513,-6.7580,1.2278,0.8438,0.1442,-0.4884
1624600404132,-5.6389,-7.2820,0.9694,0.6263,0.1406,-0.4725
1624600404140,-5.5742,-8.1674,0.9407,0.4601,0.1589,-0.4835
1624600404151,-5.4331,-8.7201,1.2757,0.3037,0.1955,-0.5031
1624600404161,-5.2991,-8.6292,1.6777,0.1339,0.2493,-0.5092
1624600404171,-5.1770,-8.3660,2.0940,0.0020,0.2933,-0.4774
1624600404180,-5.0574,-8.3158,2.3501,-0.1519,0.2921,-0.4114
1624600404190,-4.9880,-8.5407,2.3094,-0.3670,0.2554,-0.3467
1624600404198,-4.9473,-8.9522,2.2113,-0.5600,0.2139,-0.2795
1624600404207,-4.9138,-9.4140,2.0414,-0.6822,0.1809,-0.2282
1624600404217,-4.8684,-9.5217,1.7088,-0.7848,0.1467,-0.1964
1624600404226,-4.7200,-9.5648,1.4695,-0.8495,0.1076,-0.1671
1624600404237,-4.5980,-9.4332,1.2350,-0.9057,0.0660,-0.1451
1624600404247,-4.4616,-9.3590,1.0149,-0.9424,0.0355,-0.1317
1624600404257,-4.3252,-9.5433,0.9335,-0.8728,0.0074,-0.1243
1624600404267,-4.1960,-9.7730,0.9144,-0.7555,-0.0268,-0.1231
1624600404277,-4.1170,-9.9309,0.9383,-0.6150,-0.0415,-0.1268
1624600404286,-4.1553,-9.9907,0.9957,-0.4562,-0.0402,-0.1231
1624600404296,-4.2175,-9.8735,1.0819,-0.3157,-0.0439,-0.1231
1624600404305,-4.2749,-9.6821,1.1537,-0.1959,-0.0647,-0.1170
1624600404315,-4.3515,-9.3638,1.2254,-0.1190,-0.0891,-0.1145
1624600404325,-4.4281,-9.1556,1.2350,-0.0945,-0.1086,-0.0987
1624600404334,-4.5023,-9.0647,1.2135,-0.1080,-0.1331,-0.0791
1624600404344,-4.6530,-8.9834,1.2087,-0.1776,-0.1575,-0.0730
1624600404353,-4.7272,-9.0432,1.2589,-0.2668,-0.1648,-0.0681
1624600404363,-4.7272,-9.2705,1.2326,-0.3218,-0.1685,-0.0657
1624600404372,-4.5693,-9.4739,1.1680,-0.3829,-0.1929,-0.0608
1624600404382,-4.4209,-9.6103,1.1489,-0.4452,-0.1978,-0.0290
1624600404392,-4.3946,-9.5480,1.1513,-0.5185,-0.1758,-0.0095
1624600404401,-4.5214,-9.6653,1.0819,-0.5624,-0.1600,0.0272
1624600404411,-4.6291,-9.8137,1.0579,-0.6406,-0.1465,0.0797
1624600404421,-4.6961,-9.9333,0.9933,-0.7164,-0.1538,0.1200
1624600404430,-4.7392,-10.0266,0.9646,-0.7384,-0.1502,0.1322
1624600404438,-4.7631,-10.0984,0.9574,-0.7616,-0.1465,0.1677
1624600404447,-4.7990,-10.0194,0.7397,-0.7958,-0.1441,0.2092
1624600404457,-4.8229,-9.9524,0.4167,-0.8043,-0.1502,0.2458
1624600404467,-4.8779,-10.0314,0.0099,-0.7860,-0.1526,0.2984
1624600404476,-4.9402,-10.0146,-0.1193,-0.7396,-0.1612,0.3314
1624600404488,-4.9641,-9.8878,-0.0475,-0.6467,-0.1624,0.3411
1624600404498,-5.0789,-9.5863,0.1822,-0.5075,-0.1538,0.3521
1624600404507,-5.2177,-9.3351,0.4023,-0.3376,-0.1392,0.3766
1624600404517,-5.3948,-9.0432,0.5028,-0.1947,-0.1319,0.4010
1624600404526,-5.5168,-8.6053,0.5124,-0.1544,-0.1367,0.3961
1624600404535,-5.4881,-8.6292,0.4406,-0.1116,-0.1526,0.4108
1624600404548,-5.4642,-8.5215,0.0984,-0.1006,-0.1587,0.3754
1624600404553,-5.4450,-8.4904,-0.3897,-0.0017,-0.1563,0.2947
1624600404563,-5.3230,-8.5024,-0.7343,0.1180,-0.1380,0.2434
1624600404572,-5.1124,-8.4258,-0.8300,0.1718,-0.1233,0.1860
1624600404583,-5.0550,-8.2583,-0.6792,0.2610,-0.1038,0.0907
1624600404593,-5.0191,-7.9832,-0.3107,0.3196,-0.0867,0.0272
1624600404602,-5.0502,-7.7463,0.1128,0.3074,-0.1001,-0.0058
1624600404611,-5.0478,-7.6529,0.3856,0.3270,-0.1331,-0.0302
1624600404622,-5.0143,-7.5764,0.4884,0.3208,-0.1710,-0.0425
1624600404631,-4.9760,-7.4878,0.4645,0.2683,-0.2113,-0.0706
1624600404639,-4.9090,-7.2151,0.2037,0.1645,-0.2345,-0.1365
1624600404649,-4.8396,-7.1839,-0.1313,0.0484,-0.2345,-0.1830
1624600404663,-4.7033,-7.1792,-0.5261,-0.1116,-0.2259,-0.2208
1624600404669,-4.4496,-7.1265,-0.6673,-0.2631,-0.2039,-0.3137
1624600404680,-4.3204,-7.3969,-0.8228,-0.3511,-0.1477,-0.4016
1624600404688,-3.9256,-7.9616,-0.6505,-0.4562,-0.0842,-0.4823
1624600404698,-3.5906,-8.6651,-0.5979,-0.5392,-0.0170,-0.5825
1624600404707,-3.2365,-8.8135,-0.5165,-0.5576,0.0624,-0.7095
1624600404716,-3.1025,-8.5167,-0.4447,-0.5233,0.1284,-0.8060
1624600404729,-3.0881,-8.2583,-0.3036,-0.4940,0.1454,-0.8500
1624600404735,-2.9063,-8.1171,-0.3634,-0.5453,0.1222,-0.8940
1624600404745,-2.5234,-8.2176,-0.3179,-0.6284,0.0795,-0.9514
1624600404754,-2.3822,-8.8182,-0.4998,-0.5771,0.0624,-1.0137
1624600404764,-2.1812,-9.0240,-0.9712,-0.4244,0.0551,-1.0712
1624600404774,-1.7027,-8.9427,-0.9999,-0.2937,0.0697,-1.0980
1624600404783,-1.4395,-8.6172,-0.9401,-0.2314,0.0709,-1.1457
1624600404793,-1.1882,-8.6842,-0.9544,-0.2008,0.0783,-1.1713
1624600404804,-0.8221,-9.0982,-0.8611,-0.0811,0.1039,-1.1775
1624600404814,-0.6809,-9.4810,-0.7343,0.1608,0.1369,-1.1530
1624600404824,-0.5996,-9.5504,-0.6649,0.4858,0.1882,-1.1078
1624600404833,-0.5039,-9.2585,-0.5476,0.7631,0.2444,-1.0553
1624600404843,-0.3531,-8.9618,-0.3275,0.8438,0.2762,-1.0223
1624600404850,-0.2143,-8.7608,-0.1815,0.7717,0.2945,-1.0321
1624600404860,-0.0684,-8.6412,-0.1600,0.6006,0.3189,-1.0699
1624600404871,-0.0564,-8.7536,-0.1552,0.4357,0.3519,-1.0932
1624600404881,0.0991,-8.9092,-0.0188,0.3575,0.4008,-1.0993
1624600404890,0.1470,-8.8565,-0.0164,0.3380,0.4680,-1.0932
1624600404899,0.3982,-8.7584,0.2516,0.3343,0.5462,-1.0724
1624600404910,0.4054,-8.4115,0.5889,0.2036,0.6085,-1.0675
1624600404920,0.6782,-8.2727,0.8019,-0.0261,0.6708,-1.0577
1624600404929,0.8601,-8.1243,0.9287,-0.3181,0.7270,-1.0822
1624600404939,1.0658,-8.4330,0.9670,-0.5771,0.7698,-1.1139
1624600404947,1.1281,-8.7321,1.0292,-0.7335,0.7979,-1.1274
1624600404956,1.3267,-8.9570,0.6344,-0.7091,0.8296,-1.1127
1624600404966,1.6305,-9.2777,0.3904,-0.5686,0.8822,-1.0907
1624600404976,1.7693,-9.3638,0.4813,-0.4024,0.9090,-1.1054
1624600404987,2.0062,-9.3423,0.6201,-0.1861,0.9139,-1.1151
1624600404997,2.1617,-9.2298,0.5626,0.0569,0.9029,-1.1164
1624600405006,2.4896,-9.2250,0.6679,0.2305,0.8883,-1.0846
1624600405016,2.6212,-9.7084,0.8665,0.3722,0.8651,-1.0455
1624600405025,2.6666,-9.6103,1.2637,0.4418,0.8211,-1.0247
1624600405035,2.6427,-9.3471,1.4312,0.4980,0.7527,-1.0235
1624600405044,2.8126,-9.4667,1.5317,0.4931,0.6757,-1.0089
1624600405056,3.0088,-9.7706,1.5868,0.4919,0.5865,-0.9893
1624600405063,3.1476,-10.1247,1.6705,0.5310,0.4998,-0.9563
1624600405072,3.2720,-9.7562,1.5341,0.5395,0.4081,-0.9123
1624600405082,3.3965,-9.1197,1.4839,0.4381,0.3092,-0.8341
1624600405093,3.3438,-9.1485,1.6011,0.2463,0.1968,-0.7352
1624600405101,3.3534,-9.8328,1.7231,0.0191,0.0893,-0.6020
1624600405112,3.0806,-10.3449,1.8404,-0.1446,-0.0097,-0.4627
1624600405120,2.8796,-10.5937,1.8332,-0.1764,-0.0964,-0.3284
1624600405130,2.7623,-10.6631,1.9218,-0.1006,-0.1770,-0.2172
1624600405139,2.5757,-10.6105,1.9624,0.0447,-0.2662,-0.1280
1624600405150,2.4991,-10.5937,2.0318,0.2500,-0.3310,-0.0498
1624600405160,2.4872,-10.4645,2.1227,0.4491,-0.3848,0.0089
1624600405170,2.5542,-10.2013,2.0342,0.6006,-0.4336,0.0589
1624600405178,2.6906,-10.0458,2.0246,0.6776,-0.4544,0.1188
1624600405187,2.6882,-10.1128,2.2424,0.6898,-0.4409,0.1994
1624600405197,2.6738,-10.2348,2.5152,0.6996,-0.4165,0.2739
1624600405206,2.6236,-9.9883,2.7090,0.6776,-0.3689,0.3387
1624600405216,2.6116,-9.7730,2.7927,0.6177,-0.3261,0.3986
1624600405228,2.4967,-9.5504,2.7664,0.4772,-0.2992,0.4328
1624600405237,2.4585,-9.4595,2.7233,0.2500,-0.2760,0.4609
1624600405247,2.5350,-9.7227,2.6851,-0.0310,-0.2577,0.4853
1624600405256,2.6212,-9.9070,2.5870,-0.3181,-0.2601,0.5012
1624600405266,2.7863,-10.1080,2.3812,-0.5710,-0.2785,0.5317
1624600405275,2.9705,-10.3018,2.1132,-0.7762,-0.3163,0.5818
1624600405285,3.0854,-10.5411,1.8308,-0.9228,-0.3689,0.6551
1624600405294,3.2840,-10.5889,1.5820,-1.0047,-0.4312,0.7345
1624600405304,3.2050,-10.4932,1.5198,-1.0267,-0.4972,0.8201
1624600405314,2.8605,-10.4693,1.4863,-1.0120,-0.5680,0.9190
1624600405323,2.7025,-10.4812,1.3714,-0.9400,-0.6193,1.0070
1624600405333,2.5829,-10.4645,1.1608,-0.8324,-0.6548,1.0656
1624600405342,2.7097,-10.5219,0.7947,-0.7151,-0.6755,1.1292
1624600405352,2.8916,-10.4143,0.5770,-0.6749,-0.6792,1.1902
1624600405362,3.0375,-10.2396,0.4597,-0.6822,-0.6706,1.2257
1624600405370,3.0160,-10.0984,0.2875,-0.6700,-0.6609,1.2550
1624600405381,2.7145,-9.9716,0.1487,-0.6418,-0.6633,1.3051
1624600405390,2.1761,-10.0506,-0.0571,-0.5783,-0.6352,1.3539
1624600405401,2.1259,-10.3138,0.0434,-0.4525,-0.5643,1.4089
1624600405410,1.7143,-10.0506,0.0219,-0.3694,-0.5326,1.4431
1624600405418,1.2309,-9.8376,-0.0619,-0.2729,-0.5399,1.4761
1624600405427,0.8289,-9.8878,-0.2103,-0.0909,-0.5558,1.5042
1624600405437,0.5610,-9.8184,-0.6745,0.1241,-0.5827,1.5140
1624600405447,0.5131,-10.0362,-0.6816,0.3587,-0.6095,1.5226
1624600405456,0.2379,-9.7036,-0.9568,0.5224,-0.6401,1.5030
1624600405468,0.0872,-9.2418,-1.0334,0.5970,-0.6523,1.4895
1624600405478,-0.1760,-9.0336,-0.7797,0.5957,-0.6340,1.4688
1624600405487,-0.6666,-8.9044,-0.5046,0.5078,-0.5888,1.4175
1624600405497,-1.1810,-8.8254,-0.3730,0.4479,-0.5265,1.3820
1624600405506,-1.4299,-8.7752,-0.4830,0.4467,-0.4532,1.3613
1624600405516,-1.5663,-8.7010,-0.4950,0.4650,-0.3799,1.3552
1624600405526,-1.8199,-8.5287,-0.5094,0.4687,-0.3200,1.3307
1624600405535,-2.0281,-8.5144,-0.6218,0.4931,-0.2724,1.3173
1624600405543,-2.2554,-8.5120,-0.7367,0.5175,-0.2381,1.3161
1624600405552,-2.5808,-8.3875,-0.7319,0.5591,-0.1844,1.3112
1624600405562,-3.0737,-8.0382,-0.6936,0.6104,-0.1111,1.3026
1624600405572,-3.6097,-7.5524,-0.8037,0.6409,-0.0219,1.2807
1624600405583,-4.0835,-7.2533,-1.0190,0.6287,0.0770,1.2367
1624600405592,-4.3754,-7.1193,-1.2033,0.5640,0.1626,1.1682
1624600405602,-4.5693,-6.9614,-1.2559,0.4369,0.2346,1.0705
1624600405610,-4.7368,-6.7030,-1.0765,0.3367,0.3043,0.9655
1624600405621,-5.0048,-6.5139,-0.9042,0.3221,0.3495,0.8640
1624600405630,-5.3613,-6.5833,-0.7941,0.4027,0.3666,0.7981
1624600405641,-5.6053,-6.8154,-0.6553,0.5444,0.3422,0.7431
1624600405649,-5.7417,-6.9088,-0.6194,0.7509,0.2896,0.6551
1624600405658,-5.9068,-6.9423,-0.6290,0.9977,0.2505,0.5647
1624600405668,-6.0959,-6.9423,-0.6912,1.2176,0.2175,0.4657
1624600405678,-6.2921,-6.8944,-0.7534,1.3911,0.1772,0.2984
1624600405687,-6.5122,-6.6815,-0.6386,1.5340,0.1271,0.0846
1624600405698,-6.6630,-6.4852,-0.4376,1.6220,0.0685,-0.1060
1624600405708,-6.7180,-6.2555,-0.2605,1.6586,0.0001,-0.2661
1624600405716,-6.4763,-6.0856,0.2659,1.5853,-0.0976,-0.3699
1624600405728,-6.2538,-5.9708,0.6918,1.3935,-0.1856,-0.4469
1624600405737,-6.3256,-6.0067,1.0579,1.1993,-0.1880,-0.5079
1624600405746,-6.4955,-6.3752,1.4504,1.0282,-0.1600,-0.4957
1624600405756,-6.6223,-6.8274,1.7997,0.8535,-0.1441,-0.4566
1624600405766,-6.5266,-7.1217,1.9648,0.6764,-0.1514,-0.4432
1624600405775,-6.2275,-7.3897,2.1706,0.4858,-0.1673,-0.4298
1624600405785,-5.8686,-7.4400,2.2663,0.2842,-0.1734,-0.4346
1624600405795,-5.6317,-7.6912,2.3549,0.1266,-0.1416,-0.4542
1624600405804,-5.4091,-8.2392,2.5295,0.0215,-0.1050,-0.4444
1624600405814,-5.1938,-8.4593,2.6707,-0.1092,-0.0867,-0.4383
1624600405821,-4.9976,-8.5598,2.7521,-0.1764,-0.0353,-0.4273
1624600405833,-4.9019,-8.5981,2.8119,-0.1715,0.0233,-0.3931
1624600405843,-4.8325,-8.6986,2.7090,-0.1654,0.0709,-0.3430
1624600405852,-4.6913,-9.0216,2.5487,-0.1385,0.1125,-0.3015
1624600405860,-4.4113,-9.3590,2.4003,-0.1263,0.1320,-0.2709
1624600405871,-4.1888,-9.4954,2.1658,-0.0847,0.1491,-0.2526
1624600405879,-4.1027,-9.6438,2.0629,0.0069,0.1882,-0.2270
1624600405891,-4.1098,-9.5504,2.1227,0.0875,0.2114,-0.2050
1624600405899,-4.2151,-9.1867,2.2687,0.0606,0.2041,-0.1976
1624600405908,-4.2989,-8.8661,2.4242,-0.0017,0.1772,-0.1964
1624600405918,-4.3850,-8.8852,2.4745,-0.0896,0.1308,-0.1805
1624600405927,-4.3156,-9.2059,2.3357,-0.1910,0.0551,-0.1500
1624600405937,-4.1529,-9.5504,2.1754,-0.2607,-0.0146,-0.1292
1624600405948,-3.9782,-9.6916,2.0701,-0.2863,-0.0585,-0.1182
1624600405956,-3.9399,-9.7443,2.0605,-0.2790,-0.0683,-0.1023
1624600405966,-3.9998,-9.7012,2.1132,-0.2619,-0.0598,-0.0791
1624600405975,-4.1003,-9.5816,2.1204,-0.2546,-0.0537,-0.0632
1624600405987,-4.2079,-9.4380,2.1060,-0.2485,-0.0451,-0.0486
1624600405996,-4.2103,-9.3375,2.0007,-0.2460,-0.0427,-0.0217
1624600406006,-4.1625,-9.2178,1.9122,-0.2863,-0.0463,0.0089
1624600406016,-4.1744,-9.0982,1.8954,-0.3572,-0.0329,0.0467
1624600406025,-4.2989,-8.9953,1.8260,-0.4390,-0.0085,0.0748
1624600406035,-4.5166,-9.0599,1.8141,-0.5075,0.0184,0.1041
1624600406042,-4.7655,-9.2155,1.8332,-0.5783,0.0379,0.1457
1624600406054,-4.9904,-9.2896,1.8236,-0.6761,0.0502,0.1738
1624600406062,-5.1124,-9.3255,1.6849,-0.7213,0.0465,0.1835
1624600406072,-5.1316,-9.5193,1.5628,-0.7372,0.0355,0.2092
1624600406081,-5.1435,-9.5792,1.3068,-0.7310,0.0428,0.2422
1624600406092,-5.2321,-9.9285,0.9814,-0.6028,0.0490,0.2825
1624600406101,-5.3852,-10.0266,0.6847,-0.4720,0.0941,0.3143
1624600406111,-5.5455,-10.0123,0.5219,-0.3914,0.1100,0.3448
1624600406119,-5.7393,-10.0601,0.4765,-0.2998,0.1296,0.3754
1624600406130,-5.8781,-9.9022,0.5148,-0.1739,0.1418,0.4120
1624600406139,-5.9691,-9.7754,0.6344,0.0154,0.1357,0.4670
1624600406148,-6.1126,-9.5696,0.8282,0.1913,0.1332,0.5098
1624600406158,-6.2610,-9.1891,1.0675,0.3013,0.1174,0.5464
1624600406168,-6.4117,-8.7560,1.2661,0.3526,0.0941,0.5757
1624600406177,-6.4859,-8.3445,1.3786,0.3807,0.0599,0.5830
1624600406187,-6.4596,-7.8850,1.3116,0.3844,0.0074,0.5611
1624600406198,-6.3567,-7.3921,1.2374,0.3709,-0.0488,0.5244
1624600406208,-6.3041,-7.0045,0.9694,0.3257,-0.0806,0.4816
1624600406218,-6.3376,-6.7532,0.6368,0.2585,-0.0867,0.4144
1624600406227,-6.2610,-6.7556,0.6033,0.1437,-0.0940,0.3497
1624600406237,-6.0480,-6.8107,0.5842,-0.0188,-0.0952,0.2519
1624600406246,-5.7944,-6.9662,0.6416,-0.1544,-0.0830,0.1273
1624600406256,-5.5216,-7.1265,0.7038,-0.2961,-0.0769,0.0174
1624600406265,-5.3278,-7.1098,0.7014,-0.4317,-0.0732,-0.0840
1624600406275,-5.2512,-7.1696,0.6727,-0.4733,-0.0659,-0.1793
1624600406285,-5.0383,-7.2797,0.6105,-0.4904,-0.0659,-0.2612
1624600406294,-4.7224,-7.2797,0.4956,-0.5490,-0.0842,-0.3296
1624600406304,-4.4927,-7.3347,0.3544,-0.5991,-0.0940,-0.3992
1624600406313,-4.4329,-7.2844,0.2994,-0.6150,-0.0952,-0.4969
1624600406323,-4.3515,-7.1887,0.1247,-0.5661,-0.0915,-0.5959
1624600406332,-4.2008,-7.1409,-0.0763,-0.4574,-0.0769,-0.6509
1624600406343,-3.8371,-7.2151,-0.2533,-0.3816,-0.0549,-0.6936
1624600406351,-3.5356,-7.5357,-0.2605,-0.3047,-0.0121,-0.7535
1624600406360,-3.4470,-7.7869,-0.1122,-0.2717,0.0172,-0.8317
1624600406371,-3.1455,-7.9233,0.1008,-0.3120,0.0208,-0.9184
1624600406379,-2.8751,-8.0047,0.4071,-0.3792,0.0001,-1.0064
1624600406388,-2.7555,-8.1291,0.5196,-0.3682,-0.0341,-1.0834
1624600406398,-2.7148,-8.4186,0.4861,-0.2582,-0.0647,-1.1371
1624600406408,-2.4636,-8.7560,0.3329,-0.0640,-0.0769,-1.1628
1624600406417,-2.1382,-8.8493,0.1630,0.1742,-0.0488,-1.1775
1624600406428,-1.7792,-8.8565,0.1080,0.3746,0.0013,-1.1506
1624600406439,-1.4107,-8.7177,0.2898,0.4650,0.0502,-1.1200
1624600406448,-1.3270,-8.6627,0.6344,0.5163,0.0893,-1.1261
1624600406458,-1.2121,-8.7512,0.8952,0.5432,0.1051,-1.1090
1624600406467,-1.1188,-8.9116,1.2207,0.5957,0.1100,-1.0870
1624600406477,-1.1236,-8.8302,1.3451,0.6788,0.1003,-1.0919
1624600406487,-0.8125,-9.2753,1.2518,0.8486,0.1039,-1.0883
1624600406496,-0.3172,-9.5863,1.1321,0.9439,0.1100,-1.0785
1624600406506,0.0106,-9.3997,1.0914,0.9305,0.0954,-1.0932
1624600406515,0.0082,-8.9810,1.0938,0.8425,0.0612,-1.1115
1624600406525,0.0991,-8.6005,1.2231,0.7680,0.0147,-1.1310
1624600406535,0.2188,-8.7728,1.4169,0.7423,-0.0207,-1.1261
1624600406542,0.5298,-8.1339,1.5652,0.5835,-0.0524,-1.1066
1624600406555,0.6375,-8.3086,1.6274,0.4613,-0.0769,-1.0724
1624600406562,0.7667,-9.3829,1.5461,0.4552,-0.0708,-1.0137
1624600406571,1.1424,-9.9357,1.6107,0.4870,-0.0451,-0.9844
1624600406580,1.0850,-9.4763,1.9433,0.5371,-0.0390,-0.9979
1624600406592,0.9270,-8.9211,2.2017,0.6055,-0.0463,-1.0052
1624600406601,1.1735,-9.0097,2.2472,0.6800,-0.0219,-1.0076
1624600406609,1.3075,-9.2872,2.2879,0.7924,0.0257,-1.0296
1624600406621,1.4726,-9.0480,2.3237,0.7900,0.0514,-1.0076
1624600406629,1.5205,-8.1291,2.3381,0.5994,0.0453,-1.0015
1624600406638,1.6258,-7.8635,2.3692,0.4088,0.0428,-1.0150
1624600406648,1.7693,-8.4402,2.5726,0.2659,0.0477,-1.0064
1624600406657,1.9488,-8.9953,2.7449,0.1926,0.0490,-0.9917
1624600406667,2.0158,-9.2585,2.8310,0.1754,0.0294,-0.9747
1624600406679,2.0014,-9.3925,2.8286,0.2463,0.0123,-0.9747
1624600406688,2.1857,-9.5265,2.8621,0.3343,0.0001,-0.9624
1624600406698,2.2886,-9.5146,3.0488,0.3318,-0.0317,-0.9429
1624600406707,2.2551,-9.4212,3.2737,0.2512,-0.0867,-0.9380
1624600406715,2.2838,-9.1772,3.3503,0.1144,-0.1514,-0.9221
1624600406726,2.4082,-8.9164,3.4532,-0.0493,-0.2015,-0.8891
1624600406736,2.4800,-9.1604,3.6494,-0.1348,-0.2357,-0.8317
1624600406746,2.5135,-9.6366,3.6924,-0.1409,-0.2626,-0.7523
1624600406755,2.5709,-10.1080,3.6805,-0.0493,-0.2944,-0.6460
1624600406765,2.5087,-10.4501,3.6972,0.1193,-0.3127,-0.5409
1624600406775,2.4632,-10.4238,3.6685,0.3172,-0.3188,-0.4542
1624600406784,2.5231,-10.2444,3.6374,0.4809,-0.3163,-0.3870
1624600406794,2.6284,-9.9476,3.7092,0.5701,-0.2809,-0.3308
1624600406803,2.6307,-9.6821,3.6326,0.6031,-0.2394,-0.2844
1624600406813,2.7767,-9.3829,3.7618,0.5383,-0.2027,-0.2098
1624600406821,2.8150,-9.1652,4.1279,0.3819,-0.1673,-0.1243
1624600406832,2.7623,-9.2226,4.5180,0.2280,-0.1429,-0.0425
1624600406840,2.6403,-9.3303,4.5730,0.0337,-0.1441,0.0406
1624600406851,2.5901,-9.4332,4.3816,-0.1666,-0.1710,0.1347
1624600406861,2.6403,-9.5839,4.1255,-0.3572,-0.1966,0.2324
1624600406871,2.6499,-9.9500,3.8743,-0.4818,-0.1868,0.3216
1624600406879,2.6236,-10.3161,3.5848,-0.5368,-0.1685,0.4059
1624600406888,2.6140,-10.4693,3.4962,-0.5576,-0.1563,0.4767
1624600406898,2.6595,-10.4501,3.4890,-0.6064,-0.1575,0.5525
1624600406907,2.6164,-10.5100,3.5297,-0.6406,-0.1746,0.6258
1624600406917,2.5614,-10.4430,3.6422,-0.6455,-0.2076,0.6918
1624600406927,2.5039,-10.3903,3.6254,-0.5918,-0.2345,0.7626
1624600406937,2.5829,-10.2946,3.3790,-0.5356,-0.2577,0.8555
1624600406947,2.7719,-10.1606,2.9459,-0.5343,-0.2895,0.9471
1624600406957,2.8652,-10.0003,2.6228,-0.6186,-0.3224,1.0216
1624600406967,2.8437,-10.0362,2.4027,-0.7310,-0.3347,1.1108
1624600406976,2.7049,-10.2635,2.2424,-0.8153,-0.3261,1.2110
1624600406986,2.4776,-10.3520,2.1036,-0.8886,-0.3188,1.2990
1624600406996,2.1665,-10.3568,1.8906,-0.9033,-0.3004,1.3820
1624600407005,2.0493,-10.3018,1.8715,-0.8813,-0.2772,1.4382
1624600407013,1.9751,-10.1678,1.8763,-0.8495,-0.2650,1.4700
1624600407022,1.8914,-10.0458,1.8667,-0.8251,-0.2748,1.4883
1624600407034,1.8794,-9.9429,1.8069,-0.7811,-0.2992,1.5054
1624600407044,1.8626,-9.9046,1.5844,-0.7078,-0.3396,1.5311
1624600407053,1.6784,-9.8137,1.3427,-0.6406,-0.3896,1.5482
1624600407061,1.4224,-9.6581,1.2398,-0.5771,-0.4226,1.5726
1624600407071,1.1424,-9.3566,1.0220,-0.4830,-0.4361,1.5849
1624600407081,0.7476,-9.2298,0.8019,-0.3328,-0.4202,1.6117
1624600407091,0.2140,-9.0910,0.6153,-0.1923,-0.3762,1.6374
1624600407100,-0.3890,-8.9570,0.6320,-0.0664,-0.3053,1.6337
1624600407111,-0.8604,-8.8039,0.7469,0.0741,-0.2271,1.6081
1624600407120,-1.1260,-8.6938,0.9814,0.2231,-0.1612,1.5555
1624600407128,-1.2121,-8.5981,0.9359,0.4003,-0.1147,1.4945
1624600407138,-1.0805,-8.7560,0.5937,0.6251,-0.0671,1.4566
1624600407148,-0.7671,-8.7058,0.4023,0.7876,-0.0268,1.4224
1624600407157,-0.6235,-8.0238,0.4669,0.7973,0.0208,1.3588
1624600407170,-1.1092,-7.3514,0.4645,0.7411,0.1113,1.3100
1624600407178,-2.0113,-6.8992,0.6129,0.5884,0.1980,1.3051
1624600407188,-3.0379,-6.3417,0.7182,0.3037,0.2456,1.2733
1624600407197,-4.0189,-6.1239,0.7086,0.0667,0.2908,1.2098
1624600407207,-4.5980,-6.4398,0.6248,-0.0371,0.3067,1.1536
1624600407216,-4.6051,-6.9710,0.4813,-0.0774,0.2750,1.0864
1624600407225,-4.2749,-7.4184,0.2372,-0.0322,0.2493,0.9777
1624600407236,-3.8634,-7.7917,0.1822,0.0936,0.2652,0.8726
1624600407246,-3.4949,-7.6601,0.1247,0.1877,0.2835,0.7675
1624600407255,-3.4040,-7.3251,0.0171,0.2989,0.3287,0.6649
1624600407265,-3.6049,-7.1528,0.0673,0.4345,0.3983,0.5977
1624600407274,-4.0572,-6.7987,0.1870,0.5212,0.4631,0.5366
1624600407284,-4.6530,-6.3465,0.2563,0.6165,0.5303,0.4719
1624600407294,-5.1651,-6.0426,0.2372,0.6642,0.5731,0.4242
1624600407303,-5.5120,-5.8535,0.1535,0.6104,0.5706,0.3631
1624600407311,-5.7059,-5.7291,0.2181,0.4503,0.5315,0.2642
1624600407322,-5.8446,-5.8320,0.3568,0.2646,0.4900,0.1554
1624600407332,-6.0193,-6.1143,0.5052,0.1095,0.4301,0.0467
1624600407342,-6.2347,-6.6934,0.7134,0.0325,0.3678,-0.0535
1624600407351,-6.3447,-7.3036,0.8665,0.0508,0.3104,-0.1512
1624600407361,-6.3567,-7.6553,0.9838,0.0875,0.2383,-0.2514
1624600407369,-6.2969,-7.7798,1.0412,0.1632,0.1797,-0.3479
1624600407378,-6.2395,-7.7439,1.0364,0.2781,0.1516,-0.4322
1624600407388,-6.1581,-7.8013,0.8952,0.4161,0.1442,-0.4957
1624600407397,-6.0073,-7.9496,0.8857,0.5212,0.1332,-0.5177
1624600407407,-5.9451,-7.8898,1.0484,0.5395,0.1222,-0.5287
1624600407419,-6.0002,-7.7008,1.4073,0.4968,0.1369,-0.5470
1624600407428,-6.1294,-7.5453,1.8954,0.3636,0.1613,-0.5324
1624600407438,-6.1964,-7.4065,2.1036,0.1608,0.1564,-0.4994
1624600407447,-6.1844,-7.5429,2.2926,-0.0811,0.1296,-0.4542
1624600407457,-6.0193,-7.9927,2.3907,-0.3095,0.1039,-0.3919
1624600407467,-5.8375,-8.4832,2.2998,-0.4830,0.0954,-0.3308
1624600407476,-5.6771,-8.8422,2.0797,-0.5820,0.1064,-0.2770
1624600407486,-5.4594,-8.9331,1.8859,-0.6309,0.1357,-0.2172
1624600407495,-5.2656,-9.1245,1.5963,-0.6394,0.1785,-0.1646
1624600407505,-5.1723,-9.4643,1.3953,-0.5710,0.2273,-0.1610
1624600407514,-5.0191,-9.4500,1.2829,-0.5087,0.2652,-0.1683
1624600407524,-4.9880,-9.2442,1.2542,-0.4439,0.3226,-0.1610
1624600407533,-5.1747,-8.9403,1.2278,-0.3694,0.3861,-0.1536
1624600407543,-5.2775,-8.7752,1.4049,-0.3657,0.4032,-0.1414
1624600407553,-5.2728,-8.7752,1.4384,-0.4048,0.3947,-0.1475
1624600407563,-5.1029,-9.0264,1.4480,-0.4464,0.3617,-0.1451
1624600407572,-4.8014,-9.3159,1.3810,-0.5075,0.3092,-0.1341
1624600407580,-4.4999,-9.6031,1.4097,-0.5087,0.2737,-0.1231
1624600407590,-4.3180,-9.6533,1.3570,-0.4843,0.2713,-0.1072
1624600407599,-4.1912,-9.5816,1.3546,-0.4806,0.2615,-0.0852
1624600407609,-4.1625,-9.4476,1.1465,-0.4867,0.2432,-0.0681
1624600407618,-4.1242,-9.2011,1.0723,-0.5209,0.2224,-0.0718
1624600407628,-4.0596,-9.2513,0.9000,-0.5258,0.1943,-0.0498
1624600407637,-4.0213,-9.2059,0.7876,-0.5686,0.1736,-0.0364
1624600407647,-3.9711,-9.1748,0.7708,-0.5576,0.1589,-0.0461
1624600407657,-3.9567,-9.2107,0.6201,-0.4684,0.1552,-0.0693
1624600407666,-3.8969,-9.2250,0.5770,-0.3291,0.1479,-0.1182
1624600407678,-3.7724,-9.0360,0.6129,-0.2216,0.1296,-0.1280
1624600407687,-3.8155,-8.7369,0.5650,-0.1813,0.1247,-0.0913
1624600407697,-3.9328,-8.4665,0.6153,-0.1739,0.1259,-0.0779
1624600407707,-4.0572,-8.4474,0.6320,-0.2252,0.1003,-0.0913
1624600407716,-4.0428,-8.5861,0.4908,-0.3108,0.0538,-0.1109
1624600407726,-3.9854,-8.7082,0.4143,-0.4464,0.0025,-0.1194
1624600407735,-3.9088,-8.9427,0.3257,-0.5661,-0.0402,-0.1084
1624600407745,-3.9471,-9.3303,0.1487,-0.6321,-0.0634,-0.1011
1624600407754,-4.1075,-9.3494,0.0673,-0.7091,-0.0708,-0.1121
1624600407764,-4.3491,-9.3327,0.0290,-0.7628,-0.0622,-0.0901
1624600407774,-4.6793,-9.3614,-0.0212,-0.7750,-0.0427,-0.0608
1624600407784,-4.8851,-9.6151,0.0147,-0.7995,-0.0366,-0.0205
1624600407793,-4.9617,-9.8998,0.0434,-0.8471,-0.0439,0.0235
1624600407803,-5.1077,-10.1367,0.0458,-0.9045,-0.0524,0.0577
1624600407812,-5.3110,-10.4047,-0.0452,-0.9424,-0.0647,0.1017
1624600407821,-5.5407,-10.5459,-0.1385,-0.9632,-0.0854,0.1432
1624600407830,-5.6939,-10.6057,-0.2031,-0.9216,-0.1245,0.1799
1624600407841,-5.7537,-10.6488,-0.1959,-0.8398,-0.1722,0.2068
1624600407851,-5.7705,-10.6224,-0.2581,-0.6700,-0.2174,0.2068
1624600407859,-5.7346,-10.5506,-0.2270,-0.4280,-0.2577,0.2031
1624600407868,-5.7800,-10.1558,-0.0882,-0.2216,-0.2919,0.2116
1624600407878,-5.8757,-9.6270,0.0625,-0.0408,-0.3237,0.2031
1624600407891,-5.9475,-9.1221,0.0195,0.1205,-0.3603,0.1872
1624600407899,-5.9978,-8.7034,-0.0763,0.2524,-0.4080,0.1835
1624600407907,-6.0361,-8.2966,-0.1815,0.3294,-0.4385,0.1713
1624600407918,-6.1677,-8.0717,-0.2916,0.4076,-0.4532,0.1359
1624600407927,-6.1150,-8.0454,-0.4926,0.4833,-0.4727,0.0956
1624600407937,-5.9236,-8.2105,-0.6792,0.4772,-0.4898,0.0504
1624600407947,-5.6460,-8.3373,-0.7845,0.3941,-0.5045,-0.0144
1624600407957,-5.4594,-8.1817,-0.7941,0.2512,-0.5253,-0.1060
1624600407966,-5.3972,-7.9903,-0.6122,0.1547,-0.5253,-0.2086
1624600407976,-5.3685,-7.9449,-0.3323,0.0838,-0.5338,-0.2990
1624600407985,-5.2823,-7.7008,-0.2246,0.0154,-0.5595,-0.3784
1624600407995,-5.2345,-7.4926,-0.1122,0.0118,-0.5778,-0.4420
1624600408005,-5.1220,-7.5022,-0.0691,0.0582,-0.5912,-0.4835
1624600408014,-4.8899,-7.5931,-0.2246,0.0802,-0.6022,-0.5177
1624600408024,-4.6387,-7.8420,-0.3634,0.0374,-0.6022,-0.5409
1624600408033,-4.4185,-8.0813,-0.4950,-0.0579,-0.5937,-0.5764
1624600408043,-4.1768,-8.3756,-0.6122,-0.1104,-0.5692,-0.6277
1624600408054,-3.8945,-8.4737,-0.6051,-0.1165,-0.5350,-0.6802
1624600408060,-3.7413,-8.4378,-0.5094,-0.0701,-0.4886,-0.7364
1624600408070,-3.6145,-8.2535,-0.4041,0.0631,-0.4348,-0.7902
1624600408079,-3.5284,-8.1698,-0.4232,0.2427,-0.3640,-0.8305
1624600408089,-3.3609,-8.3349,-0.3586,0.4430,-0.2882,-0.8513
1624600408100,-3.0714,-8.3804,-0.3730,0.5811,-0.2186,-0.8671
1624600408109,-2.8010,-8.2440,-0.3730,0.6080,-0.1538,-0.8855
1624600408118,-2.4971,-8.0741,-0.3562,0.5456,-0.1135,-0.9148
1624600408128,-2.2315,-7.9760,-0.2749,0.4003,-0.0720,-0.9563
1624600408138,-2.1047,-8.0836,-0.2079,0.2402,-0.0329,-1.0076
1624600408147,-1.8079,-8.3062,-0.0930,0.0838,-0.0036,-1.0577
1624600408157,-1.5184,-8.6220,0.0123,-0.0188,0.0208,-1.1176
1624600408168,-1.2839,-9.0599,-0.0571,-0.0017,0.0441,-1.1713
1624600408177,-0.9250,-9.1437,-0.0523,0.0325,0.0599,-1.1921
1624600408187,-0.6020,-8.8613,-0.1935,0.0545,0.0599,-1.2092
1624600408197,-0.5062,-8.7512,-0.2150,0.1266,0.0722,-1.2226
1624600408206,-0.3507,-8.8924,-0.2390,0.1901,0.0893,-1.2251
1624600408216,-0.0755,-8.9977,-0.1959,0.2720,0.1296,-1.2166
1624600408226,0.2571,-8.9834,-0.2055,0.3563,0.1895,-1.1945
1624600408235,0.5322,-8.9307,-0.1074,0.4283,0.2493,-1.1701
1624600408245,0.7093,-8.9618,0.0889,0.4699,0.2896,-1.1371
1624600408254,0.8577,-8.9929,0.4741,0.4846,0.3067,-1.1090
1624600408264,0.9414,-8.9762,0.7756,0.5505,0.3226,-1.1102
1624600408273,1.0706,-9.1580,0.9287,0.6605,0.3470,-1.1029
1624600408283,1.3267,-9.3136,0.9407,0.7937,0.3751,-1.0919
1624600408292,1.4487,-9.2705,0.7014,0.9513,0.4057,-1.0919
1624600408302,1.6545,-9.0982,0.5626,1.0282,0.4338,-1.0650
1624600408312,1.9919,-8.8015,0.9790,0.9684,0.4533,-1.0333
1624600408322,2.0206,-8.1865,1.4288,0.7924,0.4497,-1.0455
1624600408329,1.9177,-7.9544,1.9265,0.6177,0.4484,-1.0418
1624600408341,2.0206,-8.0501,2.2280,0.4821,0.4680,-1.0321
1624600408349,2.2144,-8.3181,2.3285,0.3465,0.4790,-1.0186
1624600408359,2.4608,-8.6914,2.2256,0.2121,0.4912,-0.9942
1624600408368,2.8078,-8.9618,2.2496,0.0008,0.4937,-0.9612
1624600408378,2.9442,-9.0384,2.2903,-0.2191,0.4851,-0.9759
1624600408387,2.9275,-9.1796,2.3620,-0.4036,0.4680,-0.9685
1624600408399,2.8246,-9.3016,2.3907,-0.4989,0.4460,-0.9734
1624600408408,2.8174,-9.3973,2.3692,-0.4781,0.4277,-0.9759
1624600408418,2.9275,-9.1245,1.9935,-0.4048,0.3996,-0.9612
1624600408426,3.0136,-8.7010,1.8093,-0.2802,0.4045,-0.9294
1624600408437,3.1021,-8.9331,1.8117,-0.0506,0.4191,-0.8525
1624600408447,3.3103,-9.3159,1.8356,0.1168,0.4436,-0.7303
1624600408456,3.3007,-9.5193,2.1323,0.1889,0.4607,-0.6167
1624600408466,3.1308,-9.6007,2.4721,0.2219,0.4643,-0.5373
1624600408475,3.0208,-9.6462,2.6611,0.2072,0.4301,-0.4701
1624600408485,2.9897,-9.6940,2.7042,0.1852,0.3776,-0.4273
1624600408493,2.9633,-9.6127,2.6563,0.2011,0.3226,-0.3797
1624600408504,2.9418,-9.5193,2.4817,0.2610,0.2701,-0.3222
1624600408514,2.9921,-9.3686,2.3931,0.2756,0.2383,-0.2538
1624600408523,2.9322,-9.5289,2.5295,0.2928,0.2298,-0.1903
1624600408533,2.9346,-9.5839,2.6444,0.2414,0.2114,-0.1207
1624600408543,2.9753,-9.6031,2.9339,0.1046,0.1833,-0.0180
1624600408552,2.9944,-9.6821,3.1923,-0.0591,0.1137,0.0540
1624600408562,3.0710,-10.0410,3.0248,-0.2301,0.0502,0.1163
1624600408570,3.0567,-10.6009,2.9291,-0.3743,0.0111,0.2092
1624600408580,2.9418,-10.4789,2.8191,-0.5172,-0.0475,0.2678
1624600408589,2.6977,-10.5818,2.7018,-0.5722,-0.1086,0.3045
1624600408599,2.7097,-10.7301,2.5008,-0.6064,-0.1636,0.3680
1624600408608,2.8796,-10.6440,2.3788,-0.6663,-0.2088,0.4279
1624600408618,2.9801,-10.6799,2.2185,-0.6590,-0.2455,0.4865
1624600408628,3.1213,-10.5435,2.1275,-0.6516,-0.2711,0.5672
1624600408637,3.1763,-10.4023,2.1251,-0.6858,-0.2931,0.6502
1624600408648,3.2433,-10.4119,2.1395,-0.7445,-0.3224,0.7394
1624600408658,3.3558,-10.3353,2.1180,-0.8508,-0.3628,0.8372
1624600408667,3.3318,-10.3664,1.9241,-0.9180,-0.3982,0.9471
1624600408677,3.2146,-10.3927,1.7375,-0.9607,-0.4471,1.0473
1624600408687,2.8652,-10.3568,1.5868,-0.9986,-0.5191,1.1206
1624600408696,2.6020,-10.3018,1.3642,-0.9864,-0.5900,1.1695
1624600408705,2.4513,-10.2850,1.0891,-0.9045,-0.6425,1.2037
1624600408716,2.3388,-10.3879,0.8163,-0.7824,-0.6755,1.2269
1624600408725,2.3747,-10.4932,0.5818,-0.6663,-0.6816,1.2403
1624600408733,2.4680,-10.4501,0.4167,-0.5600,-0.6694,1.2452
1624600408744,2.3723,-10.3353,0.3401,-0.4818,-0.6425,1.2587
1624600408753,2.0158,-10.2467,0.3305,-0.4097,-0.6267,1.2831
1624600408763,1.7191,-10.0745,0.3832,-0.3450,-0.6071,1.2977
1624600408773,1.6234,-9.7586,0.3401,-0.3034,-0.5827,1.2929
1624600408783,1.3003,-9.4739,0.2276,-0.3108,-0.5729,1.2990
1624600408793,0.7667,-9.3997,0.0553,-0.3340,-0.5631,1.3148
1624600408802,0.5849,-9.6031,-0.0452,-0.3425,-0.5363,1.3234
1624600408812,0.7117,-9.6390,0.0673,-0.3767,-0.5191,1.3124
1624600408821,0.5801,-9.5696,0.1893,-0.4097,-0.5081,1.3014
1624600408829,0.4365,-9.4547,0.1630,-0.3584,-0.4886,1.3197
1624600408839,0.3360,-9.1748,-0.0069,-0.2851,-0.4715,1.3307
1624600408848,0.0489,-8.7823,-0.2796,-0.2069,-0.4434,1.3295
1624600408858,-0.3914,-8.5742,-0.5141,-0.1116,-0.3970,1.3356
1624600408868,-0.7790,-8.3492,-0.6840,-0.0322,-0.3432,1.3161
1624600408879,-1.0398,-8.1315,-0.9113,0.0325,-0.2834,1.2611
1624600408889,-1.3198,-8.0214,-1.1076,0.1022,-0.2259,1.2000
1624600408898,-1.6907,-7.8061,-1.1100,0.1364,-0.1685,1.1365
1624600408907,-2.1334,-7.5764,-0.9975,0.2207,-0.0989,1.0558
1624600408918,-2.4444,-7.5285,-1.0071,0.3490,-0.0500,0.9630
1624600408927,-2.6741,-7.7606,-0.9568,0.4528,-0.0280,0.8934
1624600408937,-2.8440,-7.8204,-0.8898,0.5579,-0.0219,0.8103
1624600408946,-2.9900,-7.9138,-0.9281,0.7350,0.0062,0.7260
1624600408956,-3.0570,-7.9401,-0.9664,0.9341,0.0306,0.6625
1624600408965,-3.1144,-7.6481,-0.9999,1.0966,0.0526,0.5867
1624600408975,-3.2293,-7.3084,-0.9592,1.2054,0.0954,0.5183
1624600408985,-3.4781,-7.0021,-0.9688,1.2530,0.1601,0.4670
1624600408994,-3.8371,-6.6791,-0.8922,1.2359,0.2346,0.4401
1624600409004,-4.3276,-6.3847,-0.8443,1.1883,0.3177,0.4120
1624600409013,-4.8277,-6.3441,-0.6410,1.1431,0.4106,0.3876
1624600409023,-5.2560,-6.4470,-0.5261,1.0881,0.4741,0.3387
1624600409033,-5.4738,-6.8729,-0.3179,1.0624,0.4924,0.2605
1624600409042,-5.3661,-7.1959,-0.0810,1.0307,0.4692,0.1567
1624600409050,-5.2129,-7.5811,0.1630,0.9806,0.4350,0.0516
1624600409061,-5.1842,-7.8922,0.2659,0.9219,0.4093,-0.0315
1624600409070,-5.1938,-7.9688,0.3951,0.8144,0.3678,-0.0999
1624600409085,-5.2919,-7.6290,0.3544,0.6886,0.3312,-0.1451
1624600409089,-5.5647,-7.4089,0.3210,0.6067,0.3141,-0.1573
1624600409098,-5.8710,-7.2749,0.2851,0.5456,0.3092,-0.1500
1624600409108,-6.1102,-7.1959,0.0936,0.4491,0.2945,-0.1427
1624600409117,-6.2466,-7.4041,0.0099,0.3526,0.2774,-0.1390
1624600409129,-6.2586,-7.6912,0.1319,0.2598,0.2371,-0.1915
1624600409138,-6.1820,-8.1195,0.5531,0.1962,0.1870,-0.2770
1624600409146,-6.0217,-8.6364,0.8809,0.2182,0.1174,-0.3479
1624600409158,-5.8207,-9.1891,1.0867,0.2756,0.0355,-0.3858
1624600409167,-5.5910,-9.3829,1.1345,0.3465,-0.0415,-0.4029
1624600409177,-5.3852,-9.3040,1.1752,0.4467,-0.1001,-0.4078
1624600409186,-5.2153,-8.9642,1.2853,0.5029,-0.1270,-0.3882
1624600409196,-5.0909,-8.5933,1.4408,0.4821,-0.1319,-0.3589
1624600409206,-4.9760,-8.4115,1.6250,0.3660,-0.1172,-0.3284
1624600409215,-4.9330,-8.6364,1.7710,0.2109,-0.0867,-0.2929
1624600409225,-4.8301,-8.8422,1.9218,-0.0420,-0.0695,-0.2599
1624600409234,-4.6865,-8.9690,1.9433,-0.2741,-0.0512,-0.2355
1624600409244,-4.5238,-9.1748,1.9146,-0.4122,-0.0329,-0.1878
1624600409254,-4.3659,-9.2848,1.7806,-0.5136,-0.0329,-0.1292
1624600409263,-4.2606,-9.3255,1.6633,-0.5441,-0.0280,-0.0889
1624600409273,-4.1888,-9.3399,1.5437,-0.5307,-0.0231,-0.0767
1624600409282,-4.1505,-9.2992,1.4528,-0.5270,-0.0317,-0.0718
1624600409290,-4.1170,-9.3016,1.3953,-0.5209,-0.0366,-0.0742
1624600409302,-4.0548,-9.3327,1.3690,-0.4794,-0.0305,-0.0852
1624600409312,-3.9423,-9.4619,1.3714,-0.4476,-0.0415,-0.0913
1624600409319,-3.8012,-9.3686,1.2972,-0.4562,-0.0549,-0.0950
1624600409330,-3.7413,-9.3399,1.2231,-0.4317,-0.0463,-0.0974
1624600409339,-3.6935,-9.3973,1.2159,-0.4097,-0.0415,-0.0901
1624600409356,-3.5906,-9.3710,1.1465,-0.4390,-0.0610,-0.0889
1624600409364,-3.4781,-9.4212,1.1178,-0.4659,-0.0720,-0.0901
1624600409369,-3.3992,-9.5050,1.0077,-0.5014,-0.0793,-0.0791
1624600409382,-3.3752,-9.6677,0.9527,-0.5514,-0.1013,-0.0583
1624600409387,-3.3968,-10.0386,0.9838,-0.5637,-0.1172,-0.0400
1624600409396,-3.3585,-10.2204,1.0005,-0.5417,-0.1282,-0.0229
1624600409407,-3.3082,-10.2827,0.9814,-0.4953,-0.1257,0.0113
1624600409415,-3.2700,-10.2683,0.9096,-0.4293,-0.1147,0.0467
1624600409425,-3.3130,-10.1199,0.8019,-0.3841,-0.1062,0.0760
1624600409434,-3.3657,-9.9453,0.7899,-0.3584,-0.0964,0.0980
1624600409444,-3.4901,-9.8400,0.7995,-0.3499,-0.0903,0.1139
1624600409454,-3.6552,-9.5744,0.8546,-0.3987,-0.0854,0.1237
1624600409463,-3.7964,-9.2825,0.9503,-0.5197,-0.0842,0.1518
1624600409473,-3.9160,-9.1221,0.9718,-0.6480,-0.0830,0.1811
1624600409483,-4.0787,-9.3949,0.9862,-0.7188,-0.0830,0.2190
1624600409493,-4.1266,-9.5480,0.9479,-0.8007,-0.0732,0.2569
1624600409503,-4.1744,-9.6079,0.7206,-0.8422,-0.0659,0.2837
1624600409513,-4.2103,-9.6462,0.5291,-0.8276,-0.0524,0.3143
1624600409522,-4.4305,-9.6988,0.3186,-0.7934,-0.0353,0.3485
1624600409532,-4.6937,-9.8448,0.0721,-0.7640,-0.0158,0.3631
1624600409542,-4.9210,-9.7825,-0.2150,-0.7091,0.0074,0.3570
1624600409550,-5.1077,-9.5887,-0.5620,-0.6235,0.0233,0.3607
1624600409573,-5.1411,-9.1891,-0.9042,-0.5563,0.0294,0.3839
1624600409574,-5.0598,-8.7728,-0.8396,-0.5050,0.0318,0.4279
1624600409578,-5.1364,-8.6292,-0.7462,-0.4293,0.0465,0.4547
1624600409594,-5.3900,-8.4258,-0.6936,-0.3328,0.0722,0.4401
1624600409597,-5.7322,-8.5502,-0.4926,-0.2081,0.0929,0.4218
1624600409608,-5.8853,-8.9259,-0.1768,-0.0566,0.0990,0.3876
1624600409617,-5.6723,-9.2011,-0.1098,0.0276,0.0844,0.3179
1624600409627,-5.2153,-9.3518,-0.0380,0.0289,0.0697,0.2238
1624600409636,-4.7176,-9.4547,-0.0093,-0.0237,0.0379,0.1176
1624600409647,-4.4329,-9.4021,-0.0284,-0.0371,0.0208,0.0052
1624600409655,-4.4281,-9.0910,-0.2031,0.0337,0.0013,-0.0926
1624600409665,-4.5047,-8.4832,-0.4950,0.1706,-0.0378,-0.1549
1624600409676,-4.5310,-7.8061,-0.7582,0.2744,-0.0891,-0.1683
1624600409686,-4.5214,-7.5572,-0.9185,0.3233,-0.1221,-0.1781
1624600409694,-4.3180,-7.6840,-0.9760,0.2537,-0.1477,-0.2001
1624600409703,-4.0309,-7.9233,-0.7654,0.1131,-0.1710,-0.2379
1624600409715,-3.8801,-8.0693,-0.6098,-0.0102,-0.1819,-0.2990
1624600409724,-3.9256,-8.1100,-0.4687,-0.1129,-0.1929,-0.3662
1624600409733,-3.8993,-8.1937,-0.3730,-0.1996,-0.2186,-0.4359
1624600409743,-3.7461,-8.1794,-0.4352,-0.2521,-0.2430,-0.5250
1624600409753,-3.5332,-8.1865,-0.5596,-0.2607,-0.2430,-0.6118
1624600409763,-3.2939,-7.9736,-0.7486,-0.2668,-0.2113,-0.6936
1624600409772,-2.9924,-7.7463,-0.8156,-0.2643,-0.1551,-0.7621
1624600409782,-2.8967,-7.6458,-1.0166,-0.2081,-0.0683,-0.8195
1624600409791,-2.6311,-7.9257,-0.9209,-0.1385,-0.0121,-0.8586
1624600409799,-2.4731,-8.1770,-0.6481,-0.0554,0.0563,-0.8964
1624600409811,-2.4588,-8.3492,-0.3730,0.0044,0.0758,-0.8916
1624600409820,-2.3296,-8.6723,-0.2031,0.0533,0.0709,-0.8806
1624600409828,-1.9946,-8.9881,-0.1720,0.0973,0.0294,-0.8830
1624600409838,-1.9037,-8.9762,-0.0619,0.1241,-0.0158,-0.9087
1624600409848,-1.8414,-8.9020,-0.0930,0.2048,-0.0647,-0.9331
1624600409857,-1.5304,-9.0049,-0.0954,0.3392,-0.0806,-0.9368
1624600409867,-1.4562,-8.8613,-0.1720,0.4736,-0.0427,-0.9197
1624600409878,-1.3031,-8.6675,-0.2701,0.6104,0.0172,-0.9014
1624600409888,-1.0207,-8.7608,-0.3203,0.7643,0.0819,-0.8659
1624600409897,-0.7886,-8.7967,-0.2198,0.8511,0.1406,-0.8451
1624600409905,-0.7503,-8.9211,-0.0188,0.8840,0.1699,-0.8244
1624600409916,-0.6163,-8.9522,0.1487,0.8743,0.1797,-0.8170
1624600409926,-0.4201,-9.0264,0.3210,0.8230,0.1821,-0.8073
1624600409936,-0.3675,-8.9881,0.4717,0.7436,0.1821,-0.8073
1624600409945,-0.2646,-8.9762,0.6248,0.6764,0.1858,-0.8170
1624600409955,-0.1880,-9.0408,0.6775,0.6422,0.1907,-0.8293
1624600409965,-0.0420,-9.0336,0.5507,0.5909,0.1895,-0.8464
1624600409974,0.1063,-9.0049,0.2779,0.5175,0.1870,-0.8622
1624600409984,0.2307,-8.9594,0.2396,0.3819,0.1845,-0.8720
1624600409993,0.4174,-8.8422,0.2157,0.2414,0.1833,-0.9099
1624600410003,0.6997,-8.8254,0.3832,0.0875,0.1882,-0.9575
1624600410012,0.8337,-8.7656,0.3377,-0.0689,0.1931,-1.0003
1624600410022,0.9606,-8.9857,0.4621,-0.1923,0.1870,-1.0260
1624600410032,1.0539,-9.2178,0.6368,-0.2631,0.1638,-1.0370
1624600410041,1.0658,-9.4380,0.7660,-0.2191,0.1454,-1.0308
1624600410051,1.2022,-9.5528,0.8115,-0.1446,0.1222,-1.0003
1624600410060,1.3099,-9.5624,0.8665,-0.0823,0.0941,-0.9771
1624600410069,1.5851,-9.6462,0.7923,-0.0396,0.0685,-0.9612
1624600410080,1.7287,-9.6151,0.6368,-0.0115,0.0624,-0.9514
1624600410088,1.8435,-9.5744,0.7325,0.0423,0.0575,-0.9417
1624600410098,1.9081,-9.3159,0.7229,0.0899,0.0660,-0.9270
1624600410107,1.9632,-9.1078,0.8761,0.1730,0.0868,-0.9062
1624600410117,2.0517,-9.1676,1.1345,0.3147,0.1271,-0.8781
1624600410128,2.1283,-9.3949,1.2613,0.4491,0.1821,-0.8366
1624600410137,2.3771,-9.4188,1.5245,0.5090,0.2481,-0.7950
1624600410147,2.6882,-9.2202,1.7758,0.4430,0.2908,-0.7645
1624600410156,2.8963,-9.0503,1.9241,0.3037,0.3153,-0.7584
1624600410167,3.0878,-9.0599,2.0462,0.1083,0.3409,-0.7437
1624600410176,3.1548,-9.4212,2.2209,-0.0566,0.3483,-0.7071
1624600410186,3.0902,-9.8065,2.2974,-0.1605,0.3507,-0.6533
1624600410195,2.9849,-10.0577,2.2161,-0.2020,0.3458,-0.5654
1624600410205,2.9490,-10.1439,2.1204,-0.1727,0.3519,-0.4640
1624600410215,2.9083,-10.0888,1.9696,-0.0945,0.3605,-0.3699
1624600410224,2.9968,-10.0912,1.8643,-0.0481,0.3703,-0.2807
1624600410234,3.0471,-10.2491,1.7423,-0.0261,0.3971,-0.1940
1624600410243,2.8940,-10.2994,2.0653,-0.0725,0.3886,-0.1207
1624600410253,2.8006,-10.2563,2.2113,-0.1336,0.3092,-0.0816
1624600410263,2.6403,-10.0218,2.3668,-0.1581,0.2591,-0.0657
1624600410272,2.3197,-9.4332,2.4123,-0.2118,0.2078,-0.0205
1624600410282,2.3364,-9.8232,2.2041,-0.2631,0.1271,0.0589
1624600410291,2.4991,-10.6296,1.9600,-0.2741,0.0880,0.1347
1624600410301,2.5518,-11.2493,1.8882,-0.1910,0.0612,0.1701
1624600410309,2.7576,-10.5770,1.8763,0.0118,0.0465,0.1469
1624600410321,2.4656,-9.4619,2.0318,0.1449,0.0318,0.1225
1624600410328,2.5709,-9.1413,1.9337,0.0789,0.0099,0.1579
1624600410338,2.7217,-9.5217,1.7040,-0.1153,-0.0060,0.1701
1624600410348,2.7384,-10.0816,1.5724,-0.2228,-0.0109,0.1933
1624600410357,2.8557,-10.1678,1.3642,-0.3095,-0.0011,0.2422
1624600410367,2.7169,-10.0936,1.2446,-0.4097,-0.0036,0.2923
1624600410378,2.5829,-10.3114,1.1656,-0.5026,-0.0219,0.3448
1624600410388,2.7911,-10.6129,1.1106,-0.6113,-0.0439,0.4059
1624600410398,2.8676,-10.7301,1.1345,-0.7457,-0.0989,0.4694
1624600410407,2.8868,-10.7157,1.0914,-0.8691,-0.1905,0.5488
1624600410417,2.8844,-10.6751,0.8689,-0.9717,-0.3041,0.6344
1624600410427,2.9825,-10.5818,0.6368,-1.0462,-0.4129,0.7211
1624600410436,3.0686,-10.5674,0.3210,-1.1000,-0.5094,0.8225
1624600410446,3.0088,-10.6081,0.0338,-1.1281,-0.5924,0.9349
1624600410455,2.8844,-10.6727,-0.1576,-1.1196,-0.6474,1.0400
1624600410465,2.8293,-10.7612,-0.2773,-1.0670,-0.6780,1.1316
1624600410474,2.7289,-10.7229,-0.3466,-1.0352,-0.7109,1.2147
1624600410484,2.3484,-10.6105,-0.3873,-0.9901,-0.7403,1.2745
1624600410494,2.0660,-10.5339,-0.5452,-0.9057,-0.7574,1.3197
1624600410503,1.7598,-10.3831,-0.6601,-0.8434,-0.7708,1.3393
1624600410513,1.4391,-10.2515,-0.6721,-0.7811,-0.7892,1.3430
1624600410522,1.1185,-10.0577,-0.6792,-0.7078,-0.8136,1.3393
1624600410532,0.9606,-9.8974,-0.7223,-0.6125,-0.8295,1.3478
1624600410542,0.9175,-9.8304,-0.6960,-0.5185,-0.8392,1.3601
1624600410551,0.6543,-9.5959,-0.7462,-0.4366,-0.8441,1.3686
1624600410561,0.1877,-9.4188,-0.7199,-0.3499,-0.8502,1.3808
1624600410570,-0.2813,-9.3231,-0.6960,-0.2485,-0.8441,1.3820
1624600410581,-0.8317,-9.2202,-0.7175,-0.1507,-0.8356,1.3735
1624600410588,-1.1475,-9.1652,-0.9185,0.0032,-0.8075,1.3662
1624600410598,-1.0470,-9.1843,-1.1770,0.1926,-0.7439,1.3576
1624600410607,-0.8939,-9.0384,-1.3732,0.3783,-0.6572,1.3381
1624600410616,-0.9489,-8.7058,-1.5024,0.5823,-0.5497,1.3039
1624600410626,-1.1930,-8.2200,-1.6172,0.8181,-0.4348,1.2635
1624600410636,-1.3102,-7.7917,-1.7130,0.9708,-0.3371,1.2623
1624600410647,-1.6380,-7.4759,-1.6986,0.9769,-0.2601,1.2599
1624600410657,-2.3870,-7.1839,-1.5885,0.9842,-0.1770,1.1951
1624600410665,-2.9302,-6.8753,-1.4043,0.9586,-0.1025,1.1450
1624600410676,-3.1814,-6.5786,-1.2368,0.8621,-0.0585,1.0998
1624600410685,-3.4087,-6.5068,-1.1291,0.7790,-0.0207,1.0241
1624600410695,-3.4686,-6.6503,-1.1195,0.6971,0.0099,0.9398
1624600410705,-3.3657,-6.7676,-1.0645,0.6361,0.0282,0.8555
1624600410715,-3.2149,-7.0045,-1.0573,0.6251,0.0392,0.7761
1624600410724,-3.1814,-6.9782,-0.9855,0.6202,0.0526,0.6869
1624600410734,-3.3681,-6.7484,-0.7869,0.6275,0.0709,0.6087
1624600410743,-3.5906,-6.5187,-0.8755,0.6373,0.0978,0.5525
1624600410751,-3.7413,-6.3776,-0.8420,0.6043,0.1332,0.5024
1624600410762,-3.9352,-6.3967,-0.7606,0.4980,0.1430,0.4682
1624600410772,-4.0835,-6.4828,-0.5907,0.3599,0.1540,0.4071
1624600410782,-4.1266,-6.5738,-0.4495,0.2646,0.1662,0.3424
1624600410790,-4.2462,-6.7556,-0.1935,0.2317,0.1821,0.2678
1624600410800,-4.4616,-6.8824,-0.0667,0.2195,0.1772,0.2043
1624600410808,-4.5525,-7.1145,0.0769,0.2475,0.1674,0.1408
1624600410818,-4.6051,-7.4089,0.1271,0.3490,0.1540,0.0479
1624600410828,-4.7392,-7.8156,0.0984,0.5126,0.1516,-0.0290
1624600410838,-4.9689,-8.0693,0.1487,0.6788,0.1564,-0.0999
1624600410847,-5.1029,-8.2870,0.2659,0.7863,0.1430,-0.1463
1624600410857,-5.2393,-8.1650,0.3712,0.8486,0.1357,-0.2135
1624600410866,-5.4331,-8.0501,0.5196,1.0148,0.1552,-0.3039
1624600410878,-5.4020,-8.1746,0.5219,1.1651,0.1601,-0.3198
1624600410888,-5.2321,-8.1171,0.6033,1.1919,0.1613,-0.3235
1624600410897,-5.2488,-7.9736,0.5626,1.1516,0.1564,-0.3418
1624600410906,-5.4450,-7.9329,0.7062,1.0001,0.1528,-0.3369
1624600410916,-5.6341,-8.0071,0.9622,0.7069,0.1369,-0.3235
1624600410926,-5.5910,-8.3995,1.1082,0.3587,0.1015,-0.3455
1624600410935,-5.4570,-8.7752,1.2972,0.0447,0.0612,-0.3699
1624600410945,-5.3110,-8.9522,1.3642,-0.1568,0.0343,-0.4004
1624600410954,-5.1794,-9.2729,1.3475,-0.2558,0.0159,-0.3772
1624600410964,-5.0383,-9.4715,1.2637,-0.3010,0.0037,-0.3406
1624600410974,-4.9162,-9.5600,1.1584,-0.2949,0.0074,-0.3210
1624600410984,-4.7990,-9.6294,1.0149,-0.2057,0.0331,-0.2893
1624600410993,-4.6937,-9.6438,0.9168,-0.1287,0.0612,-0.2477
1624600411003,-4.5764,-9.5983,0.8641,-0.0506,0.0941,-0.2147
1624600411012,-4.5262,-9.5768,0.9144,-0.0163,0.1332,-0.1927
1624600411022,-4.4592,-9.6055,1.0173,0.0069,0.1797,-0.1915
1624600411031,-4.2247,-9.6366,1.0436,0.0105,0.1980,-0.1707
1624600411041,-4.0189,-9.5480,1.0795,-0.0615,0.2053,-0.1390
1624600411051,-3.9687,-9.3710,1.0795,-0.1251,0.2102,-0.1268
1624600411060,-3.8921,-9.4164,1.0771,-0.1397,0.2163,-0.0913
1624600411068,-3.8036,-9.4380,1.0460,-0.1825,0.1980,-0.0620
1624600411079,-3.7485,-9.5146,0.9862,-0.1910,0.1772,-0.0461
1624600411088,-3.6648,-9.8974,0.8857,-0.1507,0.1613,-0.0205
1624600411097,-3.5260,-10.1032,0.8306,-0.1483,0.1430,0.0027
1624600411107,-3.5284,-10.0314,0.8689,-0.1190,0.1308,0.0101
1624600411119,-3.6839,-9.7802,0.8569,-0.0383,0.1222,0.0223
1624600411127,-3.8945,-9.5576,0.8522,0.0301,0.1039,0.0516
1624600411137,-4.0261,-9.4619,0.8234,0.0802,0.0929,0.0736
1624600411147,-3.9567,-9.4356,0.8737,0.0667,0.0709,0.0870
1624600411156,-3.8873,-9.4236,0.9240,0.0386,0.0514,0.0956
1624600411166,-3.8753,-9.6103,1.0340,0.0362,0.0343,0.0992
1624600411176,-3.7892,-9.7730,1.1584,0.0765,0.0159,0.1005
1624600411185,-3.7054,-9.8950,1.1943,0.1779,-0.0036,0.1005
1624600411197,-3.7031,-9.8878,1.1824,0.2866,-0.0195,0.1115
1624600411204,-3.7988,-9.7371,1.1178,0.3990,-0.0280,0.1200
1624600411214,-3.8514,-9.6127,0.9598,0.5310,-0.0451,0.1432
1624600411223,-3.9064,-9.5002,0.9311,0.5591,-0.0561,0.1652
1624600411233,-3.9017,-9.3710,1.0149,0.5249,-0.0695,0.1701
1624600411242,-3.8969,-9.4882,1.0938,0.4882,-0.0976,0.1860
1624600411252,-3.8155,-9.7395,1.1513,0.4809,-0.1282,0.2165
1624600411262,-3.7509,-10.0099,1.2422,0.4846,-0.1661,0.2422
1624600411272,-3.7294,-10.1558,1.2422,0.5676,-0.2064,0.2605
1624600411286,-3.7222,-10.2491,1.2350,0.7142,-0.2455,0.2910
1624600411289,-3.7557,-10.2587,1.2518,0.9012,-0.2772,0.3350
1624600411299,-3.8418,-10.2013,1.3475,1.1235,-0.3078,0.3680
1624600411309,-3.8849,-10.1319,1.4073,1.3740,-0.3457,0.4181
1624600411318,-3.8418,-10.0362,1.5102,1.5792,-0.3957,0.4767
1624600411328,-3.7366,-9.9165,1.6083,1.7234,-0.4348,0.5061
1624600411337,-3.6265,-9.6414,1.6633,1.8504,-0.4568,0.5024
1624600411347,-3.4733,-9.2633,1.7303,2.0068,-0.4752,0.4926
1624600411357,-3.2915,-9.0408,1.9361,2.1705,-0.4788,0.5281
1624600411367,-3.1455,-8.7034,2.1251,2.2732,-0.4666,0.5513
1624600411377,-3.0953,-8.4641,2.2711,2.4076,-0.4605,0.5537
1624600411387,-3.1168,-8.1195,2.3214,2.5468,-0.4776,0.5708
1624600411396,-3.1216,-7.8659,2.4386,2.6702,-0.5008,0.6295
1624600411406,-3.1479,-7.6769,2.6157,2.7814,-0.5265,0.6551
1624600411416,-3.2149,-7.6075,2.8502,2.9525,-0.5436,0.6490
1624600411425,-3.2436,-7.4184,2.9890,3.1369,-0.5729,0.6588
1624600411435,-3.2747,-7.1289,3.2067,3.3165,-0.6022,0.6673
1624600411444,-3.3728,-6.7245,3.4962,3.4631,-0.6315,0.6563
1624600411454,-3.5236,-6.3010,3.8121,3.5560,-0.6706,0.6368
1624600411462,-3.6648,-5.9971,4.1543,3.6085,-0.7195,0.6038
1624600411473,-3.7796,-5.8009,4.6185,3.6281,-0.7794,0.5659
1624600411483,-3.8538,-5.7028,5.0085,3.6244,-0.8527,0.5293
1624600411492,-3.8897,-5.5568,5.3459,3.5706,-0.9406,0.5024
1624600411502,-3.8730,-5.2888,5.6330,3.5083,-1.0237,0.4731
1624600411512,-3.8275,-4.9251,6.0015,3.4387,-1.0995,0.4389
1624600411521,-3.7964,-4.5734,6.2264,3.3397,-1.1764,0.4291
1624600411531,-3.7485,-4.0900,6.4250,3.2224,-1.2461,0.4193
1624600411541,-3.6839,-3.6569,6.7409,3.1455,-1.3072,0.4034
1624600411550,-3.5667,-3.3243,6.9850,3.0905,-1.3646,0.3998
1624600411558,-3.4638,-3.0611,7.3559,3.0331,-1.4061,0.4010
1624600411568,-3.3178,-2.9941,7.7291,3.0001,-1.4513,0.3900
1624600411579,-3.0139,-3.2382,8.1359,2.9708,-1.5026,0.3741
1624600411587,-2.6765,-3.2621,8.3273,2.8926,-1.5454,0.3411
1624600411600,-2.4229,-3.1066,8.4637,2.8229,-1.5649,0.3020
1624600411609,-2.1764,-2.7237,8.4877,2.7667,-1.5698,0.2703
1624600411617,-1.8989,-2.2739,8.5427,2.7118,-1.5442,0.2519
1624600411627,-1.7003,-1.7857,8.6887,2.6580,-1.4941,0.2495
1624600411637,-1.5423,-1.6111,9.0883,2.6739,-1.4452,0.2581
1624600411646,-1.2672,-1.6063,9.3180,2.6947,-1.4000,0.2739
1624600411656,-1.0829,-1.5058,9.5979,2.6385,-1.3634,0.2764
1624600411665,-0.9609,-1.5417,9.7822,2.5737,-1.3328,0.2605
1624600411675,-0.7360,-1.6206,9.8779,2.4943,-1.3047,0.2238
1624600411683,-0.5397,-1.5393,9.9210,2.4186,-1.2766,0.1603
1624600411693,-0.3340,-1.3024,9.8181,2.3306,-1.2204,0.0992
1624600411702,-0.2239,-0.7975,9.6410,2.2035,-1.1434,0.0553
1624600411711,-0.1736,-0.3309,9.5596,2.0423,-1.0616,0.0308
1624600411722,-0.1665,0.1046,9.5429,1.8419,-0.9736,0.0333
1624600411730,-0.1545,0.3295,9.6960,1.6037,-0.8795,0.0467
1624600411740,-0.1497,0.3008,9.9545,1.3654,-0.7928,0.0638
1624600411752,-0.1378,-0.0820,10.0861,1.1614,-0.7281,0.0675
1624600411759,-0.1545,-0.4601,10.0837,1.0111,-0.6621,0.0650
1624600411771,-0.2670,-0.5941,10.0717,0.9500,-0.5876,0.0394
1624600411781,-0.3555,-0.5152,10.0478,1.0038,-0.5167,0.0040
1624600411789,-0.5278,-0.2160,10.1459,1.0502,-0.4434,-0.0168
1624600411800,-0.7288,0.1357,10.2272,1.0808,-0.3835,-0.0437
1624600411808,-0.8125,0.4109,10.1842,1.0270,-0.3591,-0.0449
1624600411817,-0.8915,0.5736,10.0621,0.9061,-0.3567,-0.0400
1624600411827,-0.8508,0.6932,9.8061,0.7423,-0.3591,-0.0474
1624600411838,-0.8389,0.6502,9.7415,0.6019,-0.3567,-0.0632
1624600411846,-0.8149,0.5401,9.6913,0.5053,-0.3518,-0.0657
1624600411858,-0.7910,0.4324,9.6769,0.4455,-0.3457,-0.0706
1624600411867,-0.8125,0.3965,9.6171,0.4320,-0.3432,-0.0645
1624600411876,-0.8221,0.6382,9.7152,0.4100,-0.3493,-0.0583
1624600411886,-0.8580,1.0091,9.8348,0.3551,-0.3676,-0.0498
1624600411896,-0.6594,1.1072,10.0526,0.2830,-0.4055,-0.0388
1624600411905,-0.4249,1.1024,9.9880,0.1901,-0.4434,-0.0070
1624600411920,-0.3100,1.0976,9.7032,0.0985,-0.4715,-0.0009
1624600411923,0.0728,0.9277,9.6865,0.0362,-0.4715,0.0015
1624600411932,0.2762,0.7937,10.2799,-0.0970,-0.3896,0.0443
1624600411942,0.2714,0.8775,11.0695,-0.2778,-0.2846,0.0467
1624600411952,-0.3220,0.1429,10.8757,-0.3499,-0.2467,0.0516
1624600411961,-0.5421,-0.5462,9.6960,-0.1923,-0.3579,-0.0046
1624600411971,-0.1425,-0.6755,9.1600,0.2976,-0.4165,-0.0730
1624600411981,-0.1330,0.8320,8.9854,0.5994,-0.4312,-0.1194
1624600411991,-0.0157,1.5714,9.4328,0.7118,-0.4617,-0.1268
1624600412000,0.0920,1.5259,9.7271,0.5823,-0.4740,-0.0681
1624600412009,0.1326,1.1311,9.7750,0.3257,-0.4874,-0.0449
1624600412019,0.2475,0.6693,9.5812,0.1400,-0.4972,-0.0412
1624600412029,0.2810,0.7985,9.4568,0.0362,-0.4825,-0.0571
1624600412038,0.4365,0.9780,9.7295,0.0069,-0.4507,-0.0693
1624600412048,0.5394,0.8368,10.2679,-0.0322,-0.3359,-0.0425
1624600412059,0.3767,1.1359,10.5216,-0.0970,-0.2381,-0.0645
1624600412069,0.3863,1.1503,10.5287,-0.0884,-0.1795,-0.1329
1624600412077,0.4557,0.7172,10.3086,-0.0469,-0.1331,-0.1255
1624600412089,0.3336,0.7626,10.1961,0.0044,-0.0818,-0.1231
1624600412096,0.1183,1.0880,10.2631,0.0435,-0.0305,-0.1524
1624600412106,0.0824,1.0785,10.2320,0.0252,-0.0231,-0.1451
1624600412117,0.1183,0.8990,10.0885,-0.0237,-0.0353,-0.1341
1624600412127,0.2020,0.9134,9.9856,-0.0542,-0.0378,-0.1475
1624600412136,0.2858,1.1072,10.0023,-0.0615,-0.0390,-0.1573
1624600412146,0.3695,1.1598,9.8659,-0.0884,-0.0427,-0.1451
1624600412155,0.4341,1.0546,9.8252,-0.1055,-0.0415,-0.1329
1624600412163,0.5179,1.0282,9.8898,-0.1055,-0.0402,-0.1317
1624600412174,0.6064,1.0234,9.9640,-0.1080,-0.0451,-0.1402
1624600412184,0.7165,0.9780,9.9521,-0.0970,-0.0537,-0.1390
1624600412194,0.8002,0.8679,9.9473,-0.0738,-0.0573,-0.1317
1624600412204,0.9103,0.7483,10.0550,-0.0273,-0.0500,-0.1341
1624600412213,1.0060,0.7602,10.1794,-0.0078,-0.0341,-0.1280
1624600412223,1.0180,0.7052,10.3469,-0.0005,-0.0146,-0.1121
1624600412231,1.0419,0.8990,10.4091,0.0154,0.0099,-0.1011
1624600412242,1.1328,0.9828,10.5431,0.0557,0.0379,-0.1207
1624600412251,1.1855,1.0378,10.6843,0.0765,0.0819,-0.1341
1624600412260,1.1687,1.3752,10.9355,0.0912,0.1259,-0.1622
1624600412271,1.1592,1.4781,10.9906,0.0875,0.1540,-0.1952
1624600412281,1.2285,1.5834,10.7943,0.0863,0.1980,-0.2416
1624600412290,1.2214,1.8513,10.6412,0.0447,0.2725,-0.2990
1624600412298,1.1903,1.9734,10.5168,-0.0115,0.3568,-0.3479
1624600412308,1.1759,1.9638,10.4498,-0.0884,0.4289,-0.3968
1624600412317,1.2405,1.8513,10.3828,-0.1801,0.5059,-0.4481
1624600412327,1.2740,1.7437,10.2201,-0.2924,0.5865,-0.4823
1624600412337,1.2525,1.6982,10.1579,-0.4134,0.6684,-0.5079
1624600412348,1.1807,1.6121,10.1052,-0.5295,0.7490,-0.5446
1624600412357,1.1352,1.5068,10.0023,-0.6480,0.8211,-0.5837
1624600412365,1.0419,1.3417,9.8372,-0.7616,0.8883,-0.6203
1624600412376,0.9127,1.1479,9.7104,-0.8532,0.9420,-0.6607
1624600412386,0.7619,0.8655,9.5381,-0.9302,0.9823,-0.7022
1624600412396,0.6495,0.6167,9.2175,-0.9986,1.0104,-0.7425
1624600412405,0.5107,0.4444,8.9208,-1.0634,1.0288,-0.7853
1624600412415,0.3624,0.2099,8.5618,-1.0914,1.0361,-0.8280
1624600412425,0.2331,0.0208,8.1431,-1.1257,1.0300,-0.8586
1624600412435,0.1039,-0.0605,7.7698,-1.1904,1.0129,-0.8830
1624600412444,-0.0540,-0.1060,7.5353,-1.2576,0.9787,-0.9062
1624600412454,-0.1784,-0.1562,7.3894,-1.3272,0.9200,-0.9356
1624600412463,-0.2789,-0.2113,7.2960,-1.3969,0.8516,-0.9673
1624600412472,-0.4656,-0.2471,7.2171,-1.4604,0.7734,-0.9979
1624600412483,-0.6809,-0.2854,7.1070,-1.5019,0.6952,-1.0198
1624600412492,-1.0087,-0.3620,7.0735,-1.5007,0.6170,-1.0370
1624600412502,-1.3342,-0.5247,6.9897,-1.4726,0.5193,-1.0577
1624600412512,-1.6165,-0.6037,6.8821,-1.4458,0.4155,-1.0846
1624600412521,-1.8534,-0.6156,6.8294,-1.4299,0.2982,-1.1176
1624600412531,-2.0137,-0.7018,6.6811,-1.4128,0.1662,-1.1738
1624600412538,-2.1477,-1.0128,6.6524,-1.4201,0.0331,-1.2483
1624600412548,-2.2961,-1.6039,6.6524,-1.3981,-0.1111,-1.3302
1624600412558,-2.4253,-2.6400,7.1190,-1.2662,-0.2504,-1.4120
1624600412567,-2.3942,-3.8723,7.5114,-0.9424,-0.3945,-1.5183
1624600412577,-2.1382,-4.6882,7.8344,-0.4513,-0.5216,-1.6380
1624600412587,-1.8319,-4.8581,8.1431,0.1449,-0.6010,-1.7358
1624600412596,-1.6261,-4.3508,8.3010,0.7912,-0.5961,-1.8042
1624600412606,-1.6811,-3.1257,8.4063,1.3618,-0.5607,-1.8482
1624600412616,-1.9754,-1.8575,8.5427,1.7100,-0.5301,-1.8201
1624600412626,-2.3487,-0.9243,8.5762,1.7906,-0.5289,-1.7333
1624600412636,-2.6861,-0.4075,8.7844,1.6232,-0.5766,-1.6368
1624600412646,-2.7794,-0.5391,9.1983,1.3300,-0.6645,-1.5452
1624600412655,-2.5138,-1.0033,9.5333,0.9439,-0.7696,-1.4487
1624600412665,-2.0401,-1.3598,9.7798,0.5395,-0.8221,-1.3546
1624600412674,-1.7027,-1.6589,10.2392,0.2365,-0.8001,-1.2874
