1624600483257,2.1713,3.1196,9.2749,-0.0566,-0.0280,-0.0376
1624600483258,2.1306,3.0741,9.2366,-0.0591,-0.0158,-0.0327
1624600483259,2.1043,3.0286,9.1696,-0.0640,-0.0134,-0.0486
1624600483260,2.0828,3.0167,9.1409,-0.0603,-0.0109,-0.0608
1624600483261,2.0684,3.0621,9.1577,-0.0396,-0.0073,-0.0730
1624600483263,2.0612,3.1172,9.1792,-0.0285,-0.0085,-0.0852
1624600483271,2.0517,3.0980,9.1983,-0.0359,-0.0146,-0.0913
1624600483287,2.0517,3.0765,9.1959,-0.0432,-0.0243,-0.0901
1624600483288,2.0756,3.0765,9.2342,-0.0554,-0.0219,-0.0864
1624600483289,2.1091,2.9903,9.2677,-0.0603,-0.0231,-0.0755
1624600483343,2.1259,3.0214,9.2892,-0.0664,-0.0073,-0.0632
1624600483344,2.1378,3.0717,9.3156,-0.0762,0.0050,-0.0474
1624600483345,2.1187,3.0526,9.2605,-0.0884,0.0147,-0.0278
1624600483346,2.0995,3.0095,9.2366,-0.0847,0.0233,-0.0070
1624600483362,2.0589,2.9209,9.2079,-0.0738,0.0294,0.0015
1624600483363,2.0038,2.9521,9.2007,-0.0591,0.0355,0.0027
1624600483368,2.0230,2.9999,9.1792,-0.0506,0.0294,-0.0107
1624600483369,2.0948,2.9568,9.1265,-0.0359,0.0172,-0.0009
1624600483386,2.1043,2.9951,9.1217,-0.0188,0.0245,0.0076
1624600483387,2.1019,3.0262,9.1409,-0.0005,0.0331,0.0186
1624600483393,2.1019,3.0358,9.1194,0.0130,0.0355,0.0296
1624600483410,2.1330,3.0860,9.1720,0.0215,0.0355,0.0430
1624600483411,2.1115,3.0549,9.1935,0.0130,0.0343,0.0528
1624600483417,2.1474,2.9951,9.2390,0.0044,0.0257,0.0504
1624600483427,2.1833,2.9736,9.2462,-0.0054,0.0159,0.0479
1624600483448,2.2144,2.9401,9.2677,0.0020,0.0135,0.0382
1624600483449,2.2287,2.9377,9.2366,0.0130,0.0159,0.0284
1624600483459,2.2168,2.9329,9.2342,0.0252,0.0208,0.0186
1624600483465,2.1905,2.9664,9.2175,0.0301,0.0221,0.0076
1624600483514,2.2000,3.0143,9.2151,0.0240,0.0208,-0.0022
1624600483515,2.1306,3.0549,9.1768,0.0105,0.0196,-0.0095
1624600483517,2.0948,3.0478,9.1600,-0.0054,0.0099,-0.0156
1624600483518,2.1306,3.0071,9.1768,-0.0151,-0.0011,-0.0205
1624600483519,2.1809,2.9449,9.1696,-0.0200,-0.0097,-0.0254
1624600483526,2.2000,2.9449,9.1481,-0.0175,-0.0121,-0.0315
1624600483533,2.1522,2.9592,9.1337,-0.0029,-0.0085,-0.0376
1624600483541,2.1354,3.0310,9.1433,0.0118,-0.0048,-0.0400
1624600483555,2.1474,3.0980,9.1409,0.0240,-0.0048,-0.0412
1624600483560,2.1330,3.1578,9.1553,0.0227,-0.0060,-0.0449
1624600483570,2.1235,3.1602,9.1553,0.0118,-0.0109,-0.0474
1624600483581,2.1546,3.1866,9.1792,0.0020,-0.0195,-0.0535
1624600483589,2.1641,3.2009,9.1744,-0.0041,-0.0268,-0.0669
1624600483599,2.2551,3.2631,9.1888,-0.0041,-0.0353,-0.0791
1624600483611,2.5566,3.5215,9.2677,-0.0078,-0.0353,-0.0816
1624600483618,2.8389,3.6125,9.2845,-0.0078,-0.0146,-0.0327
1624600483632,2.6834,3.6340,9.4974,0.0069,0.0709,-0.0107
1624600483639,2.4680,3.8087,9.7152,0.0056,0.1296,-0.0437
1624600483648,2.4513,3.8948,9.8492,-0.0005,0.1284,-0.0999
1624600483656,2.5733,4.0408,9.8611,-0.0066,0.1174,-0.1659
1624600483666,2.7384,4.0815,9.7965,-0.0163,0.1259,-0.2270
1624600483679,2.7719,4.0456,9.6793,-0.0115,0.1613,-0.2734
1624600483685,2.6882,4.0480,9.6003,0.0032,0.2151,-0.3247
1624600483694,2.5566,4.1126,9.5549,0.0227,0.2652,-0.3760
1624600483704,2.4704,4.2083,9.5022,0.0362,0.2982,-0.4310
1624600483714,2.4202,4.3375,9.4783,0.0337,0.3165,-0.4908
1624600483724,2.3915,4.4212,9.4615,0.0240,0.3324,-0.5446
1624600483733,2.3747,4.5026,9.4448,0.0069,0.3519,-0.5971
1624600483743,2.3508,4.5935,9.4663,-0.0249,0.3776,-0.6448
1624600483752,2.3173,4.6677,9.4256,-0.0738,0.4020,-0.6888
1624600483763,2.2838,4.7658,9.4376,-0.1287,0.4326,-0.7340
1624600483771,2.2311,4.8831,9.3347,-0.1910,0.4704,-0.7816
1624600483781,2.1283,4.8711,9.2821,-0.2594,0.5217,-0.8268
1624600483791,1.9584,4.8256,9.1577,-0.3328,0.5755,-0.8769
1624600483801,1.8124,4.7538,9.0619,-0.3999,0.6256,-0.9380
1624600483810,1.7191,4.6988,8.9662,-0.4696,0.6781,-1.0040
1624600483819,1.5899,4.6653,8.7461,-0.5392,0.7355,-1.0699
1624600483829,1.4176,4.4930,8.5858,-0.5808,0.8040,-1.1371
1624600483839,1.1951,4.3208,8.4422,-0.6138,0.8871,-1.1909
1624600483848,0.8720,4.2202,8.2843,-0.6541,0.9689,-1.2324
1624600483858,0.4868,4.1006,8.2101,-0.6981,1.0410,-1.2679
1624600483869,0.1231,3.9690,8.1335,-0.7579,1.0899,-1.3008
1624600483879,-0.1976,3.8015,8.0187,-0.8544,1.1143,-1.3289
1624600483889,-0.4943,3.5096,7.8392,-0.9558,1.1106,-1.3461
1624600483898,-0.7647,3.2105,7.6693,-1.0707,1.0911,-1.3522
1624600483908,-1.0063,2.8204,7.6095,-1.1757,1.0593,-1.3399
1624600483917,-1.2289,2.2940,7.5712,-1.2710,1.0141,-1.3131
1624600483927,-1.4323,1.8107,7.6717,-1.3382,0.9677,-1.2715
1624600483936,-1.6404,1.3345,7.7028,-1.3725,0.9176,-1.2166
1624600483946,-1.8773,0.8703,7.5688,-1.3615,0.8687,-1.1555
1624600483956,-2.1525,0.4396,7.5880,-1.2930,0.8272,-1.0870
1624600483965,-2.4301,0.0256,7.8033,-1.2124,0.7722,-0.9893
1624600483975,-2.6718,-0.3572,8.0522,-1.1269,0.6830,-0.8989
1624600483983,-2.8058,-0.6180,8.3273,-1.0438,0.5657,-0.8256
1624600483993,-2.7388,-0.7401,8.5666,-0.9400,0.4387,-0.7621
1624600484002,-2.5880,-0.7353,8.6887,-0.8459,0.3202,-0.6900
1624600484012,-2.4444,-0.6970,8.8226,-0.7701,0.2212,-0.6130
1624600484021,-2.3559,-0.7664,8.9566,-0.7200,0.1503,-0.5238
1624600484033,-2.3727,-0.9841,8.9806,-0.7041,0.0856,-0.4126
1624600484043,-2.4181,-1.2234,9.0835,-0.6895,0.0221,-0.2966
1624600484052,-2.4420,-1.4244,9.1553,-0.6333,-0.0427,-0.1891
1624600484061,-2.4014,-1.4555,9.1696,-0.5331,-0.1013,-0.1011
1624600484070,-2.2841,-1.3933,9.2749,-0.3987,-0.1612,-0.0315
1624600484079,-2.0879,-1.2497,9.4926,-0.2717,-0.2394,0.0345
1624600484089,-1.8534,-1.2617,9.6913,-0.1385,-0.3322,0.0992
1624600484099,-1.5088,-1.3622,9.7463,-0.0041,-0.4214,0.1628
1624600484109,-1.2121,-1.1780,9.8276,0.1107,-0.5081,0.2153
1624600484118,-0.9370,-1.0966,9.9090,0.2756,-0.5827,0.2642
1624600484128,-0.6594,-0.7831,9.7295,0.4247,-0.6340,0.3069
1624600484138,-0.5350,-0.3333,9.6936,0.5566,-0.6633,0.3509
1624600484147,-0.4751,0.0639,9.6386,0.6776,-0.6706,0.3986
1624600484158,-0.4871,0.3869,9.5692,0.7399,-0.6718,0.4450
1624600484168,-0.4799,0.5856,9.6195,0.7827,-0.6902,0.4706
1624600484177,-0.3579,0.7411,9.6553,0.8315,-0.7268,0.4853
1624600484187,-0.1449,0.8344,9.8516,0.9268,-0.7586,0.4865
1624600484197,0.1877,0.8775,10.0238,1.0575,-0.7806,0.4731
1624600484206,0.5298,1.0330,10.3564,1.1528,-0.7977,0.4609
1624600484216,0.8768,1.0067,10.5287,1.2249,-0.8136,0.4499
1624600484223,1.2022,1.2220,10.4306,1.2555,-0.8099,0.4352
1624600484233,1.4128,1.6791,10.4522,1.2433,-0.7769,0.4132
1624600484243,1.5037,2.1265,10.3732,1.1883,-0.7256,0.4059
1624600484252,1.4989,2.5094,10.3182,1.0893,-0.6877,0.4083
1624600484264,1.5755,2.4855,10.4091,1.0026,-0.6572,0.4132
1624600484273,1.7334,2.3060,10.4139,0.9073,-0.6254,0.4389
1624600484283,1.9033,2.2270,10.5072,0.7717,-0.5839,0.4657
1624600484293,1.9392,2.3706,10.3732,0.6189,-0.5228,0.4706
1624600484302,1.9368,2.4496,10.5455,0.4662,-0.4483,0.4755
1624600484311,1.8363,2.3539,10.4019,0.3123,-0.4092,0.4853
1624600484321,1.8770,2.2581,10.2272,0.2439,-0.3909,0.4694
1624600484329,1.9560,2.2892,10.0023,0.2243,-0.3432,0.4450
1624600484341,1.9225,2.4974,9.8013,0.2109,-0.2821,0.4120
1624600484350,1.8507,2.4974,9.7367,0.2133,-0.2308,0.3729
1624600484360,1.9009,2.3873,9.6553,0.1877,-0.2052,0.3424
1624600484369,2.0182,2.4304,9.5525,0.1584,-0.1807,0.2923
1624600484379,1.9560,2.6314,9.5381,0.1278,-0.1429,0.2544
1624600484389,1.7598,2.6194,9.4855,0.0826,-0.1184,0.2300
1624600484398,1.5037,2.4304,9.2964,0.0337,-0.1135,0.2202
1624600484408,1.4056,2.2246,9.0069,-0.0115,-0.1331,0.2006
1624600484418,1.3745,2.2462,8.8011,-0.0738,-0.1563,0.1713
1624600484427,1.3936,2.2318,8.6001,-0.1373,-0.1807,0.1420
1624600484437,1.4176,2.1241,8.5140,-0.1764,-0.2015,0.1334
1624600484447,1.4870,1.9997,8.4565,-0.2106,-0.2284,0.1322
1624600484456,1.5085,1.7772,8.4829,-0.2143,-0.2418,0.1347
1624600484464,1.4966,1.5762,8.5905,-0.1947,-0.2601,0.1457
1624600484473,1.5229,1.4350,8.8490,-0.1519,-0.2797,0.1420
1624600484483,1.5779,1.2149,8.7628,-0.0762,-0.3066,0.1457
1624600484492,1.7693,1.2436,8.8896,0.0386,-0.3237,0.1261
1624600484504,1.8866,1.6719,9.1337,0.0961,-0.3212,0.1151
1624600484514,1.9632,2.0858,9.2940,0.0728,-0.3200,0.1212
1624600484523,2.2503,2.0260,9.5405,0.0081,-0.3139,0.1701
1624600484533,3.1643,2.0500,10.3134,0.0252,-0.2064,0.1823
1624600484543,3.3677,2.8037,11.4883,0.1022,0.0685,0.0968
1624600484552,2.7528,3.2392,12.0554,0.0679,0.3067,0.0223
1624600484562,2.0421,3.0334,11.7874,0.0044,0.3678,0.0259
1624600484571,1.8531,2.4639,11.1604,-0.0212,0.3849,0.0186
1624600484583,2.0230,2.9329,10.4450,-0.1165,0.4008,-0.0987
1624600484589,2.1426,3.7297,10.2655,-0.2924,0.4814,-0.2734
1624600484599,1.9895,4.1939,10.2560,-0.5405,0.6195,-0.3589
1624600484607,1.5588,4.3040,10.5048,-0.7701,0.7856,-0.4334
1624600484619,0.9534,4.5576,10.8063,-1.0084,0.9518,-0.4774
1624600484628,0.3600,4.6773,11.3040,-1.3248,1.0837,-0.4945
1624600484638,-0.0396,4.3471,11.5959,-1.7097,1.1583,-0.5202
1624600484648,-0.4632,3.5598,11.6103,-2.0664,1.2071,-0.5336
1624600484657,-0.9178,2.8803,11.5457,-2.3449,1.2670,-0.5299
1624600484667,-1.3366,2.5261,11.3878,-2.5697,1.3159,-0.5373
1624600484675,-1.7146,2.2318,11.2944,-2.7530,1.3501,-0.5531
1624600484687,-2.1023,1.7556,11.0934,-2.8972,1.3757,-0.5507
1624600484696,-2.3368,1.4398,10.6340,-3.0193,1.3782,-0.5409
1624600484706,-2.7029,2.3539,10.6484,-3.2539,1.4136,-0.5617
1624600484714,-3.1144,1.6216,10.5216,-3.4934,1.3831,-0.5617
1624600484723,-3.0833,-1.5584,10.1722,-3.5288,1.2499,-0.4969
1624600484733,-2.9733,-2.9726,9.7271,-3.4103,1.1754,-0.4908
1624600484742,-2.9302,-2.7620,9.6530,-3.0071,1.2291,-0.5422
1624600484752,-3.1790,-1.8599,9.6577,-2.5697,1.2963,-0.5299
1624600484763,-3.6193,-1.0822,9.3156,-2.3388,1.3208,-0.4737
1624600484773,-4.1218,-0.9913,9.0907,-2.2704,1.3085,-0.4285
1624600484783,-4.4688,-1.2665,8.6958,-2.3400,1.2377,-0.4053
1624600484792,-4.6051,-1.6972,8.4254,-2.4757,1.1204,-0.4004
1624600484802,-4.4353,-2.0824,8.3943,-2.5966,0.9872,-0.4016
1624600484810,-4.1338,-2.4055,8.3632,-2.6577,0.8871,-0.4322
1624600484821,-3.9615,-2.6256,8.2651,-2.6333,0.8614,-0.5031
1624600484830,-3.8371,-3.0396,8.1574,-2.5612,0.8675,-0.5654
1624600484840,-3.3728,-3.8460,8.1311,-2.4378,0.8394,-0.6069
1624600484850,-3.1025,-4.1331,7.9110,-2.4549,0.7930,-0.6252
1624600484858,-3.1336,-4.3173,7.0137,-2.6137,0.6977,-0.5947
1624600484869,-3.1072,-4.9203,6.3126,-2.6895,0.5951,-0.5531
1624600484879,-3.0020,-4.8820,6.2934,-2.6919,0.5767,-0.6240
1624600484888,-2.8967,-4.4896,6.6595,-2.5697,0.6244,-0.7364
1624600484898,-2.6311,-4.2240,7.0615,-2.5038,0.6451,-0.7560
1624600484907,-2.3200,-4.1642,7.0544,-2.5942,0.6305,-0.7388
1624600484917,-2.0592,-4.5112,6.8103,-2.7579,0.6134,-0.7425
1624600484927,-1.9443,-5.2577,6.3293,-2.9008,0.5951,-0.7560
1624600484937,-1.8319,-6.0306,5.8723,-2.9460,0.5951,-0.8012
1624600484946,-1.6117,-6.3177,5.7096,-2.9191,0.6097,-0.8573
1624600484955,-1.5208,-6.9494,5.7718,-2.7872,0.5951,-0.9087
1624600484963,-1.2696,-7.5883,5.8795,-2.5759,0.5804,-0.9698
1624600484973,-1.1140,-7.3060,6.0374,-2.4830,0.5376,-1.0455
1624600484982,-1.2002,-6.9183,5.9441,-2.3449,0.4680,-1.1286
1624600484992,-0.9561,-7.0212,5.5421,-2.1751,0.3874,-1.1555
1624600485002,-0.5278,-7.2222,5.2573,-2.0896,0.3165,-1.1603
1624600485013,-0.2024,-7.4208,5.1234,-1.9894,0.2713,-1.2153
1624600485023,0.0800,-7.0835,5.0635,-1.9173,0.2334,-1.2385
1624600485031,0.1805,-6.7054,4.9008,-1.8562,0.1943,-1.2349
1624600485042,0.4246,-6.9590,4.6783,-1.7377,0.1821,-1.2043
1624600485051,0.7667,-7.3682,4.4845,-1.6632,0.1931,-1.1738
1624600485061,0.9270,-7.6458,4.3026,-1.7439,0.1955,-1.1384
1624600485070,0.9917,-7.4160,4.2069,-1.9613,0.1797,-1.1212
1624600485081,0.9677,-7.1792,4.1973,-2.2008,0.1895,-1.1432
1624600485088,1.0443,-7.5381,4.2045,-2.3242,0.2004,-1.1457
1624600485100,1.2333,-8.0693,4.1471,-2.3474,0.1943,-1.1139
1624600485108,1.3003,-8.4019,3.9939,-2.2802,0.1613,-1.0797
1624600485118,1.2884,-8.5622,3.8025,-2.1067,0.1222,-1.0626
1624600485128,1.2046,-8.4761,3.5226,-1.8477,0.1051,-1.0565
1624600485138,1.2668,-8.3588,3.3000,-1.5606,0.0905,-1.0296
1624600485147,1.3793,-8.1339,3.3096,-1.2906,0.0795,-1.0089
1624600485157,1.3625,-7.7582,3.2163,-1.0902,0.0905,-1.0027
1624600485167,1.6138,-7.7199,3.0560,-0.9803,0.0966,-0.9722
1624600485176,2.0589,-7.9951,3.1062,-0.9277,0.0905,-0.9502
1624600485186,2.2838,-8.3636,3.3192,-0.8715,0.0856,-0.9612
1624600485196,2.2407,-8.6747,3.5656,-0.7738,0.0770,-0.9637
1624600485205,2.2240,-8.9522,3.9126,-0.6675,0.0636,-0.9270
1624600485213,2.2359,-9.0791,4.1040,-0.5514,0.0343,-0.8916
1624600485222,2.2957,-9.1269,4.2356,-0.4329,-0.0353,-0.8855
1624600485232,2.4728,-9.0791,4.0944,-0.3572,-0.1038,-0.8513
1624600485262,2.8963,-8.9164,3.9461,-0.3303,-0.1392,-0.8036
1624600485263,3.2409,-8.9187,4.0035,-0.3157,-0.1514,-0.7523
1624600485267,3.3869,-9.2011,4.0609,-0.3071,-0.1392,-0.6936
1624600485273,3.2672,-9.6701,4.0585,-0.2656,-0.1172,-0.6240
1624600485280,3.1524,-10.1199,4.0514,-0.1605,-0.0842,-0.5226
1624600485290,2.9777,-10.3018,4.1973,0.0142,-0.0524,-0.4139
1624600485300,2.9346,-10.1654,4.3289,0.2903,-0.0329,-0.3577
1624600485310,2.9322,-9.7658,4.4916,0.5493,-0.0243,-0.2905
1624600485320,2.9155,-9.3303,4.6041,0.6837,-0.0500,-0.2123
1624600485328,2.9490,-8.9235,4.6161,0.7020,-0.0952,-0.1463
1624600485339,3.0471,-8.6053,4.7094,0.5884,-0.1416,-0.0596
1624600485350,3.0902,-8.6388,4.9846,0.4760,-0.1514,0.0089
1624600485357,3.1907,-8.9546,5.1377,0.3404,-0.1416,0.1017
1624600485367,3.4946,-9.1126,5.2382,0.1058,-0.1429,0.2116
1624600485377,3.7003,-9.2705,5.2382,-0.1409,-0.1343,0.3216
1624600485386,3.8104,-9.6509,5.1568,-0.2986,-0.1086,0.4364
1624600485395,3.9444,-9.8926,4.8793,-0.4146,-0.0818,0.5635
1624600485406,3.9803,-10.1223,4.7788,-0.4879,-0.0585,0.6832
1624600485418,3.9085,-10.2755,4.8793,-0.5466,-0.0305,0.8249
1624600485424,3.6620,-10.1702,4.8889,-0.6052,-0.0305,0.9398
1624600485436,3.3629,-10.2515,4.8721,-0.6260,-0.0573,1.0558
1624600485444,3.2888,-10.3736,4.8458,-0.6480,-0.0976,1.1829
1624600485454,3.4252,-10.5674,4.5778,-0.6406,-0.1453,1.2953
1624600485463,3.7003,-10.8019,4.4270,-0.6150,-0.1819,1.4114
1624600485475,3.9109,-10.7157,4.3720,-0.6223,-0.2125,1.4981
1624600485482,3.9779,-10.4047,4.3624,-0.6443,-0.2406,1.5800
1624600485492,3.9037,-10.1415,4.3553,-0.6590,-0.2675,1.6814
1624600485504,3.6549,-9.9716,4.1543,-0.6467,-0.2846,1.7913
1624600485511,3.3318,-9.9309,3.8217,-0.6089,-0.2882,1.9050
1624600485521,3.0303,-9.8113,3.3598,-0.5820,-0.2675,1.9966
1624600485533,2.6786,-9.8472,2.9172,-0.5686,-0.2223,2.0540
1624600485542,2.2551,-9.8232,2.5391,-0.5612,-0.1685,2.0858
1624600485555,1.8244,-9.6557,2.5822,-0.5282,-0.1221,2.0845
1624600485559,1.3171,-9.3901,2.7138,-0.4598,-0.0806,2.0454
1624600485570,0.7978,-9.2896,2.9291,-0.3389,-0.0561,2.0063
1624600485580,0.4437,-9.3518,2.8885,-0.2008,-0.0598,1.9831
1624600485588,0.0967,-9.1437,2.6420,-0.1092,-0.0573,1.9611
1624600485597,-0.3292,-8.7321,2.2926,-0.0249,-0.0158,1.9257
1624600485608,-0.7719,-8.3804,1.8117,0.0826,0.0575,1.8646
1624600485620,-1.2791,-7.8731,1.4671,0.0985,0.1540,1.7767
1624600485628,-1.7218,-7.2533,1.1967,0.0606,0.2432,1.6594
1624600485637,-2.1262,-6.8130,0.9527,0.0741,0.3312,1.5396
1624600485647,-2.5425,-6.4972,0.6607,0.1413,0.4032,1.4040
1624600485657,-2.9086,-6.4805,0.5578,0.2915,0.4424,1.2794
1624600485665,-3.2676,-6.3273,0.2013,0.4528,0.4607,1.1719
1624600485676,-3.6121,-6.1718,0.7564,0.5481,0.4790,1.0583
1624600485686,-4.0333,-6.7724,0.5291,0.7240,0.4582,0.8726
1624600485695,-4.3754,-6.5499,0.5985,0.8230,0.3776,0.7089
1624600485705,-4.4903,-5.7794,0.4908,0.7228,0.2065,0.5953
1624600485715,-4.7726,-5.5090,0.5722,0.7668,0.1113,0.3924
1624600485724,-5.2345,-5.6789,0.7277,0.8340,0.0734,0.2092
1624600485732,-5.5647,-5.6190,0.6655,0.7362,-0.0292,0.0247
1624600485742,-5.8183,-5.5233,0.6655,0.6055,-0.1111,-0.1769
1624600485751,-6.0073,-5.3893,0.6607,0.4675,-0.1685,-0.3699
1624600485761,-6.2610,-5.2434,0.6775,0.3123,-0.2259,-0.5287
1624600485771,-6.4404,-5.5616,0.9024,0.2255,-0.2895,-0.6570
1624600485780,-6.3734,-6.2005,1.0077,0.1999,-0.3860,-0.7767
1624600485792,-6.1389,-6.8035,1.3307,0.1999,-0.4996,-0.8659
1624600485801,-5.8662,-7.5716,1.6514,0.2989,-0.5839,-0.9429
1624600485811,-5.6963,-8.3086,1.9218,0.4503,-0.6108,-1.0027
1624600485821,-5.6006,-8.5407,2.0988,0.5798,-0.6157,-1.0382
1624600485830,-5.4881,-8.3540,2.1897,0.7020,-0.6010,-1.0382
1624600485840,-5.4044,-7.9209,2.2903,0.8120,-0.5668,-0.9991
1624600485849,-5.3158,-7.4735,2.5152,0.8657,-0.5045,-0.9246
1624600485859,-5.3756,-7.3826,2.9363,0.8071,-0.4263,-0.8109
1624600485869,-5.4642,-7.4065,3.3144,0.6116,-0.3457,-0.6985
1624600485878,-5.5671,-7.6553,3.6494,0.3428,-0.2687,-0.5837
1624600485888,-5.4929,-8.1698,4.0585,0.1144,-0.1942,-0.4603
1624600485897,-5.2704,-8.8326,4.2595,-0.0835,-0.1184,-0.3039
1624600485907,-5.0263,-9.3494,4.4031,-0.2949,-0.0268,-0.1573
1624600485917,-4.8708,-9.7802,4.4246,-0.4488,0.0783,-0.0669
1624600485926,-4.8827,-9.9692,4.4390,-0.5478,0.1882,-0.0229
1624600485936,-5.0024,-10.0123,4.5251,-0.6028,0.2884,0.0357
1624600485945,-5.1435,-9.9261,4.3577,-0.6321,0.3715,0.0956
1624600485955,-5.3158,-9.7682,4.2189,-0.6516,0.4301,0.1518
1624600485965,-5.4235,-9.6366,3.8336,-0.6516,0.4716,0.2116
1624600485972,-5.5072,-9.5839,3.6087,-0.6272,0.4973,0.2849
1624600485982,-5.4833,-9.5839,3.4364,-0.6541,0.5071,0.3815
1624600485992,-5.5025,-9.6127,3.3551,-0.7176,0.5156,0.4499
1624600486001,-5.5838,-9.6174,3.2234,-0.7506,0.5132,0.4719
1624600486011,-5.6484,-9.5983,3.0272,-0.7592,0.4985,0.4914
1624600486020,-5.6700,-9.6485,2.8621,-0.7494,0.4704,0.5244
1624600486032,-5.6963,-9.5959,2.6492,-0.7359,0.4216,0.5452
1624600486042,-5.7226,-9.4476,2.4075,-0.6919,0.3776,0.5476
1624600486052,-5.8422,-9.3064,2.1897,-0.6003,0.3531,0.5256
1624600486060,-5.9284,-8.8996,2.2041,-0.5014,0.3189,0.5012
1624600486071,-5.9906,-8.3588,2.2209,-0.5331,0.2432,0.5537
1624600486079,-6.1150,-7.8252,2.1132,-0.5759,0.1748,0.5549
1624600486087,-6.2897,-7.6505,1.9888,-0.5209,0.1198,0.4975
1624600486097,-6.3926,-7.8228,1.8260,-0.4635,0.0612,0.4474
1624600486108,-6.2203,-8.0214,1.8213,-0.4562,-0.0256,0.3766
1624600486117,-5.8757,-8.1124,1.6274,-0.4268,-0.1209,0.2923
1624600486126,-5.5599,-8.2631,1.5054,-0.3829,-0.1636,0.2251
1624600486137,-5.3421,-8.2607,1.5676,-0.4280,-0.1880,0.1725
1624600486147,-5.2249,-8.1219,1.5987,-0.4562,-0.2113,0.0943
1624600486157,-5.2321,-8.0980,1.6131,-0.3938,-0.2174,0.0150
1624600486167,-5.3445,-7.9425,1.7279,-0.3499,-0.2271,-0.0437
1624600486176,-5.3541,-7.8085,1.9002,-0.3083,-0.2589,-0.0913
1624600486184,-5.1627,-7.8204,2.0055,-0.2375,-0.3066,-0.1573
1624600486195,-4.8540,-7.8252,1.9576,-0.1397,-0.3383,-0.2330
1624600486205,-4.6004,-7.8372,1.7973,-0.0175,-0.3481,-0.2941
1624600486213,-4.3563,-7.9951,1.4839,0.1266,-0.3371,-0.3455
1624600486222,-4.0620,-8.3971,1.3379,0.2549,-0.3139,-0.3907
1624600486232,-3.7102,-8.5790,1.2398,0.3343,-0.2870,-0.4481
1624600486241,-3.5069,-8.4545,1.3834,0.3783,-0.2333,-0.5055
1624600486251,-3.4087,-8.1961,1.8571,0.3844,-0.1832,-0.5605
1624600486262,-3.2771,-7.9353,2.3405,0.3709,-0.1673,-0.6228
1624600486272,-3.2054,-7.8013,2.7401,0.3624,-0.1624,-0.6888
1624600486281,-3.1479,-7.9736,2.9052,0.3795,-0.1673,-0.7364
1624600486290,-2.9445,-8.2990,2.7257,0.4064,-0.1734,-0.7535
1624600486300,-2.5808,-8.6149,2.5511,0.3709,-0.1929,-0.7523
1624600486310,-2.2339,-8.5646,2.3070,0.3196,-0.1734,-0.8024
1624600486320,-2.0161,-8.4545,2.1204,0.3074,-0.1294,-0.8769
1624600486328,-1.5615,-8.2894,2.1969,0.3135,-0.0915,-0.9038
1624600486337,-1.4825,-7.7558,2.2256,0.3196,0.0099,-0.9465
1624600486349,-1.6835,-7.8372,2.1993,0.4333,0.1332,-1.0150
1624600486358,-1.2743,-8.6244,2.0390,0.4894,0.2029,-1.0150
1624600486368,-0.5948,-8.9570,1.7949,0.2989,0.2481,-1.0211
1624600486377,-0.2789,-8.8015,1.8021,0.0692,0.3189,-1.0712
1624600486387,-0.3555,-8.4904,1.9840,-0.1263,0.3910,-1.1237
1624600486397,-0.4632,-8.3923,2.2831,-0.2558,0.4362,-1.1750
1624600486406,-0.4273,-8.3971,2.5032,-0.3486,0.4729,-1.2190
1624600486414,-0.1378,-8.4689,2.4936,-0.3963,0.4888,-1.2581
1624600486424,0.1949,-8.7321,2.2185,-0.3963,0.5010,-1.2605
1624600486433,0.4557,-8.8948,1.8643,-0.3438,0.5303,-1.2398
1624600486443,0.6854,-9.0049,1.5844,-0.2643,0.5584,-1.2104
1624600486453,0.9630,-9.1628,1.5556,-0.2326,0.5706,-1.1823
1624600486462,1.1568,-9.0982,1.8619,-0.2973,0.5608,-1.1762
1624600486472,1.1807,-9.0575,2.0773,-0.3657,0.5474,-1.1958
1624600486482,1.3075,-9.0695,2.1993,-0.3865,0.5169,-1.1958
1624600486491,1.5109,-9.1389,2.1802,-0.4012,0.4631,-1.1579
1624600486503,1.6258,-9.1939,2.2089,-0.3572,0.4069,-1.1274
1624600486510,1.6736,-9.2896,2.2328,-0.2741,0.3409,-1.0883
1624600486520,1.8507,-9.4188,2.2185,-0.1544,0.2420,-1.0321
1624600486530,1.9177,-9.6390,2.1227,0.0227,0.1577,-0.9942
1624600486539,1.9464,-9.6940,2.0486,0.2207,0.1027,-0.9575
1624600486548,1.9129,-9.5265,2.0222,0.4271,0.0551,-0.9233
1624600486558,1.9081,-9.2011,2.2280,0.5872,0.0221,-0.9014
1624600486568,2.0086,-9.0025,2.5726,0.6348,-0.0317,-0.8879
1624600486578,2.0780,-9.0168,3.0057,0.6104,-0.0976,-0.9038
1624600486587,2.0660,-9.2346,3.2785,0.5664,-0.1600,-0.8952
1624600486599,2.1617,-9.4667,3.4053,0.5542,-0.2223,-0.8647
1624600486606,2.2623,-9.4404,3.3455,0.5957,-0.2626,-0.8403
1624600486616,2.3077,-9.0527,3.1780,0.6422,-0.2748,-0.7999
1624600486625,2.3460,-8.7871,3.1804,0.7228,-0.2687,-0.7474
1624600486637,2.4393,-8.6268,3.1325,0.7851,-0.2381,-0.6949
1624600486646,2.5470,-8.6819,3.1588,0.7350,-0.2174,-0.6093
1624600486655,2.6595,-8.9834,3.4508,0.6910,-0.2039,-0.5348
1624600486665,2.7911,-9.0910,3.5178,0.5884,-0.1832,-0.4566
1624600486675,2.9633,-8.9068,3.6757,0.4076,-0.1710,-0.3674
1624600486685,3.0327,-8.9331,3.9293,0.2732,-0.1392,-0.3076
1624600486695,3.1117,-9.1604,4.3385,0.1400,-0.1062,-0.2294
1624600486702,3.1500,-9.3375,4.6424,-0.0469,-0.0842,-0.1341
1624600486712,3.0016,-9.5313,4.7549,-0.1556,-0.0818,-0.0571
1624600486722,2.8389,-9.8472,4.8386,-0.1654,-0.0891,0.0235
1624600486731,2.9035,-9.8280,4.7166,-0.1226,-0.1233,0.0919
1624600486741,3.0256,-9.7802,4.6926,-0.0029,-0.1355,0.1457
1624600486752,2.9633,-9.3829,4.7405,0.0887,-0.1257,0.2128
1624600486762,2.8987,-8.9834,4.5754,0.1657,-0.1331,0.2678
1624600486772,3.0184,-9.2298,4.3792,0.2036,-0.1502,0.3375
1624600486781,3.2266,-9.3734,4.3241,0.0582,-0.1587,0.4022
1624600486791,3.3007,-9.2346,4.2213,-0.1348,-0.1587,0.4389
1624600486801,3.2744,-9.4667,4.2811,-0.2509,-0.1441,0.5073
1624600486808,3.3917,-9.6174,4.2691,-0.3780,-0.1331,0.5965
1624600486819,3.5927,-9.7467,4.2787,-0.4525,-0.1184,0.6796
1624600486829,3.8798,-9.8304,4.3840,-0.5026,-0.1099,0.7822
1624600486837,4.0593,-9.7443,4.5874,-0.5160,-0.1086,0.9031
1624600486849,3.9300,-9.7299,4.3385,-0.5148,-0.1343,1.0241
1624600486858,3.7075,-9.7419,3.9509,-0.5930,-0.1832,1.1292
1624600486867,3.5352,-9.6509,3.3885,-0.7469,-0.2479,1.2183
1624600486877,3.4204,-10.0123,2.9674,-0.8899,-0.3102,1.3173
1624600486887,3.2648,-10.4047,2.8956,-1.0194,-0.3518,1.3930
1624600486897,3.0782,-10.6727,3.0536,-1.0401,-0.3664,1.4370
1624600486906,3.0447,-10.8545,3.0392,-0.9632,-0.3848,1.4786
1624600486916,3.2409,-10.8904,2.9196,-0.8361,-0.3957,1.5482
1624600486924,3.3486,-10.7660,2.8047,-0.7151,-0.3799,1.6130
1624600486935,3.3295,-10.4334,2.7281,-0.5966,-0.3444,1.6679
1624600486943,3.0950,-9.8232,2.6994,-0.5441,-0.3066,1.7290
1624600486952,2.5781,-9.4045,2.4458,-0.5197,-0.2626,1.8048
1624600486962,1.8961,-9.2011,2.0797,-0.5050,-0.2308,1.8671
1624600486972,1.1879,-9.0145,1.8476,-0.5038,-0.2125,1.8805
1624600486981,0.5562,-9.1317,1.7830,-0.4464,-0.1978,1.8695
1624600486992,0.2116,-9.3375,1.7016,-0.3315,-0.1917,1.8072
1624600487002,0.2475,-9.3758,1.3451,-0.1617,-0.2198,1.7376
1624600487011,0.3384,-9.1915,1.1034,0.0130,-0.2418,1.6863
1624600487019,0.2116,-9.1221,1.0579,0.2292,-0.2271,1.6301
1624600487031,-0.2215,-8.9905,1.1489,0.3819,-0.1856,1.5763
1624600487039,-0.9274,-8.3612,1.1441,0.4858,-0.1135,1.4859
1624600487050,-1.7768,-7.6505,1.1871,0.6043,-0.0146,1.3918
1624600487059,-2.6311,-6.9901,1.0771,0.7607,0.0844,1.2965
1624600487069,-3.2197,-6.5594,0.8282,0.8877,0.1601,1.1890
1624600487078,-3.4925,-6.3297,0.5459,0.9341,0.1858,1.0778
1624600487087,-3.7126,-6.1933,0.3832,0.9244,0.2053,0.9532
1624600487097,-4.0500,-6.0545,0.3664,0.8914,0.2505,0.8164
1624600487106,-4.4544,-5.8152,0.4813,0.8230,0.2835,0.6551
1624600487116,-4.8492,-5.7219,0.6559,0.7253,0.2970,0.4914
1624600487127,-5.2560,-5.8822,1.1082,0.5860,0.2933,0.3485
1624600487134,-5.6053,-5.9110,1.4240,0.4357,0.2652,0.2031
1624600487145,-5.9236,-5.9110,1.4576,0.3856,0.2420,0.0748
1624600487156,-6.2155,-5.9540,1.3905,0.4027,0.2237,-0.0070
1624600487165,-6.5290,-5.7315,1.2446,0.4051,0.1980,-0.0913
1624600487175,-6.8305,-5.5473,1.1465,0.3844,0.1809,-0.1940
1624600487185,-7.0458,-5.5927,1.0867,0.2989,0.1454,-0.2880
1624600487193,-7.1942,-5.9540,1.0029,0.1486,0.0795,-0.3980
1624600487202,-7.1535,-6.4446,1.1465,0.0093,0.0172,-0.5104
1624600487212,-7.0076,-6.7341,1.3116,-0.0970,-0.0427,-0.6130
1624600487222,-6.9429,-7.1385,1.3810,-0.1031,-0.0695,-0.6777
1624600487231,-6.9477,-7.5477,1.5772,-0.0285,-0.0793,-0.7303
1624600487241,-6.8544,-7.8109,1.6825,0.0105,-0.1123,-0.7608
1624600487252,-6.7563,-8.1650,2.1060,0.0728,-0.1416,-0.7804
1624600487262,-6.5553,-8.5694,2.4242,0.1791,-0.1893,-0.8024
1624600487271,-6.3423,-8.6914,2.6252,0.2268,-0.2125,-0.7779
1624600487281,-6.0002,-8.6603,2.6396,0.3050,-0.2467,-0.7498
1624600487290,-5.6365,-8.5239,2.6707,0.3404,-0.2626,-0.6961
1624600487300,-5.3326,-8.3516,2.6683,0.2976,-0.2455,-0.6338
1624600487310,-5.1077,-8.4832,2.7305,0.2011,-0.2076,-0.5703
1624600487319,-4.8708,-8.7345,2.9698,0.0496,-0.1563,-0.5116
1624600487329,-4.7152,-8.8589,3.0679,-0.1519,-0.1062,-0.4407
1624600487339,-4.5381,-9.0360,3.1612,-0.3095,-0.0537,-0.3625
1624600487348,-4.3802,-9.2537,3.1780,-0.3999,-0.0024,-0.3015
1624600487358,-4.1888,-9.3447,3.1014,-0.4977,0.0367,-0.2392
1624600487368,-4.0524,-9.3351,3.0679,-0.5893,0.0697,-0.1732
1624600487377,-3.9878,-9.4643,3.0248,-0.6858,0.0917,-0.0950
1624600487387,-3.9591,-9.6629,2.8621,-0.8092,0.1051,-0.0266
1624600487397,-4.0117,-9.8472,2.6516,-0.8911,0.1003,0.0296
1624600487406,-4.0022,-10.0218,2.4673,-0.9400,0.0929,0.1005
1624600487416,-4.0644,-10.1630,2.2783,-0.9436,0.0917,0.1640
1624600487425,-4.1385,-10.2372,2.0581,-0.9216,0.0893,0.2214
1624600487435,-4.2127,-10.1439,1.9170,-0.8996,0.0868,0.2801
1624600487443,-4.3013,-9.9142,1.7806,-0.8862,0.0893,0.3411
1624600487452,-4.4496,-9.7323,1.5317,-0.8300,0.1076,0.3802
1624600487462,-4.6147,-9.6007,1.4695,-0.7640,0.1161,0.4120
1624600487472,-4.7463,-9.4140,1.4791,-0.7139,0.1161,0.4377
1624600487485,-4.8588,-9.3423,1.7279,-0.6919,0.1015,0.4413
1624600487492,-4.9043,-9.6868,1.4934,-0.6321,0.0722,0.4340
1624600487502,-5.0670,-10.3185,1.3762,-0.4378,0.0587,0.3802
1624600487512,-5.2010,-9.9764,1.0101,-0.2729,0.0465,0.3741
1624600487521,-5.2273,-9.1700,0.8904,-0.1764,0.0453,0.3729
1624600487531,-5.2656,-8.7177,0.6009,-0.1153,0.0490,0.3900
1624600487541,-5.4785,-8.6172,0.1319,-0.0945,0.0868,0.3924
1624600487550,-5.7513,-8.6986,0.1176,-0.0725,0.1076,0.3790
1624600487559,-5.8087,-8.6316,0.6129,-0.0884,0.1003,0.3607
1624600487569,-5.7657,-8.5000,1.3283,-0.1568,0.0905,0.3570
1624600487579,-5.8159,-8.6244,1.7495,-0.2045,0.0966,0.3717
1624600487587,-5.8518,-9.1245,1.9026,-0.2033,0.1051,0.3827
1624600487597,-5.6293,-9.4715,1.8548,-0.2020,0.0917,0.3937
1624600487607,-5.3086,-9.5672,1.6346,-0.1886,0.0648,0.3888
1624600487617,-5.1507,-9.5672,1.3594,-0.0762,0.0636,0.3595
1624600487625,-5.1172,-9.2322,1.0914,0.0667,0.0905,0.2984
1624600487636,-5.1148,-8.6747,0.9335,0.2109,0.1076,0.2324
1624600487645,-5.0335,-8.4952,0.9168,0.3111,0.1003,0.2092
1624600487655,-4.8301,-8.5239,0.9790,0.2915,0.0758,0.1933
1624600487664,-4.6650,-8.5909,1.0268,0.2537,0.0575,0.0980
1624600487675,-4.5094,-8.8398,1.2637,0.3807,0.0282,-0.0107
1624600487684,-4.3132,-8.9140,1.1417,0.4662,-0.0305,-0.0388
1624600487693,-3.8562,-9.0910,1.0316,0.5298,-0.1074,-0.0730
1624600487702,-3.6145,-8.6842,1.1728,0.5676,-0.1538,-0.1536
1624600487712,-3.9758,-7.8420,1.2781,0.6397,-0.1490,-0.2453
1624600487721,-4.0811,-7.4232,1.3738,0.6984,-0.1710,-0.2709
1624600487731,-3.7102,-7.3778,1.4432,0.6470,-0.2174,-0.3137
1624600487742,-3.4255,-7.5500,1.4910,0.6031,-0.2198,-0.4163
1624600487752,-3.2843,-8.0980,1.4073,0.6568,-0.2003,-0.4811
1624600487761,-3.0020,-8.5598,1.1943,0.7106,-0.1697,-0.5092
1624600487771,-2.6574,-8.6005,1.2685,0.6715,-0.1490,-0.5678
1624600487781,-2.5306,-8.1889,1.5796,0.5921,-0.1453,-0.6875
1624600487790,-2.4612,-7.6529,1.7638,0.5432,-0.1465,-0.8121
1624600487799,-2.3559,-7.3466,1.9241,0.5102,-0.1624,-0.8904
1624600487810,-2.2817,-7.1600,2.0199,0.5420,-0.1673,-0.9600
1624600487819,-2.0807,-7.1098,2.0438,0.6080,-0.1661,-1.0076
1624600487828,-1.8223,-7.1887,1.9816,0.7338,-0.1404,-1.0516
1624600487838,-1.4777,-7.4448,1.9074,0.8462,-0.0964,-1.0614
1624600487848,-0.9465,-7.4998,2.0342,0.7998,-0.0512,-1.0663
1624600487857,-0.6881,-7.2725,2.3190,0.6642,0.0001,-1.1591
1624600487865,-0.5302,-7.3466,2.5822,0.4956,0.0404,-1.2727
1624600487875,-0.2263,-7.5572,2.7999,0.3098,0.0526,-1.3522
1624600487884,-0.1090,-7.6027,2.8167,0.1804,0.0697,-1.4304
1624600487894,0.0274,-7.7678,2.7329,0.1144,0.1125,-1.4548
1624600487903,0.5179,-7.9544,2.4530,0.0521,0.1650,-1.4523
1624600487913,0.9151,-8.0645,2.3477,0.0020,0.2053,-1.4633
1624600487923,1.0539,-8.5766,2.6300,-0.0396,0.2444,-1.4279
1624600487932,1.1376,-8.6890,2.9124,-0.1300,0.2798,-1.4035
1624600487942,1.3960,-8.6819,3.2689,-0.2118,0.3251,-1.4096
1624600487952,1.6808,-8.8828,3.3000,-0.2338,0.3800,-1.3974
1624600487961,1.7789,-9.2394,3.3359,-0.1715,0.4118,-1.3558
1624600487971,1.8746,-9.5935,3.2569,-0.0469,0.4179,-1.2764
1624600487980,2.0086,-9.7347,3.2857,0.0948,0.4289,-1.2141
1624600487990,2.0469,-9.6414,3.3909,0.2170,0.4362,-1.1823
1624600488000,2.0086,-9.5337,3.5560,0.3490,0.4314,-1.1640
1624600488009,1.9919,-9.4356,3.6039,0.4797,0.4228,-1.1432
1624600488019,2.0900,-9.3136,3.6183,0.5493,0.3996,-1.1200
1624600488028,2.2072,-8.9164,3.4771,0.5420,0.3507,-1.1200
1624600488038,2.4680,-8.7536,3.2665,0.4687,0.2970,-1.1066
1624600488048,2.7815,-8.6268,3.3144,0.2732,0.2322,-1.0773
1624600488057,2.7241,-8.5383,3.6446,0.0631,0.1723,-1.0736
1624600488071,2.5087,-8.7058,3.9556,-0.0970,0.0966,-1.0272
1624600488077,2.5350,-8.9355,3.9556,-0.1727,-0.0121,-0.9465
1624600488093,2.7001,-9.2083,3.8001,-0.1434,-0.1062,-0.8549
1624600488095,2.8581,-9.4140,3.7092,-0.0860,-0.1966,-0.7584
1624600488105,2.9179,-9.4571,3.6326,-0.0285,-0.2626,-0.6827
1624600488115,2.9059,-9.4069,3.5226,0.0301,-0.3212,-0.6240
1624600488125,3.0591,-9.4667,3.4962,0.1095,-0.3640,-0.5446
1624600488134,3.2768,-9.6055,3.5489,0.1987,-0.3701,-0.4530
1624600488144,3.4682,-9.6438,3.5728,0.3196,-0.3640,-0.3601
1624600488153,3.5687,-9.5026,3.7499,0.4430,-0.3603,-0.2502
1624600488163,3.4060,-9.3064,3.9604,0.5505,-0.3286,-0.1317
1624600488173,3.0974,-9.1461,4.1016,0.5933,-0.2956,-0.0070
1624600488182,2.8629,-8.9044,4.3002,0.5224,-0.2882,0.0956
1624600488192,2.8485,-8.7512,4.3624,0.3758,-0.3200,0.1591
1624600488202,3.0974,-8.8517,4.3026,0.1987,-0.3701,0.2092
1624600488211,3.1811,-9.1604,4.4031,0.0264,-0.3689,0.2519
1624600488221,3.2289,-9.3064,4.4701,-0.0970,-0.3188,0.2837
1624600488230,3.3677,-9.5433,4.4964,-0.1470,-0.2687,0.3558
1624600488242,3.5352,-9.7658,4.5539,-0.2204,-0.2271,0.4694
1624600488251,3.6381,-9.6653,4.5658,-0.3841,-0.1966,0.5623
1624600488261,3.6022,-9.3734,4.5443,-0.5844,-0.1758,0.6490
1624600488271,3.6022,-9.3064,4.3600,-0.7298,-0.1587,0.7724
1624600488280,3.6740,-9.5409,4.1399,-0.8373,-0.1746,0.9227
1624600488290,3.6022,-9.8304,4.0346,-0.9473,-0.1978,1.0571
1624600488300,3.3653,-10.0577,4.0370,-1.0499,-0.2088,1.1597
1624600488309,3.2194,-10.2659,3.8887,-1.1208,-0.2455,1.2452
1624600488319,3.0160,-10.3592,3.6661,-1.1696,-0.2821,1.3222
1624600488328,2.8676,-10.3879,3.3981,-1.1281,-0.2968,1.3833
1624600488338,2.7289,-10.3592,3.1732,-1.0340,-0.3004,1.4395
1624600488348,2.4154,-10.3736,3.0703,-0.8838,-0.2980,1.4725
1624600488357,2.2120,-10.3520,2.9052,-0.7298,-0.2944,1.4920
1624600488367,2.0636,-10.0912,2.5415,-0.6284,-0.2870,1.5152
1624600488376,1.8435,-9.9788,2.3644,-0.5417,-0.2491,1.5238
1624600488386,1.7287,-9.8495,2.2304,-0.5258,-0.2247,1.5152
1624600488395,1.6377,-9.6055,1.9840,-0.5991,-0.2088,1.5152
1624600488405,1.3458,-9.7203,2.0558,-0.7029,-0.1991,1.5409
1624600488415,0.8648,-9.8711,2.0581,-0.8398,-0.2125,1.5665
1624600488424,0.3624,-9.9357,1.9983,-0.8825,-0.2186,1.5641
1624600488432,0.0369,-9.9285,1.6394,-0.8312,-0.2161,1.6081
1624600488442,-0.0612,-9.7993,1.0173,-0.7604,-0.2113,1.6765
1624600488452,-0.0540,-9.7155,0.5483,-0.7200,-0.2015,1.7217
1624600488461,-0.0492,-9.4691,0.2540,-0.7335,-0.1868,1.7327
1624600488471,-0.1258,-9.1748,-0.0810,-0.6981,-0.1465,1.7339
1624600488480,-0.1641,-9.1341,-0.2318,-0.5918,-0.1050,1.7547
1624600488490,-0.2741,-9.0982,-0.3347,-0.4684,-0.0585,1.7669
1624600488499,-0.7407,-9.2442,-0.1552,-0.3303,0.0147,1.7669
1624600488509,-1.4418,-8.9522,0.0362,-0.2350,0.0880,1.7364
1624600488519,-2.3128,-8.3828,-0.0643,-0.0835,0.1418,1.6863
1624600488529,-3.1072,-8.0166,0.0362,0.1413,0.1626,1.6459
1624600488540,-3.6337,-7.4543,0.0506,0.3551,0.1308,1.5519
1624600488549,-3.9376,-7.0595,0.0147,0.6165,0.0880,1.4138
1624600488559,-3.9280,-6.9399,-0.0045,0.8877,0.0331,1.2721
1624600488568,-3.7820,-6.8968,0.1319,1.0808,-0.0268,1.1304
1624600488578,-3.7605,-7.0117,0.4980,1.2433,-0.0463,0.9532
1624600488586,-3.9232,-7.1241,1.0651,1.4229,-0.0280,0.7443
1624600488597,-4.3874,-6.9207,1.5652,1.5621,0.0282,0.5611
1624600488607,-4.9665,-6.2484,1.7590,1.6758,0.1027,0.3924
1624600488617,-5.5384,-5.8320,1.7997,1.7967,0.1662,0.2324
1624600488625,-5.9667,-5.3199,1.5748,1.8394,0.2078,0.0675
1624600488635,-6.1844,-4.6260,1.3116,1.7381,0.2151,-0.0999
1624600488645,-6.1796,-4.1570,1.1895,1.5658,0.2175,-0.2257
1624600488655,-5.9499,-4.5088,1.1943,1.3471,0.2078,-0.3601
1624600488664,-5.5719,-5.9540,1.3834,1.1162,0.1736,-0.5324
1624600488674,-5.2823,-6.7245,1.8332,0.7289,0.1772,-0.6485
1624600488682,-5.0526,-6.8298,2.1515,0.3648,0.1943,-0.7108
1624600488692,-5.1196,-6.9782,2.1443,0.1926,0.2615,-0.7498
1624600488701,-5.3685,-7.0858,2.1132,0.0973,0.3373,-0.6863
1624600488711,-5.4905,-6.8824,1.9218,-0.0273,0.3690,-0.6008
1624600488720,-5.6245,-6.8896,1.7878,-0.1825,0.3886,-0.4957
1624600488732,-5.9738,-6.9351,1.7806,-0.4488,0.4069,-0.4078
1624600488742,-6.4070,-7.0763,1.9672,-0.7665,0.4142,-0.3455
1624600488751,-6.7611,-7.5237,2.1108,-0.9925,0.3800,-0.2856
1624600488761,-6.8424,-8.0143,1.9935,-1.1342,0.2933,-0.2208
1624600488770,-6.7252,-8.6316,1.8165,-1.1770,0.2004,-0.1732
1624600488780,-6.5673,-9.2561,1.8548,-1.0682,0.1259,-0.1781
1624600488788,-6.3806,-9.4906,1.9361,-0.8166,0.0783,-0.2428
1624600488799,-6.1772,-9.6581,2.1419,-0.4806,0.0453,-0.2893
1624600488809,-6.1078,-9.5241,2.2089,-0.1507,0.0318,-0.3222
1624600488818,-6.1222,-9.3399,2.0701,0.1718,0.0477,-0.3772
1624600488828,-5.9786,-9.2131,2.1586,0.4516,0.0758,-0.3968
1624600488837,-5.7585,-8.7393,2.1802,0.6043,0.0819,-0.3821
1624600488847,-5.5838,-8.1530,2.2855,0.6556,0.1186,-0.3736
1624600488857,-5.5575,-7.7606,2.5965,0.6006,0.1638,-0.3430
1624600488866,-5.5982,-7.5165,2.9722,0.4198,0.1699,-0.3027
1624600488876,-5.6269,-7.6099,3.1732,0.2036,0.1626,-0.2734
1624600488886,-5.5336,-8.1841,3.1852,-0.0249,0.1271,-0.2343
1624600488895,-5.2464,-8.8661,2.8980,-0.2362,0.0795,-0.1940
1624600488905,-4.8564,-9.4404,2.4841,-0.4109,0.0355,-0.1695
1624600488915,-4.6339,-9.8137,2.0677,-0.5319,0.0404,-0.1341
1624600488922,-4.6099,-9.9692,1.7471,-0.5893,0.0807,-0.0791
1624600488932,-4.8468,-9.9931,1.5150,-0.6040,0.1430,0.0015
1624600488942,-5.1675,-9.9094,1.5628,-0.6003,0.1955,0.0760
1624600488951,-5.4307,-9.8280,1.6992,-0.5942,0.2261,0.1554
1624600488962,-5.6101,-9.8902,1.7471,-0.5954,0.2383,0.2446
1624600488972,-5.7609,-9.9859,1.8236,-0.5942,0.2359,0.3143
1624600488982,-5.8686,-10.1917,1.7949,-0.5600,0.2273,0.3741
1624600488991,-5.9571,-10.3042,1.6968,-0.4378,0.2298,0.3790
1624600489001,-6.0193,-10.0601,1.6657,-0.2534,0.2163,0.3631
1624600489010,-6.0265,-9.8400,1.6059,-0.0591,0.1772,0.3961
1624600489020,-6.0983,-9.3471,1.5389,0.1107,0.1577,0.3998
1624600489030,-6.1820,-8.7752,1.6179,0.2390,0.1332,0.3912
1624600489039,-6.2323,-8.3612,1.6322,0.2634,0.0770,0.4010
1624600489049,-6.2610,-8.1243,1.3977,0.2195,0.0037,0.4096
1624600489059,-6.2323,-8.0765,1.3666,0.1669,-0.0524,0.3949
1624600489067,-6.1916,-8.2176,1.3068,0.1364,-0.0940,0.3766
1624600489078,-6.1389,-8.6340,1.1800,0.1938,-0.1392,0.3631
1624600489090,-5.9092,-8.9857,1.1345,0.2781,-0.1844,0.3424
1624600489095,-5.6269,-8.8230,1.2494,0.3551,-0.2125,0.2898
1624600489105,-5.5288,-8.3660,1.4791,0.5554,-0.2088,0.1823
1624600489115,-5.5431,-7.8779,1.6227,0.7375,-0.2113,0.1322
1624600489125,-5.4450,-7.4496,1.6873,0.7497,-0.2308,0.1139
1624600489133,-5.1244,-7.4591,1.5963,0.6580,-0.2736,0.0626
1624600489145,-4.7870,-7.7128,1.3834,0.5175,-0.3139,-0.0022
1624600489154,-4.5597,-7.6840,1.3116,0.3086,-0.3396,-0.0693
1624600489164,-4.4568,-7.5213,1.2972,0.1095,-0.3396,-0.1145
1624600489172,-4.4137,-7.3849,1.4528,-0.0444,-0.3151,-0.1414
1624600489182,-4.4042,-7.2653,1.6801,-0.1556,-0.2992,-0.1988
1624600489191,-4.5047,-7.3969,1.8882,-0.1691,-0.2858,-0.2709
1624600489201,-4.5334,-7.7391,1.8882,-0.1703,-0.2675,-0.3222
1624600489213,-4.1960,-8.3708,1.8236,-0.2008,-0.2577,-0.3748
1624600489222,-3.6097,-8.5790,1.6753,-0.3022,-0.2601,-0.4823
1624600489232,-3.3226,-8.3277,1.6657,-0.4305,-0.2540,-0.6203
1624600489241,-3.1168,-7.9808,1.5341,-0.4708,-0.2491,-0.7327
1624600489251,-2.9134,-7.4615,1.1632,-0.4806,-0.2565,-0.7914
1624600489260,-2.7842,-7.0715,0.7923,-0.4158,-0.2357,-0.8427
1624600489270,-2.4444,-7.4113,0.7732,-0.2741,-0.1587,-0.8464
1624600489280,-1.9731,-7.9664,1.1608,-0.2436,-0.0647,-0.8207
1624600489289,-1.8510,-8.1100,1.8380,-0.2961,0.0392,-0.8451
1624600489299,-1.9084,-8.0190,2.2543,-0.2998,0.1186,-0.8916
1624600489308,-1.6380,-8.1147,2.1515,-0.3010,0.1516,-0.9099
1624600489318,-1.4706,-8.2009,1.9002,-0.3413,0.1552,-0.9441
1624600489327,-1.3246,-8.2248,1.7567,-0.2594,0.1601,-1.0223
1624600489337,-1.2145,-8.1147,1.6992,-0.0860,0.1858,-1.0895
1624600489347,-1.0590,-8.0932,1.5174,0.1009,0.2224,-1.1408
1624600489356,-0.6570,-8.3588,1.7064,0.2170,0.2676,-1.1823
1624600489366,-0.4369,-8.3828,1.8284,0.2341,0.2933,-1.2727
1624600489376,0.0082,-8.6866,1.8619,0.1962,0.3080,-1.3314
1624600489385,0.3384,-8.7465,1.8954,0.0374,0.2884,-1.3607
1624600489395,0.3384,-8.6149,2.0677,-0.2179,0.2395,-1.4377
1624600489403,0.3360,-8.9546,2.0414,-0.4134,0.1809,-1.4865
1624600489412,0.5538,-9.2848,2.0175,-0.4781,0.1406,-1.5232
1624600489422,0.6638,-9.0647,1.7878,-0.4439,0.1100,-1.5586
1624600489431,0.8409,-9.2777,2.0605,-0.3205,0.0807,-1.5476
1624600489444,1.1304,-8.5981,1.7997,-0.2668,0.0465,-1.4768
1624600489452,1.4152,-8.2272,1.5652,-0.2643,0.0123,-1.3546
1624600489462,1.6664,-8.8852,1.3188,-0.1544,0.0502,-1.2544
1624600489472,1.9464,-9.6438,1.3259,0.0337,0.1174,-1.1823
1624600489481,2.0684,-9.9812,1.6442,0.3160,0.1797,-1.0980
1624600489491,1.7717,-9.7491,1.9983,0.5909,0.2285,-1.0162
1624600489500,1.7621,-9.5361,2.3166,0.7228,0.2261,-0.9331
1624600489510,1.8052,-9.5744,2.6492,0.6568,0.2383,-0.8952
1624600489520,1.8938,-9.4930,2.8741,0.5053,0.2518,-0.8891
1624600489529,1.9632,-9.4523,2.8597,0.3575,0.2127,-0.8696
1624600489539,1.8938,-9.6270,2.9363,0.2268,0.1454,-0.8170
1624600489548,1.9201,-9.7825,2.8765,0.1034,0.0954,-0.7535
1624600489558,1.8603,-9.7802,2.6611,0.0362,0.0636,-0.7059
1624600489567,1.7430,-9.7036,2.2974,0.1474,0.0269,-0.6631
1624600489575,1.8603,-9.5289,2.0055,0.3563,0.0062,-0.5800
1624600489585,1.7598,-9.3518,2.1251,0.5224,-0.0121,-0.5202
1624600489595,1.7382,-9.2442,2.5247,0.6104,-0.0256,-0.4896
1624600489606,1.7502,-9.1700,2.8215,0.5664,-0.0610,-0.4689
1624600489616,1.8435,-9.3040,3.0105,0.4931,-0.1172,-0.4676
1624600489625,1.9129,-9.4667,2.9890,0.4051,-0.1856,-0.4615
1624600489635,1.9823,-9.5193,2.8430,0.3465,-0.2626,-0.4652
1624600489643,2.0325,-9.4978,2.6300,0.3758,-0.2944,-0.4615
1624600489652,2.1330,-9.3614,2.5008,0.4320,-0.3090,-0.4407
1624600489662,2.2000,-9.4500,2.5056,0.5212,-0.2956,-0.4041
1624600489672,2.2766,-9.5337,2.4817,0.6324,-0.2553,-0.3638
1624600489684,2.4824,-9.6797,2.7808,0.7533,-0.2015,-0.3186
1624600489693,2.6953,-9.2968,3.2043,0.7326,-0.1673,-0.2783
1624600489703,2.6284,-8.5646,3.6781,0.5347,-0.1465,-0.2196
1624600489712,2.4369,-8.0741,3.7953,0.2854,-0.1429,-0.1317
1624600489722,2.6379,-8.6268,3.9963,0.0460,-0.1795,-0.0095
1624600489731,2.9897,-9.3375,3.3838,-0.0591,-0.1282,0.0210
1624600489741,2.9155,-9.5193,3.5178,-0.0554,0.0257,0.0308
1624600489751,2.9155,-10.6248,4.1208,-0.1226,0.0990,0.2324
1624600489760,2.8341,-10.6607,4.5323,-0.3999,0.1235,0.2874
1624600489769,2.6642,-10.6081,4.7309,-0.4867,0.1503,0.2788
1624600489780,2.9801,-10.7756,4.6950,-0.4769,0.1039,0.4279
1624600489789,3.2983,-10.5004,4.7644,-0.5075,0.0636,0.5562
1624600489799,3.3965,-10.1558,4.8434,-0.5405,0.0343,0.6857
1624600489808,3.4012,-10.0051,4.8003,-0.5905,-0.0402,0.8372
1624600489818,3.4587,-10.2491,4.5323,-0.6736,-0.1343,1.0278
1624600489827,3.6525,-10.3927,4.0992,-0.8398,-0.2198,1.1951
1624600489837,3.6597,-10.5100,3.4962,-0.9790,-0.2809,1.2855
1624600489847,3.6501,-10.8067,3.0727,-1.1257,-0.3114,1.3833
1624600489856,3.5257,-11.1273,2.9220,-1.2161,-0.3237,1.4517
1624600489866,3.4012,-11.1225,3.0320,-1.2246,-0.3224,1.4932
1624600489876,3.2648,-10.9837,3.1684,-1.2051,-0.3200,1.5421
1624600489885,3.0758,-10.7564,3.1899,-1.1733,-0.3322,1.5714
1624600489893,3.0256,-10.5004,3.0009,-1.1806,-0.3689,1.6056
1624600489902,2.9873,-10.4932,2.7449,-1.2185,-0.4177,1.6899
1624600489912,2.7097,-10.0553,2.2400,-1.2222,-0.4520,1.7681
1624600489922,2.3053,-9.8424,1.5891,-1.0939,-0.4495,1.8536
1624600489934,2.0517,-9.7395,0.9622,-0.9644,-0.4226,1.9831
1624600489942,1.4343,-9.6821,0.8617,-0.9070,-0.3884,2.0564
1624600489951,0.8840,-9.5385,0.8522,-0.8850,-0.3420,2.0772
1624600489962,0.5992,-9.4787,0.8737,-0.8508,-0.3127,2.0625
1624600489971,0.5538,-9.5241,0.7995,-0.7225,-0.2797,2.0222
1624600489981,0.7189,-9.5672,0.5100,-0.5588,-0.2198,1.9648
1624600489990,1.1161,-9.3638,0.3521,-0.3938,-0.1526,1.8940
1624600490000,1.1687,-8.7082,0.2516,-0.2900,-0.0695,1.8121
1624600490010,0.8648,-7.7750,0.0195,-0.2314,0.0379,1.7424
1624600490019,0.0106,-6.6288,-0.5859,-0.2399,0.1345,1.6936
1624600490029,-1.5304,-5.7506,-0.8683,-0.3108,0.2603,1.6765
1624600490039,-3.1431,-5.2027,-1.1434,-0.3548,0.4191,1.6130
1624600490048,-4.4066,-5.2075,-1.3014,-0.3254,0.5230,1.5238
1624600490058,-5.2488,-5.7124,-1.2511,-0.1739,0.5450,1.4150
1624600490068,-5.4402,-6.0402,-1.3779,0.0765,0.5010,1.2159
1624600490077,-5.2823,-6.4063,-1.6292,0.4125,0.4106,0.9655
1624600490085,-5.1603,-6.7413,-1.6196,0.7924,0.3495,0.7235
1624600490095,-5.2775,-6.8872,-1.1339,1.1394,0.3263,0.4609
1624600490106,-5.5862,-6.8657,-0.5859,1.4790,0.3141,0.2202
1624600490115,-5.9667,-6.5499,-0.2366,1.7368,0.2921,0.0272
1624600490125,-6.3256,-5.9803,0.2133,1.8932,0.2957,-0.1610
1624600490134,-6.6462,-5.1692,0.5291,1.8822,0.2945,-0.3418
1624600490143,-7.0076,-4.3317,0.5172,1.7625,0.2737,-0.5141
1624600490152,-7.3880,-3.8603,0.4214,1.5328,0.2786,-0.6069
1624600490162,-7.6727,-3.9058,0.3425,1.2200,0.2652,-0.6717
1624600490172,-7.7613,-4.5040,0.4837,0.8584,0.2334,-0.7327
1624600490181,-7.6488,-5.1931,0.8115,0.4650,0.1931,-0.7889
1624600490191,-7.4000,-6.3154,1.0244,0.1681,0.1406,-0.8390
1624600490202,-7.0961,-7.5142,1.1824,-0.0175,0.0697,-0.8305
1624600490212,-6.9549,-8.2129,1.3092,-0.1300,0.0392,-0.8378
1624600490222,-6.8233,-8.8805,1.4815,-0.1055,0.0343,-0.8317
1624600490231,-6.6893,-9.0145,1.4671,-0.1202,0.0172,-0.8170
1624600490241,-6.5386,-8.7728,1.4312,-0.1470,0.0001,-0.8390
1624600490250,-6.3495,-8.3971,1.2159,-0.2130,-0.0036,-0.8219
1624600490259,-6.1150,-7.9951,1.0340,-0.3193,-0.0134,-0.7902
1624600490269,-5.8805,-7.8826,0.7493,-0.4672,-0.0256,-0.7144
1624600490279,-5.8662,-8.2081,0.7684,-0.5783,-0.0146,-0.6350
1624600490288,-5.9380,-8.6436,0.9742,-0.7127,0.0184,-0.5837
1624600490299,-5.8877,-9.1987,1.2589,-0.8483,0.0245,-0.5568
1624600490308,-5.5192,-9.7443,1.4767,-0.8984,0.0099,-0.5629
1624600490317,-5.0478,-10.1223,1.5078,-0.9204,-0.0060,-0.5617
1624600490327,-4.7846,-10.6392,1.3594,-0.8373,0.0099,-0.5409
1624600490337,-4.5764,-10.9072,1.2374,-0.6932,0.0379,-0.5165
1624600490347,-4.3276,-10.9550,1.1178,-0.5123,0.0551,-0.4774
1624600490356,-4.1984,-10.7397,1.0125,-0.3609,0.0746,-0.4236
1624600490366,-4.2343,-10.3808,1.0532,-0.2729,0.1003,-0.3503
1624600490375,-4.4520,-10.3544,1.1106,-0.2485,0.1174,-0.2489
1624600490383,-4.7033,-10.3497,1.1345,-0.2741,0.1113,-0.1659
1624600490393,-4.7655,-10.3377,1.1704,-0.3108,0.0807,-0.0730
1624600490402,-4.8325,-10.4765,1.1943,-0.3108,0.0392,0.0491
1624600490412,-4.8636,-10.5076,1.1082,-0.3303,0.0086,0.1603
1624600490422,-4.9186,-10.3305,0.9574,-0.4048,-0.0219,0.2471
1624600490433,-5.0024,-10.1199,0.7684,-0.4965,-0.0415,0.3265
1624600490443,-5.0909,-9.8926,0.6129,-0.6138,-0.0561,0.3924
1624600490452,-5.2177,-10.0218,0.4669,-0.6871,-0.0769,0.4450
1624600490462,-5.3469,-10.1367,0.4119,-0.7249,-0.0903,0.4767
1624600490472,-5.4833,-10.0003,0.2037,-0.6907,-0.1013,0.4987
1624600490481,-5.5742,-9.8783,0.0338,-0.5930,-0.1062,0.5378
1624600490491,-5.6317,-9.7347,-0.1768,-0.4696,-0.1184,0.5647
1624600490500,-5.6843,-9.6605,-0.3347,-0.3474,-0.1135,0.5549
1624600490510,-5.8734,-9.4882,-0.4806,-0.2289,-0.0928,0.5171
1624600490519,-5.9954,-9.1580,-0.7008,-0.0420,-0.0806,0.4706
1624600490529,-5.9499,-9.1485,-0.8779,0.1852,-0.0928,0.4682
1624600490538,-5.6628,-8.9929,-0.7750,0.2866,-0.1245,0.4926
1624600490548,-5.4187,-9.0743,-0.5572,0.3355,-0.1734,0.5061
1624600490557,-5.2081,-9.2537,-0.2150,0.4259,-0.2039,0.4877
1624600490567,-5.1579,-8.9690,-0.0715,0.6141,-0.2076,0.4132
1624600490576,-5.2656,-8.6723,-0.1050,0.8572,-0.2052,0.3595
1624600490585,-5.2632,-7.9808,-0.1576,0.9745,-0.2125,0.3314
1624600490596,-5.1890,-7.2390,-0.0571,0.9867,-0.2174,0.2642
1624600490605,-5.0694,-7.0308,-0.0428,0.9745,-0.2235,0.1884
1624600490615,-4.7750,-7.2892,-0.1074,0.9659,-0.2247,0.0980
1624600490625,-4.3970,-7.5500,-0.1456,0.9476,-0.1917,0.0101
1624600490633,-4.0428,-7.8276,-0.1026,0.9769,-0.1319,-0.0449
1624600490642,-3.8275,-8.0310,0.2013,1.0441,-0.0659,-0.0938
1624600490652,-3.7054,-8.1626,0.5219,1.0856,-0.0305,-0.1182
1624600490661,-3.4518,-8.2033,1.1058,1.0490,-0.0341,-0.1084
1624600490671,-3.3106,-7.8994,1.2613,0.9928,-0.0695,-0.1744
1624600490681,-3.4542,-7.5668,1.2589,0.9647,-0.0976,-0.2905
1624600490693,-3.4398,-6.7173,1.3570,0.8511,-0.1380,-0.3833
1624600490702,-3.1120,-6.3010,1.2924,0.6263,-0.2125,-0.3943
1624600490711,-2.8967,-6.6145,1.1106,0.4100,-0.2443,-0.4261
1624600490721,-2.8249,-7.4663,1.1034,0.2671,-0.2418,-0.5067
1624600490731,-2.5186,-8.1435,1.0364,0.1388,-0.2137,-0.5776
1624600490740,-2.1382,-8.6412,0.8115,0.0240,-0.1844,-0.6448
1624600490750,-1.7170,-8.7010,0.8641,-0.1251,-0.1416,-0.7169
1624600490760,-1.5734,-8.2464,1.0292,-0.3425,-0.1184,-0.8170
1624600490769,-1.5065,-8.0980,1.1513,-0.4464,-0.1074,-0.9368
1624600490779,-1.2791,-8.0047,1.2494,-0.4904,-0.0976,-1.0272
1624600490789,-1.1356,-7.7295,1.2877,-0.5624,-0.1123,-1.0785
1624600490798,-1.0733,-7.8420,1.3523,-0.5734,-0.1209,-1.1127
1624600490808,-0.9896,-8.2296,1.3235,-0.5417,-0.1160,-1.1298
1624600490817,-0.8197,-8.6651,1.2733,-0.5099,-0.1001,-1.1322
1624600490827,-0.5230,-9.0145,1.2972,-0.4574,-0.0695,-1.1347
1624600490836,-0.3100,-9.1724,1.3475,-0.3780,-0.0463,-1.1628
1624600490846,-0.1736,-9.1126,1.4216,-0.2680,-0.0268,-1.2129
1624600490856,-0.0349,-8.8470,1.4121,-0.1312,-0.0109,-1.2544
1624600490865,0.1566,-8.4115,1.3642,0.0227,0.0147,-1.2691
1624600490876,0.3934,-8.0358,1.2829,0.1804,0.0502,-1.2630
1624600490883,0.7835,-8.2081,1.3259,0.3013,0.0929,-1.2239
1624600490893,1.0874,-8.5550,1.5365,0.2793,0.1161,-1.1811
1624600490902,1.3219,-8.7728,1.6657,0.1095,0.1210,-1.1530
1624600490911,1.5875,-9.2705,1.8906,-0.0628,0.1149,-1.1335
1624600490921,1.5970,-9.5552,2.0581,-0.2057,0.1259,-1.1164
1624600490931,1.5157,-9.5433,2.1802,-0.3230,0.1186,-1.1164
1624600490942,1.5683,-9.8663,2.1658,-0.3425,0.0856,-1.0907
1624600490951,1.5468,-10.2133,2.0414,-0.2827,0.0587,-1.0577
1624600490961,1.7406,-10.2013,2.1395,-0.1666,0.0587,-1.0418
1624600490971,1.8052,-10.1247,2.0007,-0.0054,0.0612,-1.0162
1624600490980,2.0182,-9.9836,1.8428,0.1718,0.0599,-0.9734
1624600490990,2.0948,-9.8495,1.8811,0.2744,0.0722,-0.9465
1624600491000,2.2503,-10.0745,2.1802,0.3111,0.0734,-0.9172
1624600491009,2.4034,-10.0601,2.4912,0.2463,0.0318,-0.8928
1624600491019,2.2910,-10.2731,2.8717,0.2097,-0.0317,-0.8720
1624600491029,2.1570,-10.4573,2.9602,0.2402,-0.1221,-0.8280
1624600491038,2.2168,-10.6894,3.1134,0.3844,-0.2101,-0.7841
1624600491048,2.2024,-10.8785,3.1110,0.5811,-0.2809,-0.7388
1624600491058,2.1881,-10.7229,3.1301,0.7631,-0.3396,-0.7083
1624600491067,2.1498,-10.3568,3.1804,0.9341,-0.3872,-0.6912
1624600491077,2.2599,-9.8232,3.1756,1.0111,-0.4165,-0.6594
1624600491088,2.4489,-9.4212,3.2689,0.9732,-0.4348,-0.6167
1624600491094,2.6523,-9.3136,3.3838,0.9048,-0.4239,-0.5531
1624600491110,2.8102,-9.4739,3.5967,0.8083,-0.3982,-0.4505
1624600491114,2.9107,-9.4787,3.6757,0.6898,-0.3567,-0.3393
1624600491123,3.0088,-9.4236,3.8049,0.5456,-0.3029,-0.2257
1624600491132,3.1141,-9.3471,3.7307,0.3929,-0.2369,-0.1121
1624600491142,3.1404,-9.3088,3.5728,0.2133,-0.1673,0.0003
1624600491151,3.2816,-9.5146,3.3168,-0.0139,-0.0989,0.1225
1624600491161,3.6262,-9.7897,2.7257,-0.2753,-0.0341,0.2519
1624600491171,4.1430,-10.4358,2.5415,-0.4891,0.0685,0.4083
1624600491182,3.9564,-10.9359,3.1325,-0.6528,0.2127,0.5916
1624600491192,3.0471,-11.2398,3.6446,-0.7787,0.2847,0.8005
1624600491201,3.1021,-11.7853,3.7379,-0.7982,0.2395,1.0033
1624600491211,3.4371,-11.8595,3.7020,-0.8605,0.1723,1.1927
1624600491219,3.4515,-11.3379,3.5800,-0.9534,0.0905,1.3295
1624600491230,3.4204,-11.0627,3.2474,-1.0047,-0.0097,1.5054
1624600491240,3.3318,-10.7995,2.9243,-1.0780,-0.1074,1.6850
1624600491250,3.2529,-10.7995,2.7186,-1.1110,-0.1868,1.8158
1624600491259,3.1117,-10.9526,2.5343,-1.0414,-0.2308,1.9074
1624600491269,2.9729,-10.7181,2.3046,-0.9326,-0.2455,1.9587
1624600491278,2.8581,-10.6033,2.1156,-0.7738,-0.2553,2.0125
1624600491288,2.6451,-10.2276,1.8787,-0.6260,-0.2638,2.0259
1624600491298,2.3125,-10.1223,1.8021,-0.4904,-0.2516,2.0198
1624600491307,1.7454,-9.7323,1.9289,-0.4183,-0.2589,1.9978
1624600491317,0.8433,-9.1508,1.9002,-0.3413,-0.2699,1.9550
1624600491327,0.1566,-9.2178,1.6442,-0.1422,-0.2944,1.9160
1624600491336,-0.0157,-9.3279,1.2709,0.0276,-0.3163,1.8426
1624600491346,-0.0133,-9.3973,0.9909,0.1926,-0.3114,1.7400
1624600491356,0.0297,-9.2872,0.7876,0.3160,-0.3017,1.6508
1624600491363,0.0274,-8.9738,0.5961,0.4296,-0.2650,1.5677
1624600491373,0.1374,-8.8996,0.5866,0.5579,-0.2101,1.5164
1624600491383,0.2260,-8.5383,0.6942,0.6031,-0.1661,1.4627
1624600491392,0.0106,-7.9425,0.8115,0.5737,-0.1160,1.4028
1624600491402,-0.5374,-7.4352,0.9909,0.5664,-0.0488,1.3552
1624600491413,-1.3557,-6.9949,1.0771,0.5273,0.0208,1.3185
1624600491423,-2.2506,-6.9112,0.8617,0.5175,0.0929,1.2941
1624600491432,-3.0115,-7.0117,0.5052,0.5151,0.1491,1.2623
1624600491442,-3.4063,-7.0164,0.2875,0.4858,0.1662,1.1890
1624600491451,-3.4805,-7.1241,0.2372,0.4809,0.1907,1.0827
1624600491461,-3.3202,-7.1600,0.2492,0.4931,0.2053,0.9642
1624600491471,-3.0403,-7.1672,0.1319,0.5053,0.2041,0.8530
1624600491480,-2.9733,-7.1098,0.1846,0.5652,0.2395,0.7455
1624600491490,-3.3130,-6.6432,0.2205,0.6263,0.3116,0.6502
1624600491499,-3.9902,-6.1263,0.4621,0.7277,0.4045,0.5525
1624600491509,-4.6578,-5.5257,0.7110,0.7521,0.4668,0.4633
1624600491519,-5.1411,-4.8222,0.6320,0.6238,0.4631,0.3411
1624600491528,-5.4163,-4.8246,0.5650,0.4479,0.4265,0.2312
1624600491538,-5.5144,-5.1142,0.4956,0.2182,0.3788,0.1139
1624600491547,-5.5838,-5.3702,0.3353,-0.0066,0.3214,-0.0437
1624600491555,-5.7848,-6.0019,0.3305,-0.0799,0.2970,-0.1707
1624600491566,-5.9858,-6.1287,0.4286,-0.1397,0.2811,-0.3137
1624600491574,-6.2203,-6.1550,0.3544,-0.1617,0.2383,-0.4505
1624600491584,-6.5936,-6.6073,0.5937,-0.0860,0.2200,-0.5531
1624600491596,-6.7850,-6.7484,0.6177,-0.1067,0.1821,-0.6607
1624600491603,-6.8233,-7.2055,0.7612,-0.0750,0.1198,-0.7340
1624600491613,-6.7395,-7.5477,0.8450,-0.0041,0.0807,-0.7779
1624600491622,-6.5314,-7.8037,0.8043,0.0362,0.0367,-0.8244
1624600491632,-6.3423,-8.2081,0.9718,0.0985,-0.0011,-0.8109
1624600491642,-6.3136,-8.1100,1.2183,0.0838,-0.0219,-0.7987
1624600491651,-6.3639,-7.9401,1.4623,0.0215,-0.0341,-0.7865
1624600491661,-6.4022,-8.2033,1.5461,-0.0420,-0.0488,-0.7242
1624600491672,-6.4333,-8.6771,1.6920,-0.0945,-0.0475,-0.6594
1624600491682,-6.2442,-8.9977,1.7016,-0.1434,-0.0573,-0.6216
1624600491692,-5.8638,-9.1915,1.7303,-0.1666,-0.0647,-0.5678
1624600491701,-5.6365,-9.0886,1.8236,-0.2301,-0.0353,-0.5018
1624600491710,-5.5910,-9.0934,2.0486,-0.2729,0.0123,-0.4359
1624600491720,-5.5671,-9.5122,2.1730,-0.2692,0.0465,-0.3662
1624600491730,-5.5192,-9.8232,2.0677,-0.2986,0.0685,-0.2966
1624600491740,-5.4307,-10.1032,1.9816,-0.2827,0.1149,-0.2306
1624600491749,-5.2991,-10.2491,1.7519,-0.1666,0.1687,-0.1842
1624600491759,-5.0646,-10.2444,1.6729,-0.0383,0.2212,-0.1194
1624600491769,-4.9402,-10.3138,1.7519,0.0423,0.2835,-0.0510
1624600491778,-5.0550,-10.3425,1.7686,0.0851,0.3519,-0.0095
1624600491788,-5.2416,-10.1534,1.8787,0.0337,0.3874,0.0382
1624600491797,-5.4163,-9.6079,1.9983,-0.1287,0.3764,0.0931
1624600491807,-5.5671,-9.1915,2.0701,-0.3083,0.3458,0.1359
1624600491815,-5.7250,-9.2226,2.1156,-0.5075,0.3275,0.1909
1624600491826,-5.8973,-9.7514,1.8882,-0.6174,0.2970,0.2263
1624600491836,-5.8877,-10.1415,1.7255,-0.6736,0.2408,0.2837
1624600491846,-5.7992,-10.0362,1.5413,-0.7652,0.1919,0.3497
1624600491853,-5.8973,-9.8830,1.3331,-0.8190,0.1785,0.3986
1624600491863,-6.1581,-9.9046,1.2518,-0.8508,0.1797,0.4242
1624600491873,-6.3615,-10.0314,1.1225,-0.8947,0.1662,0.4438
1624600491882,-6.3878,-10.0506,0.8306,-0.9253,0.1198,0.4535
1624600491892,-6.2610,-9.8998,0.5028,-0.9290,0.0783,0.4621
1624600491903,-6.2155,-9.4667,0.1989,-0.9424,0.0490,0.4694
1624600491912,-6.1916,-9.0982,0.1893,-0.9204,0.0196,0.4621
1624600491922,-6.1892,-9.0719,0.2157,-0.8361,-0.0256,0.4657
1624600491931,-6.2347,-9.0815,0.0338,-0.7078,-0.0695,0.4657
1624600491940,-6.1892,-8.9307,0.1295,-0.5185,-0.1099,0.4413
1624600491951,-6.1318,-8.4928,0.1152,-0.3560,-0.1551,0.4511
1624600491960,-6.1174,-7.8563,0.2492,-0.2387,-0.1966,0.4315
1624600491970,-6.0935,-7.4232,0.1104,-0.1397,-0.2491,0.4120
1624600491980,-5.9667,-7.5046,-0.1720,-0.1055,-0.2834,0.3851
1624600491989,-5.6652,-7.8324,-0.4232,-0.1434,-0.3114,0.3436
1624600491999,-5.4139,-7.8731,-0.7439,-0.2570,-0.3127,0.2654
1624600492009,-5.2345,-7.7941,-0.6601,-0.2876,-0.2699,0.1420
1624600492018,-5.0861,-7.7128,-0.8779,-0.3010,-0.2223,0.0834
1624600492027,-5.1077,-7.4519,-0.4471,-0.4207,-0.1905,0.0198
1624600492037,-5.2273,-7.6840,-0.0691,-0.4109,-0.1612,-0.0583
1624600492047,-5.0694,-7.9688,0.5746,-0.3621,-0.1587,-0.1524
1624600492057,-5.0598,-8.3086,0.4645,-0.2766,-0.1868,-0.1940
1624600492066,-4.7942,-8.6747,0.3880,-0.2375,-0.2528,-0.2245
1624600492076,-4.5118,-8.6460,0.1271,-0.1764,-0.3127,-0.3076
1624600492085,-4.2127,-7.9808,-0.0930,-0.2326,-0.3689,-0.4114
1624600492094,-3.9830,-7.5716,-0.4639,-0.2509,-0.3848,-0.4835
1624600492106,-3.6600,-7.4711,-0.7797,-0.3034,-0.3701,-0.4969
1624600492114,-3.5260,-7.6888,-0.8132,-0.3193,-0.3151,-0.5177
1624600492122,-3.4686,-8.1674,-0.6960,-0.2240,-0.2211,-0.5214
1624600492132,-3.2460,-8.1483,-0.2414,-0.1422,-0.1331,-0.5446
1624600492141,-3.1647,-8.2775,0.1654,-0.0054,-0.0781,-0.5959
1624600492151,-3.2077,-8.5383,0.2061,0.1559,-0.0634,-0.6436
1624600492160,-3.1072,-8.7608,0.1415,0.4064,-0.0402,-0.6900
1624600492172,-2.9828,-8.6890,0.0745,0.6275,-0.0195,-0.7254
1624600492182,-2.7746,-8.4426,0.1415,0.7362,-0.0073,-0.7950
1624600492191,-2.4492,-8.0621,0.2851,0.6654,0.0025,-0.8904
1624600492202,-2.1669,-7.9544,0.4645,0.5469,0.0099,-0.9734
1624600492211,-1.9994,-7.9520,0.8833,0.4442,0.0184,-1.0443
1624600492220,-1.8079,-8.0765,1.1154,0.3856,0.0172,-1.0993
1624600492229,-1.5687,-8.2846,1.3044,0.3990,0.0050,-1.1298
1624600492239,-1.4514,-8.5718,1.3475,0.5518,-0.0268,-1.1396
1624600492249,-1.2720,-9.1149,1.1489,0.8706,-0.0683,-1.1237
1624600492259,-1.0422,-9.3064,0.8737,1.2396,-0.1135,-1.0956
1624600492268,-0.6929,-9.4739,0.7301,1.5206,-0.1612,-1.0589
1624600492277,-0.3627,-9.4284,0.7612,1.6513,-0.2113,-1.0663
1624600492287,-0.2861,-9.4212,0.8330,1.6635,-0.2699,-1.1164
1624600492297,-0.2933,-8.9857,1.2805,1.6831,-0.2907,-1.1823
1624600492307,-0.0923,-8.2176,1.2159,1.5951,-0.2907,-1.2434
1624600492316,0.1494,-8.4258,1.2565,1.5609,-0.2711,-1.2984
1624600492326,0.4533,-8.7010,1.4480,1.4717,-0.2369,-1.3179
1624600492335,0.7428,-7.4687,2.0845,1.2738,-0.2149,-1.3534
1624600492345,0.7356,-6.6145,2.3572,1.0979,-0.1832,-1.3167
1624600492353,0.9247,-7.8659,2.3237,0.9794,-0.1172,-1.2508
1624600492363,1.4583,-9.6509,2.0390,0.8914,-0.0231,-1.2349
1624600492372,1.8148,-10.5506,2.2400,0.8572,0.0465,-1.2166
1624600492382,1.6569,-9.6031,2.5941,0.8840,0.0990,-1.2605
1624600492391,1.4918,-8.3014,3.0727,0.9207,0.1503,-1.2813
1624600492401,1.5229,-7.7223,3.1708,0.8291,0.1760,-1.2398
1624600492412,1.5588,-8.1195,3.3215,0.6727,0.1968,-1.1823
1624600492422,1.5133,-8.6555,3.4197,0.5383,0.2175,-1.1274
1624600492432,1.5061,-9.1604,3.5632,0.4540,0.2298,-1.0687
1624600492441,1.4918,-9.0288,3.5034,0.3660,0.2371,-1.0260
1624600492451,1.4798,-9.0958,3.3287,0.3551,0.2310,-0.9649
1624600492461,1.5181,-9.0432,3.2761,0.3062,0.2261,-0.8806
1624600492471,1.4415,-8.6771,3.3359,0.2011,0.2090,-0.8232
1624600492480,1.5588,-8.5598,3.3168,0.1474,0.1968,-0.7816
1624600492489,1.8914,-8.5359,3.3120,0.1168,0.1943,-0.7511
1624600492498,2.2287,-8.4450,3.4723,0.0484,0.1723,-0.7364
1624600492509,2.3723,-8.4282,3.5800,-0.0151,0.1161,-0.7205
1624600492518,2.3149,-8.6531,3.5489,-0.0835,0.0538,-0.7059
1624600492528,2.5757,-8.8302,3.2354,-0.1581,0.0099,-0.6839
1624600492537,2.8844,-8.8206,3.2354,-0.3071,-0.0280,-0.6521
1624600492547,3.0256,-8.7106,3.1804,-0.4940,-0.0781,-0.6301
1624600492557,3.2194,-8.8111,3.2713,-0.6895,-0.1209,-0.5727
1624600492567,3.2505,-9.2681,3.3646,-0.8031,-0.1392,-0.4921
1624600492575,3.0303,-9.8041,3.4747,-0.8251,-0.1648,-0.4065
1624600492584,2.7408,-10.2467,3.6494,-0.7762,-0.2052,-0.3222
1624600492593,2.6092,-10.3568,3.4795,-0.6431,-0.2601,-0.2746
1624600492608,2.6499,-10.9670,3.1708,-0.3926,-0.3041,-0.2135
1624600492613,2.6547,-10.5841,3.5967,-0.2326,-0.2772,-0.1622
1624600492622,2.7289,-9.6701,3.2881,-0.1703,-0.2565,-0.1158
1624600492632,2.7241,-10.5363,2.9985,0.1217,-0.2174,0.0675
1624600492641,3.2840,-11.3307,3.1852,0.3685,-0.1710,0.2153
1624600492651,3.3031,-10.9359,3.8958,0.4833,-0.0439,0.3008
1624600492661,2.8365,-9.9859,4.4246,0.4980,0.0441,0.4731
1624600492670,2.7241,-9.7036,4.5228,0.4345,0.0147,0.6344
1624600492681,2.6595,-9.0168,4.7142,0.1119,0.0050,0.6759
1624600492691,2.8054,-9.7538,4.3289,-0.1385,-0.0085,0.6820
1624600492701,3.0016,-9.8089,3.9341,-0.2460,-0.0182,0.7003
1624600492710,2.9777,-9.3806,4.0250,-0.3853,-0.0097,0.8139
1624600492720,3.0399,-9.2705,3.8671,-0.6040,-0.0415,0.9642
1624600492729,3.1380,-9.5839,3.5560,-0.8740,-0.1038,1.0583
1624600492739,3.1165,-10.4262,3.2163,-0.9717,-0.1575,1.1548
1624600492749,3.3749,-11.0172,2.7879,-0.9448,-0.1978,1.2721
1624600492758,3.6118,-10.9287,2.4865,-0.8960,-0.2271,1.3576
1624600492766,3.4012,-10.6057,2.4362,-0.8080,-0.2467,1.4053
1624600492776,3.1620,-10.4286,2.4027,-0.7567,-0.2675,1.4505
1624600492785,3.0638,-10.4454,2.3931,-0.7359,-0.3004,1.4981
1624600492797,2.8772,-10.5172,2.3477,-0.7054,-0.3261,1.5421
1624600492806,2.6212,-10.6152,2.2950,-0.6443,-0.3469,1.5971
1624600492816,2.3532,-10.4166,2.2400,-0.5612,-0.3664,1.6349
1624600492825,1.8076,-10.0482,2.1897,-0.4403,-0.3811,1.6521
1624600492835,1.3578,-9.8376,2.0366,-0.2753,-0.3896,1.6814
1624600492845,1.1400,-9.7203,1.6107,-0.0481,-0.3848,1.7156
1624600492853,1.0012,-9.8376,1.0723,0.2585,-0.3505,1.7473
1624600492862,0.9845,-10.0314,0.7899,0.5823,-0.2772,1.7559
1624600492871,0.8074,-9.8902,0.8402,0.8303,-0.1856,1.7351
1624600492881,0.4150,-9.4404,1.1058,1.0062,-0.1135,1.6997
1624600492891,-0.0971,-8.6938,1.3929,1.1296,-0.0622,1.6569
1624600492900,-0.7958,-7.9305,1.5724,1.2237,-0.0243,1.6227
1624600492912,-1.5878,-7.4256,1.7997,1.2958,0.0111,1.5922
1624600492921,-2.1286,-7.2007,1.9122,1.3569,0.0624,1.5531
1624600492931,-2.2985,-7.1361,1.8189,1.3618,0.1369,1.5042
1624600492941,-2.3033,-6.7700,1.6849,1.2555,0.2041,1.4419
1624600492950,-2.2386,-6.5522,1.5509,1.1455,0.2945,1.3442
1624600492960,-2.1405,-6.5905,1.3642,1.0184,0.4314,1.2587
1624600492970,-2.3918,-6.5929,1.2207,0.8535,0.5755,1.1548
1624600492979,-3.0355,-6.5427,1.2039,0.7045,0.7062,1.0302
1624600492988,-3.8107,-6.2196,1.2781,0.5786,0.8064,0.9202
1624600492997,-4.6817,-5.6549,1.3594,0.4357,0.8553,0.7944
1624600493008,-5.2656,-5.2793,1.4025,0.3490,0.8479,0.6466
1624600493017,-5.3326,-5.0567,1.2805,0.2573,0.7856,0.5061
1624600493028,-5.2656,-4.7720,1.0053,0.1070,0.7038,0.3558
1624600493037,-5.2129,-5.1524,0.8139,-0.0066,0.6146,0.2165
1624600493047,-5.3039,-5.9205,0.8737,-0.0811,0.5254,0.0748
1624600493057,-5.6006,-6.1479,1.1369,-0.1165,0.4497,-0.0987
1624600493066,-5.9475,-6.3177,1.2350,-0.0506,0.3947,-0.2245
1624600493076,-6.2323,-6.4613,1.2470,0.0875,0.3580,-0.3308
1624600493088,-6.4285,-6.5092,1.2350,0.2512,0.3336,-0.4163
1624600493093,-6.4835,-6.4326,1.1848,0.4650,0.3214,-0.4664
1624600493105,-6.3758,-6.1000,1.2613,0.6153,0.3141,-0.5055
1624600493113,-6.2777,-6.3704,1.3331,0.7228,0.3055,-0.5495
1624600493122,-6.0959,-6.9255,1.7925,0.7594,0.2591,-0.6191
1624600493131,-6.0241,-7.3347,2.3429,0.6715,0.1809,-0.7046
1624600493141,-6.0624,-7.6697,2.6396,0.6177,0.1015,-0.7547
1624600493151,-6.2418,-7.8683,2.6994,0.5835,0.0147,-0.7462
1624600493160,-6.2562,-7.9568,2.5343,0.5664,-0.0488,-0.7181
1624600493171,-6.0432,-8.2751,2.5224,0.4858,-0.0622,-0.6375
1624600493182,-5.9212,-8.1674,2.3644,0.2634,-0.0695,-0.5666
1624600493191,-5.9260,-8.1889,2.3668,0.0679,-0.0561,-0.4823
1624600493200,-5.8590,-8.4713,2.4195,-0.1654,-0.0500,-0.3332
1624600493210,-5.6723,-8.9283,2.6396,-0.4659,-0.0769,-0.2282
1624600493220,-5.5216,-9.6390,2.7808,-0.7151,-0.1147,-0.1439
1624600493229,-5.4187,-10.2180,2.8047,-0.8654,-0.1697,-0.0461
1624600493238,-5.4857,-10.6440,2.7664,-0.8043,-0.2039,0.0589
1624600493249,-5.4857,-10.9742,2.6109,-0.5991,-0.2247,0.1860
1624600493258,-5.3134,-11.1010,2.4649,-0.3279,-0.2308,0.2984
1624600493268,-5.2895,-11.1225,2.7521,-0.0298,-0.2015,0.3729
1624600493277,-5.2704,-10.7325,3.1206,0.2732,-0.1710,0.3900
1624600493287,-5.1794,-9.9764,3.3192,0.5664,-0.1991,0.3949
1624600493297,-5.1100,-9.1245,3.4173,0.8120,-0.2650,0.4254
1624600493305,-5.0909,-8.6101,3.2617,1.0221,-0.3567,0.4535
1624600493314,-4.9904,-8.7345,3.0392,1.2481,-0.4507,0.4719
1624600493328,-4.8133,-8.7225,3.0727,1.4656,-0.5191,0.4597
1624600493332,-4.7703,-7.8850,3.3862,1.5780,-0.5582,0.4230
1624600493343,-5.0095,-7.2103,3.9317,1.6916,-0.5753,0.4303
1624600493352,-4.8851,-7.3036,4.2093,1.8248,-0.6230,0.4902
1624600493361,-4.4472,-8.1794,4.4390,1.9934,-0.6902,0.5207
1624600493376,-4.0644,-8.6149,4.4486,2.1363,-0.7207,0.5061
1624600493381,-4.0572,-8.6220,4.3672,2.2988,-0.7171,0.4902
1624600493390,-4.1553,-8.4737,4.5180,2.5566,-0.7085,0.4853
1624600493400,-4.1816,-7.9951,4.7860,2.8181,-0.6877,0.4731
1624600493410,-4.2223,-7.5500,5.2717,3.0734,-0.6755,0.4487
1624600493421,-4.2079,-7.3395,5.6809,3.3202,-0.6743,0.4572
1624600493429,-4.0811,-7.2174,5.7694,3.5535,-0.6841,0.4780
1624600493439,-3.9567,-6.7820,5.8675,3.7514,-0.6853,0.4633
1624600493449,-3.9112,-6.3249,5.8891,3.9689,-0.6718,0.4352
1624600493458,-4.0093,-6.0641,5.7000,4.1571,-0.6560,0.4340
1624600493468,-4.0596,-5.5712,5.6450,4.2243,-0.6120,0.4487
1624600493477,-4.0500,-5.0304,5.8747,4.1803,-0.5827,0.4291
1624600493487,-4.0405,-4.6212,6.2121,3.9811,-0.5680,0.4279
1624600493496,-3.9974,-3.9608,6.4849,3.6684,-0.5729,0.3863
1624600493507,-3.9376,-3.4129,6.9060,3.3043,-0.5924,0.3839
1624600493516,-3.8993,-3.0276,7.2530,2.8779,-0.6425,0.4132
1624600493525,-3.8849,-2.8721,7.3630,2.4637,-0.7036,0.4364
1624600493535,-3.8179,-2.8242,7.3224,2.0972,-0.7745,0.4780
1624600493544,-3.6696,-2.7094,7.2410,1.8468,-0.8282,0.4841
1624600493554,-3.5451,-2.6113,7.3367,1.7295,-0.8637,0.4670
1624600493564,-3.3681,-2.5490,7.5569,1.7197,-0.9101,0.4364
1624600493573,-3.0761,-2.6017,7.9493,1.7955,-0.9663,0.3900
1624600493585,-2.7364,-2.5419,8.4015,1.8810,-1.0335,0.3301
1624600493596,-2.3846,-2.4438,8.6408,2.0068,-1.1129,0.2471
1624600493602,-2.1310,-2.4294,8.8514,2.1571,-1.1776,0.1823
1624600493611,-1.8606,-2.4246,8.9638,2.3196,-1.2326,0.1579
1624600493621,-1.5567,-1.9700,9.1409,2.4491,-1.2497,0.1347
1624600493631,-1.3964,-1.0751,9.2940,2.4833,-1.2412,0.1334
1624600493640,-1.2097,-0.4505,9.3515,2.4295,-1.2192,0.1750
1624600493651,-1.0159,-0.2950,9.3036,2.2939,-1.1899,0.2385
1624600493660,-0.8006,-0.6826,9.5883,2.1473,-1.1447,0.2935
1624600493669,-0.6283,-1.1110,9.7200,2.0190,-1.0995,0.3289
1624600493680,-0.5134,-1.3431,9.8946,1.9347,-1.0567,0.3375
1624600493690,-0.5828,-1.2856,10.1363,1.8798,-1.0262,0.3411
1624600493700,-0.5948,-1.1756,10.3325,1.8504,-1.0213,0.3277
1624600493709,-0.5134,-0.7640,10.4952,1.8602,-0.9968,0.2996
1624600493719,-0.5445,-0.0438,10.5909,1.8248,-0.9614,0.2642
1624600493729,-0.6187,0.4755,10.3612,1.7478,-0.9101,0.2348
1624600493738,-0.6163,0.6502,10.2248,1.6379,-0.8405,0.2544
1624600493748,-0.5206,0.9971,10.1770,1.4277,-0.7904,0.2605
1624600493758,-0.4991,1.1168,10.2057,1.1418,-0.7439,0.2422
1624600493767,-0.4967,0.7195,10.1913,0.8780,-0.6902,0.2361
1624600493775,-0.4440,0.2434,10.0741,0.7032,-0.6254,0.2300
1624600493786,-0.5230,0.3606,10.1028,0.6177,-0.5607,0.1896
1624600493796,-0.4727,0.5425,10.2272,0.5701,-0.5081,0.1420
1624600493806,-0.5948,0.6669,10.2895,0.4943,-0.4642,0.1200
1624600493815,-0.6977,0.6358,10.3756,0.4198,-0.4287,0.0919
1624600493825,-0.6714,0.4946,10.3445,0.3685,-0.3945,0.0773
1624600493838,-0.6570,0.5018,10.2631,0.3318,-0.3518,0.0626
1624600493843,-0.7575,0.4755,10.1267,0.3294,-0.3102,0.0504
1624600493852,-0.7934,0.5377,10.0119,0.3147,-0.2772,0.0516
1624600493861,-0.8030,0.8344,9.8851,0.2769,-0.2394,0.0455
1624600493871,-0.7982,0.7841,9.6817,0.2280,-0.2064,0.0430
1624600493880,-0.7742,0.5520,9.5668,0.1828,-0.1905,0.0528
1624600493890,-0.8030,0.4516,9.5836,0.1645,-0.1734,0.0577
1624600493900,-0.7527,0.5473,9.6219,0.1730,-0.1673,0.0528
1624600493910,-0.7192,0.7148,9.7104,0.1926,-0.1722,0.0418
1624600493919,-0.7072,0.8177,9.7582,0.1987,-0.1868,0.0357
1624600493930,-0.6498,0.8679,9.6506,0.1950,-0.2088,0.0284
1624600493940,-0.5565,0.7889,9.7056,0.1779,-0.2369,0.0272
1624600493949,-0.4751,0.7315,9.5668,0.1767,-0.2528,0.0113
1624600493958,-0.2837,1.0091,9.4902,0.1645,-0.2540,-0.0144
1624600493969,-0.2813,1.1024,9.3993,0.1266,-0.2504,-0.0205
1624600493979,-0.3172,0.9493,9.5429,0.0765,-0.2406,-0.0083
1624600493988,-0.2430,0.7865,9.6817,0.0386,-0.2235,-0.0107
1624600493998,-0.2981,0.6621,9.7367,0.0276,-0.2113,-0.0205
1624600494007,-0.2981,0.6478,9.8276,0.0313,-0.1966,-0.0254
1624600494017,-0.3076,0.7172,9.9042,0.0435,-0.1905,-0.0412
1624600494027,-0.2694,0.8272,9.8803,0.0704,-0.1807,-0.0681
1624600494036,-0.2981,0.8464,9.8420,0.0692,-0.1734,-0.0693
1624600494046,-0.3531,0.9301,9.7750,0.0484,-0.1697,-0.0706
1624600494055,-0.3483,1.0210,9.7511,0.0093,-0.1624,-0.0767
1624600494065,-0.3124,1.0210,9.7559,-0.0396,-0.1563,-0.0755
1624600494075,-0.2694,1.0139,9.6314,-0.0909,-0.1502,-0.0767
1624600494086,-0.2670,0.9947,9.6171,-0.1397,-0.1477,-0.0779
1624600494092,-0.2981,0.9540,9.6482,-0.1666,-0.1551,-0.0767
1624600494107,-0.2765,0.8464,9.6625,-0.1776,-0.1648,-0.0767
1624600494111,-0.2622,0.6884,9.8396,-0.1666,-0.1697,-0.0718
1624600494121,-0.1330,0.5497,10.0215,-0.1385,-0.1758,-0.0730
1624600494130,0.0130,0.5568,10.0861,-0.1141,-0.1710,-0.0803
1624600494140,0.0082,0.7028,10.0454,-0.1067,-0.1575,-0.0803
1624600494149,0.1398,0.8272,10.0645,-0.1177,-0.1380,-0.0755
1624600494159,0.2714,1.0713,10.2225,-0.1752,-0.0561,-0.0730
1624600494169,0.1111,1.1407,10.3445,-0.2631,0.0416,-0.0767
1624600494180,0.0297,0.9660,10.2655,-0.3609,0.0831,-0.0755
1624600494190,0.0920,0.6645,9.9664,-0.3877,0.1100,-0.0852
1624600494200,0.1805,0.5425,9.8228,-0.3682,0.1357,-0.0987
1624600494209,0.1781,0.5784,9.6865,-0.3291,0.1528,-0.1182
1624600494219,0.2882,0.4133,9.6673,-0.2937,0.1491,-0.1353
1624600494229,0.4102,0.2242,9.6147,-0.2460,0.1467,-0.1585
1624600494237,0.5107,0.2051,9.9042,-0.2143,0.1503,-0.1903
1624600494248,0.6040,0.2171,10.2679,-0.2216,0.1467,-0.2123
1624600494257,0.8146,0.1501,10.5551,-0.2521,0.1430,-0.2330
1624600494267,1.0036,0.1285,10.8733,-0.2656,0.1723,-0.2758
1624600494276,1.0993,0.1285,11.0743,-0.2656,0.2237,-0.3296
1624600494286,1.1520,0.2960,11.1341,-0.2643,0.2811,-0.3907
1624600494295,1.1448,0.5688,11.0695,-0.3034,0.3336,-0.4689
1624600494306,1.1951,0.8296,10.9547,-0.3584,0.3813,-0.5544
1624600494315,1.2142,1.0809,10.8853,-0.4525,0.4350,-0.6362
1624600494325,1.1639,1.1503,10.6460,-0.5771,0.4790,-0.7046
1624600494334,1.1496,1.2292,10.4019,-0.7274,0.5181,-0.7938
1624600494342,1.0993,1.3273,10.1770,-0.8777,0.5560,-0.8867
1624600494352,1.0419,1.2819,10.0932,-1.0206,0.5804,-0.9710
1624600494361,1.0419,1.0833,9.9545,-1.1403,0.5951,-1.0541
1624600494371,0.9773,0.7841,9.8946,-1.2258,0.5987,-1.1432
1624600494380,0.8840,0.5186,9.7487,-1.2649,0.5987,-1.2349
1624600494392,0.7763,0.3104,9.5955,-1.2735,0.5999,-1.3241
1624600494402,0.5968,0.2123,9.6386,-1.2698,0.5951,-1.4084
1624600494411,0.4437,-0.0486,9.7271,-1.2332,0.5621,-1.4755
1624600494421,0.2786,-0.3405,9.7343,-1.2039,0.4973,-1.5403
1624600494430,0.1757,-0.7329,9.7224,-1.1452,0.4118,-1.6050
1624600494440,0.0513,-1.0200,9.7846,-1.0524,0.3226,-1.6625
1624600494450,-0.0396,-1.0894,9.7654,-0.9436,0.2273,-1.7272
1624600494459,-0.1090,-0.9411,9.6889,-0.8557,0.1369,-1.7785
1624600494469,-0.2071,-0.7161,9.5453,-0.8129,0.0526,-1.7932
1624600494479,-0.3651,-0.6252,9.2462,-0.7848,-0.0341,-1.7822
1624600494489,-0.5350,-0.6468,8.7724,-0.8105,-0.1221,-1.7590
1624600494497,-0.7072,-0.7855,8.4207,-0.8764,-0.2027,-1.7284
1624600494507,-0.7599,-1.1564,7.9038,-0.9375,-0.2772,-1.7065
1624600494516,-0.8053,-1.5417,7.3846,-1.0120,-0.3542,-1.7016
1624600494527,-0.7144,-1.7403,6.7911,-1.0487,-0.4422,-1.7003
1624600494536,-0.5445,-1.9580,6.4849,-1.0181,-0.4898,-1.6869
1624600494546,-0.2909,-2.2308,6.6332,-0.9290,-0.4849,-1.6466
1624600494555,-0.0947,-2.6759,7.6286,-0.8141,-0.4813,-1.5880
1624600494565,0.1111,-3.3219,8.4183,-0.7005,-0.4849,-1.5098
1624600494574,0.2810,-3.9106,8.6958,-0.5832,-0.4397,-1.4377
1624600494582,0.2379,-4.3461,9.0165,-0.4500,-0.3273,-1.3790
1624600494592,-0.0612,-4.4322,9.1672,-0.3059,-0.2088,-1.3289
1624600494602,-0.5445,-4.2432,9.1959,-0.1910,-0.1086,-1.2972
1624600494614,-1.0375,-4.1403,9.1265,-0.1202,-0.0732,-1.2825
1624600494621,-1.3581,-4.1905,8.9734,-0.0847,-0.0903,-1.2764
1624600494630,-1.4873,-4.1953,8.9327,-0.0957,-0.1245,-1.2666
1624600494640,-1.4753,-4.1738,9.0380,-0.1422,-0.1563,-1.2471
1624600494650,-1.4514,-3.9943,9.1002,-0.2008,-0.1697,-1.2324
1624600494659,-1.5399,-3.8723,9.4137,-0.2252,-0.1526,-1.2361
1624600494670,-1.6787,-4.0422,9.7750,-0.2228,-0.1416,-1.2300
1624600494678,-1.7960,-4.2192,9.8396,-0.2118,-0.1404,-1.1994
1624600494689,-1.8295,-4.2575,9.6649,-0.1996,-0.1441,-1.1603
1624600494700,-1.8032,-4.0015,9.2270,-0.1935,-0.1429,-1.1322
1624600494709,-1.8438,-3.8627,9.1457,-0.2081,-0.1465,-1.0980
1624600494719,-1.7936,-3.9010,8.9088,-0.2069,-0.1710,-1.0504
1624600494728,-1.6883,-3.8555,9.0189,-0.2179,-0.1978,-1.0040
1624600494738,-1.5065,-3.6737,9.0260,-0.2252,-0.2149,-0.9612
1624600494748,-1.3629,-3.5301,9.0643,-0.2179,-0.2149,-0.9209
1624600494757,-1.2408,-3.3028,9.0356,-0.2179,-0.2149,-0.8793
1624600494767,-1.1284,-3.1425,9.1433,-0.2362,-0.2015,-0.8293
1624600494777,-1.0183,-2.9702,9.0524,-0.2839,-0.2137,-0.7963
1624600494786,-0.9035,-2.7165,8.7222,-0.3621,-0.2516,-0.7841
1624600494796,-0.8508,-2.8123,8.6910,-0.4574,-0.2540,-0.7071
1624600494805,-0.8628,-3.1329,8.5738,-0.5392,-0.2772,-0.6313
1624600494815,-0.8293,-3.8914,8.8322,-0.5405,-0.3212,-0.5837
1624600494824,-0.4799,-4.6691,8.9208,-0.4280,-0.3823,-0.5727
1624600494832,0.0297,-4.9299,9.1217,-0.2680,-0.4336,-0.5837
1624600494841,0.5059,-4.7863,9.2199,-0.1129,-0.4434,-0.5837
1624600494851,0.7165,-4.3293,9.3084,-0.0102,-0.3982,-0.5409
1624600494861,0.6638,-3.8460,9.4185,0.0313,-0.3518,-0.4749
1624600494871,0.5370,-3.4081,9.4400,0.0020,-0.3408,-0.4041
1624600494883,0.4676,-3.1114,9.2510,-0.1031,-0.3640,-0.3247
1624600494892,0.6423,-2.8505,9.2845,-0.3157,-0.4031,-0.2245
1624600494901,0.7308,-2.6136,9.0404,-0.6138,-0.4275,-0.1292
1624600494911,0.7285,-2.8338,8.7963,-0.9155,-0.4690,-0.0339
1624600494921,0.7715,-3.6545,8.5259,-1.0975,-0.5411,0.0308
1624600494930,1.2884,-4.7911,8.8298,-1.1440,-0.6291,0.0491
1624600494940,2.1665,-5.4635,8.3010,-1.0340,-0.6975,0.0198
1624600494949,2.5518,-5.7171,8.4087,-0.7310,-0.5766,-0.0034
1624600494959,2.2886,-5.3080,8.6767,-0.4586,-0.3933,0.0528
1624600494969,1.9966,-5.0950,8.9016,-0.3010,-0.2858,0.1017
1624600494978,1.8507,-5.0328,8.9112,-0.1813,-0.2455,0.0821
1624600494988,1.8028,-4.7528,8.9614,-0.1116,-0.2443,0.0540
1624600494997,1.9416,-4.2934,8.9638,-0.0811,-0.2577,0.0504
1624600495007,2.0828,-3.9249,8.8968,-0.0909,-0.2662,0.0467
1624600495017,2.0684,-3.8268,8.7748,-0.1287,-0.2443,0.0736
1624600495026,2.0086,-3.8268,8.5882,-0.1788,-0.2186,0.0943
1624600495036,1.8985,-3.7407,8.4805,-0.2118,-0.1819,0.1029
1624600495045,1.8794,-3.5588,8.4709,-0.2668,-0.1514,0.1041
1624600495055,1.7574,-3.4727,8.4972,-0.3767,-0.1294,0.1102
1624600495065,1.5707,-3.5684,8.6408,-0.5136,-0.1343,0.1151
1624600495074,1.4774,-3.9656,8.7126,-0.6504,-0.1563,0.1273
1624600495082,1.5157,-4.4657,8.6934,-0.7579,-0.1807,0.1261
1624600495097,1.5635,-4.9682,8.6599,-0.7775,-0.1905,0.1200
1624600495102,1.5683,-5.1979,8.7174,-0.7298,-0.1844,0.1127
1624600495116,1.4966,-5.4587,8.8562,-0.6345,-0.1722,0.1053
1624600495121,1.4966,-5.6095,8.9399,-0.5099,-0.1734,0.0821
1624600495132,1.5540,-5.6478,8.9901,-0.3743,-0.1710,0.0589
1624600495141,1.5851,-5.4850,9.1074,-0.2485,-0.1600,0.0333
1624600495151,1.5612,-5.2816,9.1122,-0.1458,-0.1453,0.0210
1624600495160,1.5372,-4.9873,9.0787,-0.0811,-0.1245,0.0137
1624600495169,1.4942,-4.6667,9.0237,-0.0432,-0.1160,0.0052
1624600495180,1.5061,-4.4920,8.9806,-0.0371,-0.1209,-0.0070
1624600495189,1.5396,-4.4442,8.8131,-0.0652,-0.1355,-0.0144
1624600495199,1.6186,-4.5207,8.6504,-0.0811,-0.1502,-0.0168
1624600495209,1.7263,-4.5255,8.4230,-0.0774,-0.1685,-0.0241
1624600495218,1.8124,-4.5327,8.2627,-0.0701,-0.1770,-0.0266
1624600495228,1.8818,-4.5016,8.0498,-0.0530,-0.1734,-0.0241
1624600495237,1.9057,-4.4513,8.0187,-0.0420,-0.1673,-0.0205
1624600495247,1.9344,-4.5040,7.9876,-0.0310,-0.1746,-0.0144
1624600495257,1.9679,-4.5495,7.8918,-0.0041,-0.1832,-0.0144
1624600495266,2.0182,-4.5112,7.7650,0.0301,-0.1746,-0.0180
1624600495276,1.9775,-4.4059,7.6765,0.0655,-0.1587,-0.0180
1624600495286,1.8722,-4.2958,7.5832,0.0875,-0.1367,-0.0168
1624600495295,1.7957,-4.2240,7.5042,0.0887,-0.1257,-0.0132
1624600495305,1.7909,-4.2097,7.4492,0.0789,-0.1282,-0.0132
1624600495314,1.8244,-4.2743,7.5233,0.0753,-0.1404,-0.0180
1624600495324,1.8842,-4.3963,7.5688,0.0826,-0.1612,-0.0254
1624600495332,1.9799,-4.4801,7.6908,0.1046,-0.1697,-0.0364
1624600495341,1.9871,-4.4513,7.7267,0.1266,-0.1612,-0.0412
1624600495351,1.9368,-4.3461,7.7531,0.1498,-0.1429,-0.0412
1624600495360,1.8650,-4.3389,8.0354,0.1669,-0.1343,-0.0449
1624600495370,1.8890,-4.5303,8.4063,0.1779,-0.1832,-0.0742
1624600495382,2.0302,-4.7983,9.0308,0.1938,-0.2430,-0.0974
1624600495392,2.2862,-5.1189,9.5549,0.2390,-0.2834,-0.1341
1624600495401,2.4513,-5.2840,9.7822,0.2610,-0.2724,-0.1634
1624600495411,2.4441,-5.2577,9.8133,0.2830,-0.2088,-0.1793
1624600495420,2.1881,-4.9754,9.6434,0.2683,-0.1294,-0.1842
1624600495430,1.8866,-4.7122,9.3586,0.2085,-0.0769,-0.1732
1624600495439,1.7358,-4.5255,8.9973,0.1608,-0.0769,-0.1744
1624600495449,1.8196,-4.3030,8.6288,0.1083,-0.1074,-0.1915
1624600495458,2.0469,-4.1331,8.3632,0.0753,-0.1331,-0.2135
1624600495469,2.1976,-4.0876,8.1886,0.0618,-0.1429,-0.2208
1624600495478,2.3293,-4.0278,8.0833,0.0557,-0.1306,-0.2123
1624600495488,2.3532,-3.9034,8.0976,0.0435,-0.1111,-0.1988
1624600495497,2.3197,-3.9321,8.1407,0.0484,-0.1013,-0.1854
1624600495506,2.3388,-4.0374,8.1168,0.0582,-0.1050,-0.1683
1624600495517,2.4369,-4.0230,8.0258,0.0851,-0.0879,-0.1585
1624600495526,2.4848,-3.8723,8.1383,0.0985,-0.0537,-0.1439
1624600495536,2.4250,-3.9249,8.2005,0.0948,-0.0402,-0.1145
1624600495545,2.3915,-4.1307,8.0857,0.0997,-0.0451,-0.0889
1624600495555,2.4034,-4.1786,8.0546,0.1535,-0.0353,-0.0791
1624600495565,2.3986,-4.0733,8.0426,0.2060,-0.0158,-0.0693
1624600495572,2.4010,-4.0063,8.0761,0.2390,0.0025,-0.0571
1624600495581,2.4561,-3.9536,8.0952,0.2365,0.0135,-0.0522
1624600495596,2.4441,-4.0039,8.2101,0.2121,0.0318,-0.0425
1624600495601,2.4944,-4.2001,8.4230,0.1926,0.0392,-0.0376
1624600495615,2.5996,-4.5088,8.4661,0.1804,0.0343,-0.0327
1624600495623,2.7432,-4.5901,8.3824,0.1901,0.0502,-0.0302
1624600495631,2.7289,-4.6021,8.4207,0.2219,0.0905,-0.0302
1624600495639,2.6451,-4.6882,8.4207,0.2756,0.1271,-0.0278
1624600495650,2.6595,-4.5327,8.3919,0.3331,0.1516,-0.0339
1624600495660,2.6236,-4.2695,8.4374,0.3660,0.1833,-0.0351
1624600495669,2.5326,-4.0900,8.5092,0.3660,0.2065,-0.0364
1624600495678,2.5685,-3.7407,8.5403,0.3123,0.2298,-0.0449
1624600495690,2.4704,-3.5110,8.2986,0.2463,0.2566,-0.0645
1624600495699,2.3077,-3.7048,8.4757,0.2243,0.2774,-0.0803
1624600495709,2.2551,-3.5469,8.4111,0.1156,0.2896,-0.0901
1624600495718,2.1809,-3.7646,8.3537,0.0386,0.2957,-0.1048
1624600495728,2.0349,-4.1116,8.3943,0.0032,0.3006,-0.1317
1624600495737,2.0612,-4.2862,8.3824,0.0020,0.2884,-0.1805
1624600495747,2.0612,-4.4011,8.3943,0.0154,0.2737,-0.2208
1624600495757,2.0302,-4.5542,8.5738,0.0582,0.2688,-0.2514
1624600495766,2.0038,-4.6260,8.6887,0.0899,0.2640,-0.2734
1624600495776,2.0182,-4.5566,8.7054,0.1144,0.2628,-0.2844
1624600495786,1.9296,-4.3963,8.7485,0.1168,0.2688,-0.2880
1624600495795,1.7765,-4.1905,8.8131,0.1022,0.2774,-0.2856
1624600495805,1.6497,-4.0565,8.9040,0.0569,0.2664,-0.2770
1624600495814,1.6066,-3.9082,8.9710,0.0044,0.2420,-0.2783
1624600495822,1.5970,-3.7766,9.0883,-0.0506,0.2163,-0.2721
1624600495831,1.6353,-3.7670,9.2175,-0.0896,0.1943,-0.2648
1624600495841,1.6688,-3.6474,9.2940,-0.1080,0.1809,-0.2685
1624600495851,1.6832,-3.5086,9.3251,-0.1177,0.1809,-0.2721
1624600495862,1.6401,-3.4535,9.3060,-0.1287,0.1845,-0.2758
1624600495872,1.5779,-3.4081,9.3371,-0.1361,0.1907,-0.2795
1624600495882,1.5683,-3.3363,9.3850,-0.1495,0.1882,-0.2905
1624600495891,1.5492,-3.3147,9.4520,-0.1801,0.1809,-0.2954
1624600495901,1.5803,-3.3028,9.3945,-0.2130,0.1797,-0.3088
1624600495910,1.5827,-3.5205,9.2390,-0.2509,0.1711,-0.3125
1624600495920,1.5707,-3.7383,9.1170,-0.2778,0.1589,-0.2990
1624600495930,1.4870,-3.9369,9.0476,-0.2839,0.1418,-0.2893
1624600495939,1.5205,-4.1379,8.9662,-0.2766,0.1003,-0.2734
1624600495949,1.5683,-4.2647,8.9758,-0.2375,0.0526,-0.2636
1624600495958,1.6951,-4.3150,9.0260,-0.1654,0.0074,-0.2563
1624600495968,1.8172,-4.2934,9.0524,-0.0860,-0.0329,-0.2416
1624600495978,1.9177,-4.0661,9.1696,-0.0102,-0.0512,-0.2233
1624600495987,1.9368,-3.8292,9.2845,0.0313,-0.0744,-0.1964
1624600495997,1.9823,-3.7670,9.3395,0.0533,-0.1147,-0.1769
1624600496006,2.1641,-3.7024,9.3132,0.0765,-0.1563,-0.1769
1624600496016,2.3484,-3.6282,9.2988,0.1022,-0.1783,-0.1646
1624600496026,2.4297,-3.6426,9.1959,0.1083,-0.1868,-0.1353
1624600496035,2.3915,-3.7646,8.9710,0.1144,-0.1807,-0.1035
1624600496044,2.3149,-3.8005,8.8203,0.1278,-0.1697,-0.0840
1624600496054,2.1713,-3.8412,8.7461,0.1461,-0.1685,-0.0645
1624600496064,2.0924,-3.9728,8.7174,0.1694,-0.1819,-0.0547
1624600496072,2.1043,-4.1140,8.6719,0.2243,-0.2101,-0.0571
1624600496082,2.2240,-4.1307,8.7030,0.2769,-0.2296,-0.0669
1624600496091,2.2766,-4.2719,8.8226,0.3331,-0.2333,-0.0742
1624600496103,2.4034,-4.4920,8.7892,0.3832,-0.2369,-0.0840
1624600496110,2.6427,-4.5662,8.6910,0.4149,-0.2235,-0.0999
1624600496122,2.6499,-4.8246,8.9590,0.4467,-0.2015,-0.1023
1624600496131,2.6810,-5.6956,9.0237,0.5163,-0.2369,-0.0864
1624600496139,3.0614,-6.5283,8.9399,0.6580,-0.3237,-0.0901
1624600496150,3.6070,-7.1720,8.5810,0.8877,-0.4141,-0.0852
1624600496160,4.2411,-7.0739,8.3178,1.1516,-0.4568,-0.0290
1624600496169,4.6479,-6.9279,8.3345,1.3569,-0.4556,0.0760
1624600496179,4.8848,-7.4902,8.2508,1.5340,-0.4495,0.2471
1624600496189,5.1576,-7.7463,7.5114,1.7209,-0.4605,0.4487
1624600496199,5.4016,-7.6290,6.6787,1.9555,-0.4544,0.6991
1624600496208,5.3155,-6.9279,6.3557,2.1730,-0.4116,0.9752
1624600496218,5.0618,-5.3678,6.1283,2.3721,-0.3615,1.2183
1624600496228,4.8154,-3.6378,6.6045,2.4467,-0.3469,1.4835
1624600496237,4.6742,-2.3672,7.2171,2.3367,-0.3994,1.7852
1624600496247,4.6216,-1.4005,7.7004,2.0496,-0.4690,2.0552
1624600496256,4.4445,-0.8789,7.8536,1.6562,-0.5228,2.2996
1624600496266,4.0952,-0.9961,8.0641,1.2494,-0.5680,2.5195
1624600496275,3.8271,-1.3000,8.0474,0.9439,-0.6144,2.6820
1624600496285,3.6046,-1.0009,7.8368,0.6642,-0.6230,2.7858
1624600496295,3.2553,-0.2998,7.8177,0.3929,-0.5778,2.8371
1624600496304,2.6834,0.1333,7.9588,0.1522,-0.4923,2.8054
1624600496313,2.0325,0.2793,8.2436,-0.0579,-0.4129,2.7736
1624600496322,1.6305,0.7243,8.9184,-0.2643,-0.3774,2.6979
1624600496331,1.5683,1.0617,10.1961,-0.4537,-0.3481,2.5195
1624600496341,1.7813,0.8990,10.7489,-0.5930,-0.3102,2.2446
1624600496350,1.9057,1.2603,10.4522,-0.7457,-0.2088,1.9636
1624600496360,1.6951,1.7461,10.7273,-0.8972,-0.0195,1.7510
1624600496372,1.3482,1.7844,10.4570,-1.0194,0.1943,1.5800
1624600496381,0.8744,1.8179,9.9880,-1.2112,0.3739,1.4321
1624600496391,0.3887,1.5044,9.8779,-1.4030,0.4765,1.3075
1624600496400,0.3001,0.0496,9.9162,-1.4299,0.5376,1.1511
1624600496410,0.6710,-0.9602,9.7678,-1.3395,0.6402,0.9178
1624600496420,1.0515,-1.3024,9.7894,-1.1684,0.8357,0.6356
1624600496429,1.0491,-1.4962,10.1626,-0.9485,1.1131,0.3802
1624600496439,0.6734,-1.3000,10.3947,-0.7762,1.3892,0.1848
1624600496449,0.1015,-1.0679,10.6579,-0.5722,1.6201,-0.0070
1624600496458,-0.4512,-0.9913,10.8326,-0.3865,1.7655,-0.2184
1624600496468,-0.8293,-0.8382,10.9355,-0.2594,1.8094,-0.4346
1624600496477,-0.9705,-0.5175,11.0145,-0.1715,1.7899,-0.6460
1624600496487,-0.9896,-0.1825,11.3830,-0.1532,1.7288,-0.8183
1624600496496,-0.9920,-0.3213,11.8041,-0.1898,1.6152,-0.9478
1624600496506,-0.8532,-1.0296,11.9572,-0.2216,1.4539,-1.0504
1624600496515,-0.6833,-1.7092,12.1128,-0.2619,1.2621,-1.1200
1624600496525,-0.4943,-2.2236,11.8352,-0.2191,1.0923,-1.1603
1624600496533,-0.5445,-2.0705,11.3830,-0.1678,0.9884,-1.1518
1624600496542,-0.7671,-1.6805,10.9355,-0.1055,0.9164,-1.1029
1624600496554,-0.9513,-1.4460,10.5551,-0.0652,0.8504,-1.0357
1624600496563,-1.1021,-1.5010,10.3612,-0.0884,0.7636,-0.9734
1624600496571,-1.0949,-2.0944,10.1961,-0.1324,0.6488,-0.9209
1624600496581,-0.8341,-2.8290,9.8898,-0.1837,0.5205,-0.8696
1624600496591,-0.3675,-3.3793,9.4591,-0.2387,0.3996,-0.8097
1624600496600,-0.0540,-3.7837,8.9806,-0.2582,0.3238,-0.7315
1624600496613,0.0250,-4.1163,8.6169,-0.2326,0.3153,-0.6423
1624600496619,-0.2717,-4.2695,8.5020,-0.1849,0.3495,-0.5531
1624600496629,-0.7958,-4.7337,8.9566,-0.0799,0.3531,-0.4969
1624600496639,-1.0111,-5.5736,8.8203,0.1229,0.2835,-0.4847
1624600496650,-0.8604,-5.8105,8.3752,0.2732,0.1723,-0.4957
1624600496659,-0.6355,-5.7004,8.1694,0.4296,0.0624,-0.4982
1624600496668,-0.4321,-5.4755,7.7674,0.5994,-0.0060,-0.4847
1624600496678,-0.3507,-4.9969,7.3511,0.6996,-0.0280,-0.4530
1624600496688,-0.4488,-4.4370,7.3654,0.7069,-0.0598,-0.3748
1624600496698,-0.6714,-4.1905,7.6430,0.6800,-0.1221,-0.2685
1624600496707,-0.7671,-4.4274,8.0378,0.6361,-0.2186,-0.1817
1624600496717,-0.6331,-5.0137,8.6504,0.5896,-0.3774,-0.1145
1624600496727,-0.0947,-5.6358,8.8203,0.6043,-0.5643,-0.0669
1624600496736,0.6112,-5.5473,8.7317,0.6544,-0.6902,-0.0278
1624600496746,1.1137,-5.0208,8.7461,0.7741,-0.7073,0.0174
1624600496756,1.1951,-4.4107,8.7389,0.9134,-0.6132,0.1041
1624600496765,0.7787,-3.7885,8.6958,0.9586,-0.4715,0.1970
1624600496773,0.2020,-3.5134,8.9566,0.9195,-0.3786,0.2776
1624600496785,-0.1569,-3.4846,9.0500,0.8352,-0.3664,0.3301
1624600496794,-0.1617,-3.2406,8.9686,0.6727,-0.3933,0.3509
1624600496803,0.0369,-2.7429,9.0284,0.4858,-0.4043,0.3472
1624600496812,0.1877,-2.5443,9.7200,0.3624,-0.3884,0.3253
1624600496821,0.4628,-3.2286,10.1387,0.3086,-0.3750,0.2984
1624600496831,0.8912,-3.7670,10.2440,0.2378,-0.3762,0.2691
1624600496840,1.3458,-3.7574,9.9162,0.2305,-0.3334,0.2422
1624600496851,1.4918,-3.5157,9.6171,0.3318,-0.1734,0.2507
1624600496861,1.2142,-3.1305,9.4280,0.4308,0.0514,0.2703
1624600496870,0.7117,-2.6950,9.2773,0.4491,0.2371,0.2886
1624600496881,0.2547,-2.3433,9.2151,0.4039,0.3446,0.3033
1624600496890,-0.0061,-2.1877,9.2318,0.3282,0.3959,0.3069
1624600496900,-0.0971,-2.0346,9.2510,0.1987,0.4167,0.2923
1624600496909,-0.0779,-2.0633,9.3874,0.0618,0.4216,0.2727
1624600496917,-0.0061,-2.4318,9.5812,-0.0371,0.4118,0.2569
1624600496929,0.2403,-2.9391,9.3730,-0.0921,0.3715,0.2336
1624600496937,0.6303,-3.2884,9.0213,-0.1141,0.3360,0.2092
1624600496948,0.9031,-3.2573,8.6408,-0.0835,0.3324,0.1896
1624600496957,0.8720,-2.9893,8.5379,0.0069,0.3813,0.1823
1624600496967,0.5825,-2.8051,8.6193,0.1461,0.4521,0.2019
1624600496976,0.2355,-2.6160,8.7461,0.2622,0.5034,0.2287
1624600496986,0.0130,-2.5084,8.9016,0.3147,0.5120,0.2397
1624600496996,-0.0325,-2.4820,9.0021,0.3367,0.4973,0.2324
1624600497005,0.1207,-2.2811,9.1146,0.3037,0.4619,0.2165
1624600497015,0.3312,-2.2404,9.2127,0.2488,0.4106,0.2080
1624600497025,0.5777,-2.2452,9.2653,0.1987,0.3800,0.2153
1624600497034,0.7931,-2.1566,9.3036,0.1180,0.3409,0.2238
1624600497044,0.8888,-2.0681,9.5501,0.0325,0.3018,0.2275
1624600497052,0.9175,-2.0346,9.7224,-0.0310,0.2664,0.2336
1624600497061,0.9725,-2.0944,9.6817,-0.0847,0.2395,0.2214
1624600497071,1.0993,-2.3672,9.6075,-0.0860,0.2041,0.2019
1624600497081,1.3099,-2.5466,9.3706,-0.0444,0.1772,0.1872
1624600497091,1.5731,-2.5634,9.3204,-0.0017,0.1895,0.1835
1624600497100,1.6712,-2.3696,9.3491,-0.0151,0.2139,0.2116
1624600497109,1.5970,-2.2164,9.4161,-0.0408,0.2505,0.2471
1624600497124,1.4463,-2.2284,9.4591,-0.0628,0.3018,0.2764
1624600497129,1.2860,-2.0753,9.4113,-0.1312,0.3275,0.2861
1624600497139,1.2166,-2.0705,9.1074,-0.1801,0.3165,0.2739
1624600497148,1.2668,-2.1447,8.7461,-0.1861,0.2884,0.2691
1624600497158,1.4391,-2.1662,8.7269,-0.1752,0.2420,0.2910
1624600497169,1.8124,-2.1207,8.6743,-0.0933,0.1943,0.3167
1624600497178,2.1785,-1.9054,8.7222,0.0032,0.2004,0.3424
1624600497187,2.2790,-1.6326,8.6910,0.0704,0.2566,0.4083
1624600497198,2.0182,-1.5728,8.6934,0.1046,0.3470,0.4939
1624600497208,1.4630,-1.7235,8.9495,0.0948,0.4179,0.5818
1624600497217,1.0730,-2.2069,9.1146,0.0838,0.3923,0.6148
1624600497227,1.1257,-2.5634,8.9136,0.0851,0.2896,0.5782
1624600497236,1.5157,-2.5897,8.6910,0.0643,0.1699,0.5220
1624600497246,1.8866,-2.7477,8.6193,0.0802,0.0978,0.4804
1624600497254,2.2407,-2.9821,8.3273,0.1437,0.0734,0.4597
1624600497265,2.4632,-3.1784,8.1814,0.2390,0.0770,0.4609
1624600497275,2.7097,-3.3626,8.0282,0.4039,0.1222,0.4865
1624600497285,2.8916,-3.0013,8.1024,0.5701,0.2127,0.5171
1624600497294,2.9586,-2.2356,8.2723,0.6739,0.3324,0.5476
1624600497302,2.7552,-1.4053,8.3537,0.6605,0.4949,0.5904
1624600497311,2.2335,-0.5893,8.4829,0.4565,0.6598,0.6405
1624600497321,1.4750,-0.2495,8.5403,0.1425,0.7771,0.6710
1624600497330,0.7500,-0.4577,8.2723,-0.1984,0.8345,0.6832
1624600497340,0.2020,-0.6803,7.8942,-0.5649,0.8260,0.6918
1624600497350,-0.3962,-0.9818,7.7602,-0.8324,0.7661,0.7064
1624600497360,-0.9202,-1.7187,7.9923,-0.9387,0.6903,0.7211
1624600497370,-1.2432,-2.8242,8.2938,-0.9155,0.5731,0.6918
1624600497380,-1.2552,-3.7239,8.9519,-0.8190,0.4216,0.5965
1624600497390,-1.1810,-3.9776,9.8085,-0.7200,0.2676,0.4731
1624600497400,-1.2193,-3.7144,10.8542,-0.6883,0.1406,0.3448
1624600497409,-1.4418,-3.6306,11.7539,-0.7506,0.0184,0.2458
1624600497418,-1.6955,-3.9799,12.2300,-0.8862,-0.1306,0.1970
1624600497428,-1.9084,-4.5877,12.3521,-1.0169,-0.2956,0.1713
1624600497438,-1.9419,-5.0567,11.9333,-1.0585,-0.4446,0.1567
1624600497447,-1.8486,-5.2697,11.1891,-0.9790,-0.5399,0.1799
1624600497457,-1.6261,-5.1907,10.2057,-0.7628,-0.5582,0.2569
1624600497467,-1.5304,-4.7935,9.2964,-0.4488,-0.4764,0.3472
1624600497476,-1.7577,-4.1163,8.8418,-0.1507,-0.3261,0.4364
1624600497485,-2.1788,-3.3100,8.9399,0.1022,-0.1832,0.5061
1624600497495,-2.4707,-2.6806,9.3084,0.2769,-0.0976,0.5183
1624600497505,-2.5904,-2.1829,9.5955,0.3575,-0.0634,0.4572
1624600497515,-2.4779,-1.7738,9.7965,0.3636,-0.0622,0.3448
1624600497524,-2.1262,-1.3909,9.9234,0.3490,-0.0806,0.2251
1624600497534,-1.6692,-1.0679,9.8564,0.2940,-0.0940,0.1261
1624600497542,-1.3270,-0.9124,9.6195,0.1950,-0.0964,0.0565
1624600497552,-1.0566,-0.9961,9.4663,0.0765,-0.0915,0.0076
1624600497561,-0.8795,-1.1588,9.2892,-0.0493,-0.0915,-0.0254
1624600497571,-0.7264,-1.4962,9.1720,-0.1752,-0.0989,-0.0315
1624600497582,-0.6331,-2.0490,9.1911,-0.2766,-0.1086,-0.0193
1624600497595,-0.6426,-2.6615,9.2438,-0.3633,-0.1184,0.0125
1624600497600,-0.6690,-3.2382,9.2199,-0.4097,-0.1221,0.0589
1624600497613,-0.7240,-3.5875,9.2127,-0.3999,-0.1184,0.0797
1624600497619,-0.7934,-3.5708,9.1505,-0.3523,-0.1013,0.0724
1624600497630,-0.9011,-3.4799,9.1313,-0.2912,-0.0793,0.0724
1624600497638,-0.9896,-3.4464,9.1672,-0.2204,-0.0622,0.0711
1624600497649,-1.0638,-3.5205,9.1457,-0.1849,-0.0500,0.0589
1624600497658,-1.1834,-3.6569,9.0476,-0.1202,-0.0488,0.0455
1624600497668,-1.2504,-3.6354,9.0141,-0.0664,-0.0512,0.0223
1624600497678,-1.2145,-3.5157,9.0619,-0.0188,-0.0634,-0.0132
1624600497688,-1.1451,-3.3770,9.0380,0.0166,-0.0879,-0.0315
1624600497697,-1.0351,-3.3124,8.9925,0.0484,-0.1086,-0.0302
1624600497707,-0.9585,-3.1138,8.9854,0.0716,-0.1196,-0.0241
1624600497717,-0.9106,-2.9056,8.9758,0.0838,-0.1233,-0.0083
1624600497726,-0.9226,-2.7118,8.9854,0.0692,-0.1245,0.0125
1624600497736,-0.9370,-2.6496,9.0835,0.0215,-0.1319,0.0345
1624600497745,-0.9609,-2.8075,9.1409,-0.0432,-0.1453,0.0467
1624600497755,-0.8891,-2.9869,9.1672,-0.0835,-0.1636,0.0455
1624600497765,-0.7862,-3.0635,9.1696,-0.1275,-0.1819,0.0394
1624600497774,-0.6738,-3.1138,9.2318,-0.1422,-0.1856,0.0259
1624600497784,-0.6068,-3.2023,9.2677,-0.1324,-0.1770,0.0125
1624600497792,-0.5565,-3.1879,9.2486,-0.0982,-0.1587,-0.0083
1624600497801,-0.5158,-2.9869,9.1768,-0.0506,-0.1221,-0.0278
1624600497811,-0.5637,-2.7142,9.1241,-0.0249,-0.0769,-0.0364
1624600497821,-0.7407,-2.4677,9.1050,-0.0273,-0.0280,-0.0412
1624600497830,-0.9226,-2.4174,9.1194,-0.0689,0.0013,-0.0486
1624600497842,-0.9920,-2.5155,9.1074,-0.1446,-0.0060,-0.0510
1624600497851,-0.9705,-2.7644,9.1002,-0.2277,-0.0207,-0.0547
1624600497861,-0.9705,-3.1664,9.1433,-0.2717,-0.0243,-0.0596
1624600497870,-1.0063,-3.5708,9.1529,-0.2619,-0.0170,-0.0730
1624600497880,-1.0183,-3.7861,9.1337,-0.2252,-0.0060,-0.0974
1624600497890,-0.9633,-3.6617,9.1002,-0.1409,-0.0011,-0.1304
1624600497900,-0.8341,-3.3483,9.0835,-0.0774,0.0001,-0.1524
1624600497909,-0.8149,-3.0491,9.0260,-0.0371,-0.0024,-0.1549
1624600497919,-0.8723,-2.9510,8.9471,-0.0200,-0.0048,-0.1463
1624600497928,-0.9346,-2.8840,8.8705,-0.0334,-0.0207,-0.1317
1624600497938,-0.9657,-2.8888,8.8226,-0.0835,-0.0463,-0.1207
1624600497947,-0.9824,-2.9558,8.8298,-0.1409,-0.0806,-0.1084
1624600497957,-0.9035,-3.1209,8.7796,-0.1971,-0.1135,-0.0779
1624600497966,-0.8723,-3.2860,8.8011,-0.2460,-0.1245,-0.0498
1624600497976,-0.9561,-3.4464,8.9279,-0.2729,-0.1257,-0.0327
1624600497986,-1.0159,-3.6210,8.9471,-0.2668,-0.1306,-0.0193
1624600497996,-0.9059,-3.6521,8.8944,-0.2216,-0.1453,-0.0302
1624600498005,-0.7551,-3.4703,8.9973,-0.1727,-0.1514,-0.0620
1624600498014,-0.6618,-3.2765,9.0859,-0.1409,-0.1612,-0.0828
1624600498023,-0.6498,-3.2717,9.0907,-0.1373,-0.1770,-0.0889
1624600498032,-0.6378,-3.3363,8.9901,-0.1434,-0.1917,-0.0962
1624600498042,-0.6163,-3.3506,8.9399,-0.1251,-0.2174,-0.1170
1624600498051,-0.5565,-3.3554,9.0260,-0.1092,-0.2369,-0.1304
1624600498061,-0.4823,-3.4105,9.0978,-0.1080,-0.2504,-0.1243
1624600498071,-0.4010,-3.6019,9.1289,-0.1129,-0.2601,-0.1194
1624600498081,-0.3435,-3.7670,9.1337,-0.1177,-0.2528,-0.1133
1624600498093,-0.3196,-3.8077,9.1935,-0.1116,-0.2357,-0.1084
1624600498099,-0.2981,-3.7550,9.2916,-0.0872,-0.2113,-0.1121
1624600498110,-0.2406,-3.6019,9.3371,-0.0713,-0.1966,-0.1060
1624600498119,-0.1736,-3.5134,9.2605,-0.0847,-0.1844,-0.0877
1624600498129,-0.1306,-3.5229,9.1720,-0.1092,-0.1697,-0.0608
1624600498138,-0.1880,-3.6402,9.0954,-0.1495,-0.1465,-0.0400
1624600498148,-0.2574,-3.8268,9.0069,-0.1678,-0.1294,-0.0302
1624600498158,-0.3244,-3.9919,8.9854,-0.1581,-0.1221,-0.0315
1624600498167,-0.2933,-4.0087,8.9925,-0.1177,-0.1184,-0.0425
1624600498177,-0.2239,-3.7455,9.1098,-0.0872,-0.1062,-0.0535
1624600498185,-0.1880,-3.6043,9.2031,-0.0701,-0.0891,-0.0498
1624600498197,-0.2071,-3.5205,9.2031,-0.0628,-0.0744,-0.0327
1624600498207,-0.2406,-3.5947,9.1888,-0.0762,-0.0708,-0.0205
1624600498216,-0.2430,-3.7096,9.0428,-0.0762,-0.0757,-0.0205
1624600498226,-0.1832,-3.6545,8.9782,-0.0713,-0.0708,-0.0376
1624600498236,-0.1521,-3.5086,8.9351,-0.0823,-0.0647,-0.0535
1624600498245,-0.2263,-3.4200,8.9088,-0.0774,-0.0475,-0.0645
1624600498254,-0.3363,-3.2693,8.9949,-0.0750,-0.0280,-0.0730
1624600498263,-0.3890,-3.0683,9.0883,-0.0701,-0.0158,-0.0852
1624600498272,-0.3794,-2.9510,9.1122,-0.1055,-0.0305,-0.1011
1624600498282,-0.4369,-2.9654,9.0859,-0.1788,-0.0549,-0.1109
1624600498291,-0.5015,-3.2501,9.0213,-0.2643,-0.0781,-0.1145
1624600498303,-0.4919,-3.6426,8.9973,-0.3266,-0.0976,-0.1317
1624600498312,-0.3746,-3.7311,8.9566,-0.3767,-0.1074,-0.1610
1624600498322,-0.2430,-3.9393,8.9064,-0.3743,-0.1196,-0.1610
1624600498332,-0.1210,-4.0159,8.8370,-0.3450,-0.1147,-0.1512
1624600498341,-0.0253,-3.8914,8.9136,-0.3279,-0.0915,-0.1487
1624600498351,0.0106,-3.7144,8.9590,-0.3169,-0.0708,-0.1219
1624600498360,0.0489,-3.6880,9.0619,-0.3108,-0.0610,-0.0706
1624600498370,0.1111,-3.9153,9.0117,-0.3279,-0.0573,-0.0144
1624600498380,0.0800,-4.4370,8.8394,-0.3193,-0.0524,0.0296
1624600498389,0.0465,-4.8318,8.6671,-0.2937,-0.0378,0.0504
1624600498399,0.0297,-4.8653,8.6982,-0.1959,-0.0085,0.0357
1624600498408,-0.0349,-4.6212,8.8442,-0.1275,0.0355,0.0137
1624600498418,-0.1521,-4.3341,8.8418,-0.1043,0.0624,0.0003
1624600498428,-0.2311,-4.2623,8.7054,-0.0713,0.0587,0.0052
1624600498437,-0.2215,-4.2767,8.5547,-0.0554,0.0392,0.0174
1624600498447,-0.2048,-4.2384,8.5283,-0.0310,0.0282,0.0186
1624600498457,-0.2670,-4.2312,8.5475,-0.0115,0.0208,0.0198
1624600498466,-0.3842,-4.3078,8.5451,0.0044,0.0147,0.0296
1624600498476,-0.4273,-4.3413,8.4948,0.0472,0.0037,0.0296
1624600498485,-0.4225,-4.3173,8.5092,0.1009,-0.0085,0.0198
1624600498495,-0.4201,-4.1714,8.5714,0.1388,-0.0195,0.0174
1624600498503,-0.4273,-3.9560,8.6408,0.1620,-0.0219,0.0125
1624600498513,-0.3938,-3.8364,8.7820,0.1730,-0.0292,0.0064
1624600498522,-0.4440,-3.6689,8.9327,0.1327,-0.0268,-0.0119
1624600498533,-0.4081,-3.7191,8.9064,0.1107,-0.0488,-0.0241
1624600498544,-0.2430,-3.8651,8.7724,0.1205,-0.0879,-0.0009
1624600498553,-0.0995,-3.7407,8.8346,0.1376,-0.0915,-0.0156
1624600498562,-0.0564,-3.4823,8.9423,0.1522,-0.0708,-0.0388
1624600498572,-0.0899,-3.3171,8.9208,0.1119,-0.0634,-0.0302
1624600498581,-0.1760,-3.2095,8.9375,0.0728,-0.0561,-0.0217
1624600498590,-0.3053,-3.1808,8.9686,0.0350,-0.0561,-0.0290
1624600498599,-0.3794,-3.1329,8.9782,-0.0261,-0.0683,-0.0388
1624600498609,-0.3818,-3.2119,9.0141,-0.0957,-0.1001,-0.0486
1624600498618,-0.3076,-3.4464,8.9040,-0.1642,-0.1416,-0.0510
1624600498629,-0.1856,-3.7909,8.7820,-0.1910,-0.1758,-0.0559
1624600498639,-0.0061,-4.0565,8.8250,-0.1617,-0.1795,-0.0620
1624600498649,0.0752,-3.9943,8.9543,-0.1202,-0.1477,-0.0767
1624600498658,0.0991,-4.1211,8.9782,-0.1080,-0.1160,-0.0681
1624600498668,0.0991,-4.3748,8.8873,-0.0945,-0.1074,-0.0351
1624600498678,0.1470,-4.5207,8.7485,-0.0786,-0.0940,-0.0217
1624600498687,0.1661,-4.5758,8.7198,-0.0469,-0.0757,-0.0229
1624600498697,0.1757,-4.5088,8.6863,-0.0224,-0.0647,-0.0144
1624600498707,0.1661,-4.4609,8.7700,0.0044,-0.0549,0.0015
1624600498717,0.1661,-4.3556,8.8203,0.0056,-0.0463,0.0186
1624600498726,0.0441,-4.4992,8.7150,0.0069,-0.0475,0.0320
1624600498734,-0.0038,-4.8198,8.8274,0.0386,-0.0573,0.0394
1624600498743,0.0848,-4.5758,8.8801,0.0777,-0.0671,0.0259
1624600498753,0.1709,-4.4178,8.9519,0.1070,-0.0610,0.0113
1624600498762,0.1661,-4.3269,8.9399,0.1046,-0.0549,0.0235
1624600498772,0.1733,-4.1881,8.8777,0.1131,-0.0463,0.0320
1624600498784,0.1398,-4.0637,8.8777,0.1315,-0.0341,0.0394
1624600498793,0.1398,-3.8795,8.8920,0.1400,-0.0292,0.0418
1624600498802,0.1398,-3.6928,8.9495,0.1180,-0.0256,0.0479
1624600498812,0.1255,-3.7191,8.9088,0.0863,-0.0280,0.0614
1624600498822,0.1446,-3.9799,8.9088,0.0961,-0.0182,0.0834
1624600498831,0.0728,-4.2432,8.7892,0.1351,-0.0048,0.1066
1624600498839,0.0776,-4.2743,8.8370,0.1840,0.0147,0.1127
1624600498849,0.0130,-4.0900,8.9303,0.2243,0.0379,0.1041
1624600498860,-0.0516,-3.9536,8.9662,0.2109,0.0392,0.1017
1624600498870,-0.0755,-3.8125,8.9614,0.1913,0.0355,0.0943
1624600498880,-0.0612,-3.6569,8.9447,0.1754,0.0233,0.0870
1624600498889,-0.0468,-3.6426,8.9016,0.1608,0.0099,0.0907
1624600498899,-0.0109,-3.5851,8.9351,0.1400,-0.0024,0.0980
1624600498909,0.0034,-3.5708,8.8777,0.1168,0.0013,0.1078
1624600498918,-0.0181,-3.6210,8.8896,0.0924,0.0062,0.1249
1624600498928,-0.0325,-3.7144,8.9327,0.0704,0.0111,0.1396
1624600498937,-0.0349,-3.8268,8.9543,0.0704,0.0221,0.1396
1624600498947,-0.0947,-3.9799,8.9614,0.0887,0.0331,0.1225
1624600498957,-0.1138,-3.9058,8.9423,0.1266,0.0392,0.1053
1624600498965,-0.0779,-3.6138,9.0284,0.1474,0.0490,0.0834
1624600498974,-0.1234,-3.4870,9.0643,0.1437,0.0563,0.0675
1624600498983,-0.1258,-3.5014,9.0260,0.1254,0.0392,0.0663
1624600498993,-0.1473,-3.4966,9.0213,0.0997,0.0233,0.0528
1624600499003,-0.1449,-3.4775,8.9901,0.0741,0.0123,0.0418
1624600499012,-0.0899,-3.4200,8.9566,0.0484,0.0025,0.0369
1624600499022,-0.1378,-3.4775,8.9232,0.0215,0.0013,0.0430
1624600499031,-0.1378,-3.5253,8.9303,0.0044,0.0037,0.0516
1624600499045,-0.1976,-3.6737,8.9447,-0.0054,0.0074,0.0614
1624600499052,-0.1928,-3.8148,9.0069,-0.0066,0.0001,0.0638
1624600499060,-0.1354,-3.8292,9.0547,0.0179,0.0025,0.0540
1624600499069,-0.0923,-3.7766,9.0524,0.0435,0.0159,0.0382
1624600499079,-0.0588,-3.7933,9.0284,0.0606,0.0196,0.0308
1624600499089,-0.0014,-3.5923,8.9423,0.0741,0.0233,0.0235
1624600499100,-0.0468,-3.4344,9.0045,0.0655,0.0428,0.0052
1624600499108,-0.0875,-3.3985,9.0332,0.0240,0.0538,0.0027
1624600499118,-0.1162,-3.5540,8.9878,0.0020,0.0502,0.0125
1624600499127,-0.1736,-3.6976,8.9782,-0.0151,0.0502,0.0101
1624600499137,-0.1258,-3.6785,8.9375,-0.0078,0.0465,0.0027
1624600499147,-0.0851,-3.5995,8.9901,0.0069,0.0502,-0.0034
1624600499159,-0.1090,-3.6210,8.9758,0.0105,0.0538,-0.0095
1624600499166,-0.1306,-3.7526,8.9614,0.0020,0.0563,0.0003
1624600499179,-0.1473,-3.7191,8.9710,-0.0005,0.0697,0.0076
1624600499185,-0.2143,-3.6545,9.0452,-0.0090,0.0917,0.0064
1624600499194,-0.1976,-3.6689,8.9854,-0.0261,0.1064,0.0198
1624600499206,-0.2287,-3.7814,9.0045,-0.0383,0.1198,0.0320
1624600499214,-0.2143,-3.8651,8.9495,-0.0420,0.1271,0.0491
1624600499225,-0.2048,-3.8938,8.8992,-0.0359,0.1442,0.0516
1624600499234,-0.2119,-3.8890,8.8873,-0.0261,0.1601,0.0491
1624600499243,-0.2502,-3.8890,8.8490,-0.0212,0.1650,0.0467
1624600499252,-0.2622,-3.8771,8.7892,-0.0115,0.1638,0.0382
1624600499262,-0.3124,-3.8196,8.7724,0.0044,0.1626,0.0308
1624600499271,-0.3675,-3.7000,8.8346,0.0215,0.1564,0.0284
1624600499281,-0.3818,-3.6138,8.9160,0.0191,0.1479,0.0284
1624600499291,-0.3938,-3.6689,8.9327,-0.0115,0.1345,0.0406
1624600499300,-0.4440,-3.8771,8.8538,-0.0432,0.1100,0.0687
1624600499310,-0.4177,-3.9489,8.7963,-0.0432,0.0917,0.0821
1624600499320,-0.4105,-3.9752,8.8035,-0.0115,0.0856,0.0846
1624600499329,-0.3962,-3.9201,8.8562,0.0118,0.0831,0.0882
1624600499339,-0.3962,-3.8412,8.8873,0.0289,0.0758,0.0870
1624600499350,-0.4249,-3.8555,8.8322,0.0350,0.0660,0.0919
1624600499359,-0.4488,-3.8388,8.8203,0.0631,0.0551,0.0943
1624600499369,-0.4488,-3.7407,8.9136,0.0875,0.0514,0.0882
1624600499379,-0.4775,-3.5732,9.0428,0.1058,0.0392,0.0895
1624600499389,-0.4608,-3.4799,9.1217,0.1046,0.0208,0.0992
1624600499398,-0.4775,-3.4799,9.1194,0.0826,0.0086,0.1102
1624600499408,-0.4847,-3.5445,9.1074,0.0618,0.0025,0.1090
