1635586179499,1.5010,-2.2207,9.5781,-0.2075,0.0003,-0.0022
1635586179500,1.3662,-2.2637,9.4609,-0.1692,0.0045,0.0010
1635586179519,1.3740,-2.2266,9.4375,-0.1033,-0.0338,0.0042
1635586179522,1.5225,-2.2266,9.4297,-0.0714,-0.0370,-0.0001
1635586179531,1.5439,-2.1641,9.4375,-0.0511,-0.0104,0.0020
1635586179574,1.4766,-2.1289,9.3984,-0.0246,0.0109,0.0095
1635586179576,1.4023,-2.1465,9.3906,-0.0161,0.0205,0.0031
1635586179579,1.3662,-2.0801,9.4063,-0.0384,0.0247,-0.0118
1635586179582,1.3809,-2.1035,9.4063,-0.0660,0.0237,-0.0171
1635586179583,1.3838,-2.1113,9.3906,-0.0862,0.0237,-0.0139
1635586179603,1.3496,-2.1035,9.3984,-0.0895,0.0152,-0.0246
1635586179604,1.3613,-2.0684,9.4609,-0.0842,-0.0061,-0.0235
1635586179605,1.3545,-2.1367,9.4141,-0.1118,-0.0093,-0.0309
1635586179631,1.3525,-2.3184,9.3203,-0.1001,-0.0157,-0.0363
1635586179632,1.3809,-2.3086,9.3516,-0.0246,-0.0168,-0.0139
1635586179633,1.4004,-2.1582,9.2891,-0.0022,0.0066,-0.0033
1635586179655,1.3711,-2.1074,9.2734,-0.0118,0.0269,0.0116
1635586179661,1.3740,-1.8574,9.2813,-0.0150,0.0290,0.0265
1635586179663,1.4189,-1.8311,9.2344,-0.0458,0.0269,0.0329
1635586179686,1.4238,-1.9893,9.1172,-0.1075,0.0354,0.0382
1635586179687,1.1699,-1.8408,8.9609,-0.1362,0.0375,0.0042
1635586179688,0.8975,-1.6299,8.8672,-0.1012,-0.0349,-0.1310
1635586179716,1.5586,-1.4717,8.8672,-0.0980,-0.1370,-0.2032
1635586179717,2.0254,-1.4961,8.9688,-0.2649,-0.0806,-0.1011
1635586179718,1.7021,-1.4336,9.0156,-0.4246,0.0385,-0.0597
1635586179748,1.5586,-1.1650,9.2031,-0.4353,0.0630,-0.0607
1635586179749,1.8359,-0.8208,9.0625,-0.4937,0.0630,-0.0660
1635586179750,2.0684,-0.4309,8.6875,-0.6460,0.1449,-0.0735
1635586179779,2.0938,0.0048,8.4531,-0.9385,0.1705,-0.1351
1635586179781,2.2109,-0.0503,8.3125,-1.2861,0.2290,-0.0714
1635586179782,2.3965,-0.1938,8.3594,-1.4766,0.3044,-0.0363
1635586179806,2.0293,-1.0508,8.5234,-1.5215,0.4280,0.0137
1635586179807,1.5625,-1.8311,8.7031,-1.5293,0.5493,0.0361
1635586179813,1.3447,-2.0371,8.9219,-1.4248,0.6309,0.0127
1635586179836,1.4219,-1.8311,9.5000,-1.2422,0.6172,-0.0267
1635586179838,2.0059,-1.7305,9.5469,-1.2021,0.6045,-0.0660
1635586179840,2.1680,-1.4482,9.2500,-1.3896,0.7046,-0.0373
1635586179866,2.0547,-1.8672,9.1563,-1.7188,0.8374,-0.1522
1635586179868,2.2969,-2.7012,9.0547,-2.1445,0.9355,-0.3352
1635586179869,2.5195,-3.6426,8.6406,-2.4785,1.1260,-0.3777
1635586179896,2.3242,-4.1758,8.1953,-2.4863,1.3350,-0.3843
1635586179897,2.1074,-4.0273,7.8203,-2.1660,1.4736,-0.4534
1635586179899,2.0410,-3.6934,7.7422,-1.8750,1.5684,-0.5342
1635586179929,2.1699,-3.6641,7.8008,-1.7793,1.6738,-0.6172
1635586179930,2.1543,-3.7930,7.9102,-1.8213,1.8145,-0.7065
1635586179932,1.8672,-4.0742,7.8789,-1.9326,1.9443,-0.7212
1635586179959,1.7354,-4.5234,7.9648,-2.0176,2.0059,-0.7173
1635586179962,1.7617,-4.8906,7.7422,-2.0918,2.0625,-0.7896
1635586179965,1.3740,-4.6758,7.5977,-2.1113,2.1172,-0.8599
1635586179987,1.1133,-4.3945,7.5117,-2.2988,2.1406,-0.8682
1635586179989,1.1035,-4.7461,7.1289,-2.7285,2.1855,-0.9653
1635586179997,0.7227,-4.9961,6.8711,-3.4707,2.4102,-1.0840
1635586180018,0.2106,-6.3516,6.0586,-3.3730,2.4570,-1.1445
1635586180020,0.1938,-7.3008,6.0469,-3.1680,2.4004,-1.1709
1635586180021,0.2155,-7.8867,5.8789,-2.9043,2.4180,-1.1846
1635586180051,-0.0909,-7.8281,5.7969,-2.7109,2.4570,-1.1777
1635586180053,-0.4092,-7.7539,5.5898,-2.6113,2.4551,-1.1895
1635586180054,-0.4932,-7.7891,5.0352,-2.5195,2.4531,-1.1924
1635586180085,-0.6919,-7.4570,4.4375,-2.4844,2.4863,-1.1328
1635586180087,-1.1631,-6.6563,3.7363,-2.5488,2.5430,-0.9917
1635586180096,-1.6133,-5.8633,3.1641,-2.7617,2.5742,-0.8511
1635586180099,-1.9385,-5.7617,2.8008,-3.1895,2.5605,-0.7129
1635586180100,-2.0527,-6.8047,2.6094,-3.7246,2.5176,-0.6235
1635586180132,-1.8525,-8.8203,2.4570,-4.1094,2.4961,-0.6226
1635586180134,-1.6367,-11.0156,2.1875,-3.9824,2.5078,-0.6641
1635586180136,-1.7158,-11.4609,2.0176,-3.4316,2.5000,-0.6978
1635586180157,-2.1016,-10.2031,1.7783,-2.8926,2.4277,-0.5991
1635586180164,-2.4102,-8.6953,1.1992,-2.6934,2.3223,-0.5669
1635586180166,-2.6230,-8.0781,0.5288,-2.7539,2.2305,-0.6396
1635586180177,-2.8320,-8.4922,0.0096,-3.0078,2.1133,-0.6563
1635586180178,-2.6563,-10.1016,-0.1364,-3.2383,1.9463,-0.6147
1635586180209,-2.0488,-11.8906,-0.2944,-3.1836,1.8027,-0.6045
1635586180211,-1.8428,-12.2422,-0.4236,-2.7344,1.7734,-0.5947
1635586180212,-2.2598,-11.2578,-0.3542,-2.1602,1.7119,-0.4905
1635586180238,-2.5664,-10.0859,-0.3782,-1.7461,1.5625,-0.4480
1635586180240,-2.5273,-9.4297,-0.5215,-1.5771,1.4014,-0.4683
1635586180241,-2.4004,-9.1641,-1.0430,-1.5586,1.2803,-0.4990
1635586180268,-2.2813,-8.8438,-1.2490,-1.5771,1.1670,-0.4778
1635586180270,-2.0586,-8.6484,-1.0908,-1.7832,1.0498,-0.4458
1635586180271,-1.9072,-8.7109,-1.9033,-1.8330,1.0137,-0.5488
1635586180298,-2.0078,-8.4688,-2.2344,-1.7910,0.9194,-0.5576
1635586180300,-1.6826,-8.3906,-1.8457,-2.0176,0.7271,-0.5137
1635586180301,-1.2041,-8.6484,-1.9580,-2.2441,0.6450,-0.5117
1635586180328,-1.1748,-9.1719,-2.0215,-2.2363,0.6011,-0.4417
1635586180330,-1.2588,-9.5078,-2.5273,-2.1777,0.3938,-0.4087
1635586180331,-1.0342,-8.6328,-2.0117,-2.4063,0.1769,-0.3726
1635586180358,-0.3950,-10.8125,-1.9004,-2.7695,0.1854,-0.3149
1635586180360,-0.9312,-12.8828,-3.4180,-2.0430,0.3716,-0.6279
1635586180361,-1.5176,-11.4375,-2.9863,-0.9277,0.2715,-0.6680
1635586180388,-0.2896,-10.3750,-2.0820,-0.4937,0.0620,-0.5552
1635586180390,-0.0431,-9.9141,-4.0508,-0.0905,0.1439,-0.7344
1635586180392,-0.1149,-9.4766,-4.0547,0.2223,0.0545,-0.6499
1635586180418,0.6055,-10.1250,-3.5566,-0.1991,-0.0689,-0.4512
1635586180420,0.6631,-10.8047,-3.3906,-0.5713,-0.0274,-0.4971
1635586180422,0.2632,-11.1797,-3.1348,-0.5640,-0.0274,-0.5552
1635586180448,0.0503,-10.8906,-3.2129,-0.3501,-0.1050,-0.4619
1635586180450,0.1938,-10.4609,-3.3848,-0.1012,-0.1604,-0.3330
1635586180452,0.5913,-10.4531,-3.3730,0.0882,-0.1636,-0.1991
1635586180478,0.8545,-10.4531,-3.4414,0.0839,-0.1306,-0.0884
1635586180480,0.6343,-10.4453,-3.5664,0.0531,-0.0753,-0.0224
1635586180482,0.1915,-11.0391,-3.0684,0.0382,-0.0412,0.0659
1635586180508,-0.2441,-11.0625,-3.0430,0.1989,-0.0146,0.0978
1635586180510,-0.3469,-10.2734,-2.7598,0.3701,-0.0615,0.1840
1635586180512,-0.1125,-10.0078,-1.6875,0.5552,-0.1040,0.3020
1635586180538,0.1555,-10.6719,-0.8257,0.7266,-0.1030,0.2776
1635586180540,0.2656,-11.5625,-1.0986,1.0898,0.0045,0.0574
1635586180542,0.2250,-11.6484,-1.2783,1.7588,0.1726,0.0893
1635586180569,0.0646,-10.0703,-1.4219,2.2188,0.2365,0.3999
1635586180571,-0.1005,-8.8281,-1.0029,1.9580,0.1406,0.5415
1635586180573,0.0120,-8.3594,-0.6631,1.2109,0.1248,0.4341
1635586180597,-0.0574,-8.6719,-0.5313,0.6382,0.2141,0.3064
1635586180599,-0.4453,-9.3906,-0.6079,0.2668,0.1938,0.2849
1635586180600,-0.6079,-9.5547,-0.6895,0.1445,0.1056,0.2275
1635586180627,-0.3950,-9.1484,-0.9287,0.2615,0.0609,0.0956
1635586180629,-0.3447,-8.7188,-1.0195,0.4575,0.0417,-0.0054
1635586180630,-0.3831,-8.8828,-0.3877,0.4670,-0.0349,-0.0618
1635586180659,-0.2035,-9.7656,0.1268,0.5703,-0.0604,-0.1958
1635586180660,-0.2512,-10.3906,0.8857,1.0098,-0.1370,-0.3257
1635586180662,-0.2178,-10.3359,1.0605,1.4170,-0.3157,-0.3618
1635586180689,-0.0311,-10.2500,0.7324,1.7480,-0.4478,-0.4407
1635586180691,-0.1053,-9.7656,0.2800,2.0566,-0.4934,-0.5928
1635586180692,-0.3110,-8.3828,-0.3518,2.1680,-0.5444,-0.6523
1635586180719,-0.5718,-7.1406,-0.1724,1.9951,-0.5806,-0.6362
1635586180721,-0.4714,-6.6953,0.0455,1.5586,-0.6338,-0.6162
1635586180722,0.0886,-6.9766,-0.2466,1.0391,-0.6670,-0.5903
1635586180749,0.5576,-7.4023,-0.8184,0.6436,-0.5679,-0.5215
1635586180751,0.3469,-7.3281,-0.9238,0.2361,-0.3679,-0.3789
1635586180752,-0.1364,-8.1016,-0.5049,-0.1310,-0.2338,-0.2617
1635586180779,0.0335,-8.7266,0.0479,-0.4971,-0.2136,-0.3213
1635586180781,0.5625,-9.4297,0.0359,-0.6768,-0.1764,-0.3650
1635586180782,0.8354,-9.7422,0.0335,-0.7778,-0.0764,-0.3096
1635586180809,0.7637,-9.5313,-0.2274,-0.9355,0.0524,-0.2861
1635586180811,0.4595,-9.3203,-0.4932,-1.0166,0.1365,-0.2874
1635586180812,0.1245,-9.3906,-0.8184,-0.9321,0.1545,-0.2512
1635586180839,0.0526,-9.6250,-1.0361,-0.6641,0.1428,-0.2129
1635586180841,0.4116,-9.5313,-1.1992,-0.3447,0.1375,-0.1766
1635586180842,0.6484,-9.0391,-1.1055,-0.1735,0.1514,-0.1299
1635586180869,0.5625,-8.4609,-0.9287,-0.2756,0.1907,-0.0916
1635586180871,0.3782,-8.3594,-0.8330,-0.5732,0.2227,-0.0788
1635586180872,0.2489,-8.7188,-0.7134,-0.9106,0.2195,-0.0842
1635586180899,0.1484,-9.0781,-0.7227,-1.1299,0.1992,-0.1161
1635586180901,0.1221,-9.0938,-0.9980,-1.1680,0.1821,-0.1617
1635586180902,0.1484,-9.2891,-1.2041,-1.0273,0.1481,-0.1777
1635586180929,0.5889,-10.0547,-1.0479,-0.8330,0.0970,-0.1735
1635586180931,0.6055,-10.0234,-1.3662,-0.5361,0.1290,-0.2289
1635586180933,0.3184,-9.2109,-0.8232,-0.1906,0.1003,-0.2448
1635586180959,0.4739,-8.7344,-0.8735,-0.1788,0.0311,-0.2373
1635586180961,0.5503,-8.5078,-1.2520,-0.4490,0.0311,-0.2756
1635586180963,0.6680,-8.8906,-1.0166,-0.6118,0.0322,-0.2257
1635586180989,0.7158,-9.3359,-1.1035,-0.7534,0.0737,-0.2554
1635586180991,0.6030,-9.4844,-1.1699,-0.6138,0.1268,-0.3586
1635586180993,0.5171,-9.4688,-1.5322,-0.3479,0.1311,-0.3735
1635586181018,0.3687,-8.7969,-1.9941,-0.1310,0.1173,-0.3906
1635586181019,0.5674,-7.7031,-2.0547,-0.1044,0.1162,-0.3523
1635586181020,1.4219,-8.2031,-1.4580,-0.5723,0.0960,-0.1725
1635586181048,1.4004,-9.2188,-1.8838,-0.9771,0.2524,-0.0991
1635586181049,0.5435,-8.9688,-2.4414,-1.0283,0.3662,-0.1097
1635586181050,0.5239,-8.1875,-2.6055,-1.0830,0.3440,-0.1320
1635586181078,0.6772,-8.1797,-2.6426,-1.2676,0.3672,-0.1533
1635586181079,0.4475,-8.4609,-2.6484,-1.3135,0.4470,-0.2544
1635586181080,0.2632,-9.1328,-1.6582,-1.0830,0.3938,-0.3000
1635586181111,0.6963,-9.5859,-1.1250,-0.9014,0.2778,-0.2852
1635586181113,1.4453,-9.5313,-1.5098,-0.6968,0.2588,-0.2756
1635586181114,1.8164,-9.2656,-1.6660,-0.5405,0.3374,-0.1224
1635586181139,1.4355,-9.2031,-2.1484,-0.6255,0.4812,0.0807
1635586181144,1.0078,-8.9063,-2.6445,-0.9873,0.5532,0.1414
1635586181153,1.1152,-9.0938,-2.6992,-1.3584,0.5547,0.0797
1635586181159,1.1367,-9.2891,-3.0195,-1.6113,0.5830,-0.0288
1635586181164,1.0146,-8.3828,-3.0820,-1.7656,0.6504,-0.1427
1635586181189,1.0869,-7.6094,-3.0234,-1.7969,0.6885,-0.1501
1635586181194,1.3018,-7.6094,-2.7109,-1.9111,0.6875,-0.1246
1635586181213,1.1533,-8.2813,-3.0605,-2.1016,0.7246,-0.1161
1635586181219,1.4023,-9.2578,-3.2285,-2.1914,0.6611,-0.2086
1635586181224,1.9004,-10.1484,-3.0781,-2.0586,0.5938,-0.2991
1635586181228,2.1758,-10.7578,-2.9375,-1.6738,0.7075,-0.2512
1635586181240,1.6631,-10.8047,-3.2715,-1.3477,0.5991,-0.2661
1635586181244,1.2539,-9.4453,-3.8613,-1.1426,0.4619,-0.3926
1635586181269,1.8525,-8.7969,-4.3906,-0.9927,0.3535,-0.2629
1635586181274,2.6680,-9.8516,-4.3633,-1.0156,0.3396,-0.0831
1635586181279,2.4023,-11.1719,-4.1016,-0.9629,0.4695,0.0467
1635586181290,1.2305,-10.7188,-4.1719,-0.6128,0.5991,0.1328
1635586181294,1.0576,-9.3359,-4.2734,-0.3542,0.4983,0.2031
1635586181320,1.6807,-8.0859,-4.4961,-0.5127,0.4141,0.0872
1635586181324,1.5703,-7.6602,-5.0391,-0.7510,0.4397,0.0574
1635586181334,1.3311,-8.0391,-5.1758,-0.9565,0.4312,0.1425
1635586181339,1.1533,-8.5547,-5.2344,-0.9937,0.4875,0.2031
1635586181344,1.0957,-8.5625,-5.1016,-0.9907,0.5288,0.2052
1635586181370,1.2734,-8.1719,-4.8359,-1.0566,0.5430,0.1553
1635586181375,1.3047,-8.0938,-4.6836,-1.0879,0.5674,0.1265
1635586181379,1.2637,-8.1719,-4.5078,-1.1699,0.5791,0.1296
1635586181390,1.4385,-8.1875,-4.4688,-1.3320,0.5972,0.0967
1635586181394,1.6104,-8.0625,-4.6133,-1.3838,0.6533,0.1361
1635586181420,1.2568,-8.5156,-4.2969,-1.3965,0.7012,0.2234
1635586181424,1.0605,-8.7344,-4.2344,-1.5049,0.6504,0.1382
1635586181429,1.4844,-8.6094,-4.4844,-1.5342,0.5576,0.0807
1635586181440,1.7520,-8.7031,-4.6758,-1.4463,0.4875,0.0978
1635586181444,1.7354,-8.4688,-5.0703,-1.3896,0.4131,0.1127
1635586181470,1.7305,-8.2422,-5.4961,-1.3389,0.3481,0.1733
1635586181474,1.7715,-8.4531,-5.7109,-1.3428,0.2886,0.1733
1635586181479,2.0508,-8.3047,-6.0938,-1.3867,0.2301,0.1563
1635586181491,2.3164,-8.2891,-6.3438,-1.3291,0.2428,0.2467
1635586181496,2.1543,-8.4609,-6.4414,-1.2217,0.2493,0.2903
1635586181590,2.0391,-8.2734,-6.2383,-1.1035,0.2152,0.3201
1635586181601,1.9004,-8.0625,-6.1641,-0.9121,0.1534,0.3584
1635586181609,1.8477,-8.0234,-6.6289,-0.7925,0.0183,0.3818
1635586181620,2.0859,-8.0156,-6.5313,-0.6372,-0.0274,0.3638
1635586181625,1.8643,-7.8672,-6.5664,-0.4065,0.0066,0.4553
1635586181635,1.5605,-7.8164,-6.4023,-0.3118,-0.0497,0.4275
1635586181640,1.5029,-7.3125,-6.5156,-0.2927,-0.1274,0.3328
1635586181644,1.6680,-7.0234,-6.5508,-0.2075,-0.1870,0.3584
1635586181657,1.6133,-7.1680,-6.4883,-0.1310,-0.2030,0.3818
1635586181660,1.3740,-7.1250,-6.5352,-0.1256,-0.2179,0.3530
1635586181672,1.2832,-6.8867,-6.6563,-0.1479,-0.2634,0.3179
1635586181676,1.3662,-6.6523,-6.7305,-0.1917,-0.3093,0.2808
1635586181688,1.3447,-6.5586,-6.8750,-0.2257,-0.2944,0.2595
1635586181692,1.2871,-6.5117,-6.9453,-0.2448,-0.2700,0.2415
1635586181699,1.2109,-6.5898,-6.9063,-0.2490,-0.2466,0.2510
1635586181707,1.0479,-6.6875,-6.6953,-0.2395,-0.2189,0.2595
1635586181716,0.8975,-6.7695,-6.4492,-0.2554,-0.2168,0.2563
1635586181723,0.8184,-6.8398,-6.4609,-0.2469,-0.2380,0.2244
1635586181727,0.7681,-6.8438,-6.5078,-0.1842,-0.2773,0.1914
1635586181739,0.8164,-6.8203,-6.4531,-0.1044,-0.3008,0.1819
1635586181742,0.7422,-6.7617,-6.5469,0.0063,-0.2805,0.1819
1635586181754,0.6533,-6.6211,-6.6484,0.1052,-0.2849,0.1754
1635586181760,0.7134,-6.3711,-6.6875,0.1307,-0.3040,0.1680
1635586181771,0.8281,-6.1719,-6.7461,0.1105,-0.2827,0.1765
1635586181775,0.8545,-6.1914,-6.6641,0.0723,-0.2338,0.1968
1635586181786,0.7705,-6.3750,-6.5273,0.0020,-0.1997,0.2137
1635586181791,0.6245,-6.5234,-6.4922,-0.0799,-0.1880,0.2180
1635586181802,0.5479,-6.6719,-6.5469,-0.1373,-0.2220,0.2106
1635586181808,0.6294,-6.6875,-6.6992,-0.1766,-0.2583,0.1968
1635586181818,0.8354,-6.3633,-7.0117,-0.1597,-0.2700,0.2361
1635586181824,0.8403,-6.8203,-7.0430,-0.0958,-0.2338,0.2798
1635586181835,0.6748,-7.1641,-6.8398,-0.1320,-0.2062,0.2180
1635586181840,0.5049,-6.9648,-6.9453,-0.1714,-0.2371,0.1882
1635586181853,0.5264,-6.7578,-7.1406,-0.1277,-0.3049,0.2031
1635586181857,0.6987,-6.6758,-7.2773,-0.1256,-0.3582,0.2074
1635586181869,0.8066,-6.6133,-7.4063,-0.1958,-0.3647,0.2074
1635586181873,0.7036,-6.6094,-7.4375,-0.2598,-0.3550,0.2223
1635586181887,0.4644,-6.7227,-7.5430,-0.3171,-0.3892,0.2435
1635586181890,0.4165,-6.8867,-7.6953,-0.3821,-0.4690,0.2457
1635586181903,0.5674,-6.8125,-7.7773,-0.4246,-0.5337,0.2297
1635586181907,0.6055,-6.4063,-7.9141,-0.3491,-0.5562,0.2903
1635586181920,0.4309,-7.1289,-7.8438,-0.2224,-0.5625,0.3381
1635586181923,0.1866,-7.6836,-7.6758,-0.2629,-0.6050,0.2573
1635586181952,-0.0024,-7.3906,-7.8906,-0.2766,-0.6953,0.1819
1635586181956,0.0239,-6.9336,-7.8516,-0.1299,-0.8008,0.2031
1635586181968,0.1412,-6.6484,-7.6523,-0.0501,-0.8892,0.1840
1635586181972,0.1532,-6.3945,-7.6445,-0.1246,-0.9351,0.1287
1635586181984,0.0766,-6.2813,-7.7461,-0.2192,-0.9639,0.0967
1635586181989,-0.0407,-6.3438,-7.8594,-0.2341,-0.9873,0.0903
1635586182000,-0.1077,-6.4688,-7.7422,-0.1937,-1.0264,0.0701
1635586182015,-0.1771,-6.4727,-7.6055,-0.1586,-1.0615,0.0350
1635586182020,-0.3015,-6.3008,-7.6602,-0.1214,-1.0918,-0.0075
1635586182034,-0.3423,-6.0820,-7.5234,-0.0778,-1.1377,-0.0735
1635586182038,-0.4285,-5.9531,-7.3086,-0.0586,-1.1582,-0.1256
1635586182051,-0.6221,-5.8789,-7.2734,-0.0395,-1.1611,-0.1586
1635586182054,-0.8115,-5.8359,-7.2500,0.0191,-1.1807,-0.2299
1635586182081,-0.9360,-5.7734,-7.2266,0.1478,-1.2627,-0.4407
1635586182085,-0.9741,-5.6758,-7.0938,0.1478,-1.2627,-0.4407
1635586182091,-1.0361,-5.9258,-6.9883,0.4116,-1.3320,-0.6318
1635586182099,-1.1348,-6.1953,-6.8281,0.6001,-1.3711,-0.7031
1635586182102,-1.2734,-6.3125,-6.8516,0.8086,-1.3975,-0.7925
1635586182129,-1.4316,-6.3945,-7.0664,1.0527,-1.4287,-0.8672
1635586182140,-1.4795,-6.4922,-6.9648,1.2910,-1.4746,-0.9238
1635586182144,-1.5361,-6.6289,-6.5273,1.4834,-1.5088,-0.9736
1635586182148,-1.6396,-6.6797,-6.2070,1.6563,-1.5244,-1.0234
1635586182152,-1.8242,-6.6016,-6.1563,1.8330,-1.5449,-1.0713
1635586182179,-1.9961,-6.4766,-5.9805,2.0137,-1.5811,-1.1396
1635586182182,-2.1035,-6.4492,-5.8633,2.1914,-1.6318,-1.2266
1635586182185,-2.2266,-6.6406,-6.1367,2.3828,-1.6914,-1.2939
1635586182209,-2.2402,-7.0117,-5.8672,2.5840,-1.7520,-1.3096
1635586182212,-2.1738,-7.4219,-5.1680,2.6914,-1.8262,-1.2744
1635586182215,-2.0684,-7.4883,-4.9063,2.7578,-1.9043,-1.2832
1635586182239,-1.9219,-7.3867,-4.6055,2.9141,-1.9717,-1.3340
1635586182255,-1.8428,-7.3906,-4.0703,3.1699,-1.9971,-1.3828
1635586182258,-1.8408,-7.4492,-3.3320,3.3516,-1.9912,-1.3760
1635586182263,-1.8809,-7.4883,-2.3125,3.4395,-2.0176,-1.3125
1635586182270,-1.9170,-7.3320,-2.0645,3.5000,-2.0898,-1.2813
1635586182278,-1.7070,-6.7656,-1.3760,3.4688,-2.2031,-1.2715
1635586182282,-1.3447,-6.3281,-1.0869,3.1563,-2.2500,-1.1582
1635586182309,-0.9956,-6.7695,-1.5410,2.8301,-2.1777,-1.0498
1635586182312,-0.4644,-8.0703,-0.9888,2.7090,-2.0820,-0.9746
1635586182315,0.1316,-9.1875,-0.4355,2.6270,-1.9258,-0.9067
1635586182339,0.3542,-9.2656,-0.2705,2.5039,-1.7559,-0.9404
1635586182342,0.4475,-8.9375,0.7778,2.5352,-1.6436,-0.9653
1635586182346,0.8281,-8.9609,0.8975,2.3770,-1.5029,-0.8618
1635586182369,1.1826,-9.2969,0.3757,1.9639,-1.3428,-0.6797
1635586182372,1.3975,-9.6719,0.1388,1.5625,-1.1572,-0.5171
1635586182376,1.4863,-9.4766,0.3853,1.0654,-0.9360,-0.3447
1635586182399,1.3789,-9.4297,0.8306,0.5083,-0.7212,-0.0682
1635586182402,1.1875,-10.1484,1.2422,-0.0267,-0.5669,0.2808
1635586182406,1.2520,-10.8203,1.6563,-0.5190,-0.3945,0.5659
1635586182429,1.3613,-11.5625,1.6016,-0.8105,-0.2231,0.7681
1635586182432,1.2949,-12.6484,1.2949,-0.8970,-0.0997,0.9170
1635586182436,0.9624,-13.1641,1.1484,-0.6938,0.1162,1.0234
1635586182459,0.6294,-12.6875,1.2275,-0.1906,0.4077,1.0654
1635586182462,0.4475,-11.1484,1.4336,0.2489,0.6323,1.1299
1635586182465,0.2991,-9.8594,1.8643,0.4170,0.8228,1.2500
1635586182489,0.1771,-9.1875,1.9814,0.1648,1.0557,1.3457
1635586182492,0.0646,-9.0156,1.7686,-0.1926,1.2998,1.3574
1635586182495,-0.1652,-9.1953,1.5391,-0.4353,1.5186,1.3506
1635586182519,-0.6079,-9.2031,1.2803,-0.6001,1.7002,1.3291
1635586182522,-1.0410,-8.9297,1.0625,-0.6074,1.8193,1.2363
1635586182526,-1.2949,-8.7578,1.2617,-0.5513,1.8848,1.1123
1635586182549,-1.3594,-8.8203,1.0986,-0.4905,1.9512,0.9604
1635586182565,-1.4600,-8.7656,0.8687,-0.3193,2.0137,0.7808
1635586182581,-1.5557,-8.4375,0.6221,-0.1576,2.0371,0.6318
1635586182586,-1.6035,-8.4922,0.4070,0.1223,2.0234,0.4658
1635586182590,-1.5605,-8.6875,0.1675,0.6895,1.9902,0.2754
1635586182598,-1.5488,-7.6836,-0.4285,1.3447,1.9561,0.0914
1635586182602,-1.6660,-6.1211,-1.2754,1.7715,1.9375,-0.0129
1635586182606,-1.9746,-4.1211,-1.5703,1.5498,1.9258,0.0669
1635586182619,-2.3047,-2.4453,-1.5361,0.6948,1.8779,-0.0682
1635586182622,-2.6113,-2.8945,-2.0371,-0.2563,1.8672,-0.4268
1635586182661,-2.5313,-5.1953,-2.2324,-0.9546,1.7900,-0.8159
1635586182665,-2.1738,-6.2852,-2.6270,-1.1514,1.6836,-0.9331
1635586182669,-1.7188,-7.3320,-2.8906,-0.7822,1.5371,-0.7788
1635586182673,-1.2041,-8.6172,-2.8496,-0.4651,1.4043,-0.6733
1635586182677,-0.6655,-9.2656,-3.1680,-0.3127,1.3174,-0.7544
1635586182689,-0.5552,-8.5938,-3.4160,-0.1958,1.2676,-0.8608
1635586182692,-0.9741,-7.5547,-3.6426,-0.2883,1.1836,-0.8330
1635586182727,-1.2637,-7.4102,-3.8184,-0.6563,1.0576,-0.8330
1635586182730,-1.1582,-7.9883,-4.1250,-1.0908,0.9565,-0.9287
1635586182734,-0.8926,-8.8125,-4.6055,-1.2529,0.9033,-0.9834
1635586182738,-0.6128,-9.4844,-5.0313,-1.1074,0.8589,-0.9536
1635586182742,-0.3518,-9.6563,-5.0352,-0.9419,0.8047,-0.8809
1635586182769,-0.1388,-9.5781,-4.6836,-0.8311,0.7651,-0.8276
1635586182778,0.0646,-9.3750,-4.2148,-0.8086,0.7300,-0.8076
1635586182781,0.0790,-8.9922,-3.9668,-0.8257,0.7075,-0.7617
1635586182789,-0.0862,-8.8203,-3.9258,-0.7876,0.6909,-0.6885
1635586182792,-0.1388,-9.2578,-3.7754,-0.7148,0.6245,-0.6343
1635586182819,0.0335,-9.9531,-3.5371,-0.6426,0.5376,-0.6406
1635586182822,0.3110,-10.4609,-3.5957,-0.4768,0.4790,-0.6670
1635586182826,0.5386,-10.5469,-3.9336,-0.1926,0.4429,-0.6851
1635586182839,0.7349,-10.5000,-4.1563,0.1797,0.4248,-0.6777
1635586182842,0.9121,-10.3438,-3.9102,0.4924,0.4109,-0.6777
1635586182869,0.9717,-9.8203,-3.5840,0.7402,0.3811,-0.6265
1635586182872,0.9023,-9.1172,-3.4902,0.8853,0.3684,-0.5254
1635586182876,0.8950,-8.7969,-3.0469,0.8838,0.3555,-0.4341
1635586182899,0.8594,-8.8984,-2.5137,0.7031,0.2939,-0.3809
1635586182908,0.7661,-8.7266,-2.4746,0.4309,0.2184,-0.4055
1635586182925,0.7681,-8.5156,-2.5938,0.2009,0.1385,-0.4150
1635586182930,1.0527,-8.6953,-2.6621,-0.0724,0.0715,-0.3894
1635586182933,1.2734,-9.1406,-2.6094,-0.3140,0.0630,-0.4097
1635586182936,1.3398,-9.6328,-2.6426,-0.3533,0.1257,-0.4290
1635586182949,1.2539,-9.7188,-2.6875,-0.1874,0.2109,-0.4268
1635586182956,0.9790,-9.1719,-2.8672,0.1223,0.3003,-0.3577
1635586182980,0.9717,-8.9063,-2.8867,0.3147,0.3523,-0.1746
1635586182982,1.0557,-9.1250,-2.6250,0.3074,0.4216,-0.0948
1635586182986,1.1133,-9.1172,-1.6875,0.2520,0.4641,-0.1331
1635586183009,1.1436,-9.4375,-0.9692,0.1531,0.4812,-0.0065
1635586183024,1.1270,-9.5391,-0.6079,-0.0395,0.5313,0.1010
1635586183028,1.2471,-10.5547,-0.7134,-0.0576,0.6089,0.3445
1635586183033,1.4600,-11.5078,-0.4309,0.0989,0.7769,0.5532
1635586183041,0.6294,-10.1094,-0.4331,0.2551,0.7959,0.4756
1635586183049,0.7012,-8.5938,-0.1819,-0.1533,0.6768,0.5039
1635586183052,1.0693,-8.8438,-0.5098,-0.6821,0.7373,0.2659
1635586183079,-0.1699,-9.1406,-1.0742,-0.8223,0.7886,0.0467
1635586183083,0.1484,-7.9219,-1.9678,-0.9800,0.7300,0.1296
1635586183091,1.7373,-7.7656,-2.2871,-1.3877,0.8311,0.2700
1635586183099,1.6064,-9.2500,-2.2949,-1.7754,1.0527,0.2627
1635586183102,0.7134,-11.1016,-1.8115,-1.6875,1.2334,0.3169
1635586183129,0.0837,-10.6563,-1.5703,-1.3438,1.2207,0.3030
1635586183132,0.7993,-9.0547,-1.8457,-1.3467,1.1611,0.1776
1635586183140,0.9429,-8.6406,-2.3008,-1.6621,1.1377,0.0680
1635586183149,0.8618,-9.1016,-2.7422,-1.9932,1.1309,0.0457
1635586183152,1.1221,-9.3984,-3.2695,-2.2246,1.1963,0.0010
1635586183179,1.2275,-9.7344,-3.5742,-2.3359,1.1816,-0.0331
1635586183183,1.4932,-9.9219,-3.9395,-2.3535,1.1904,-0.0171
1635586183186,1.2871,-9.9922,-4.1914,-2.3008,1.1738,-0.0022
1635586183209,1.4121,-9.6719,-4.4375,-2.2559,1.1045,-0.0288
1635586183213,1.4863,-9.5781,-4.5820,-2.2441,1.0225,-0.0086
1635586183216,1.5752,-9.6797,-4.8242,-2.1211,0.8481,0.0127
1635586183239,1.4268,-9.2891,-4.9805,-1.8906,0.7354,0.0180
1635586183243,1.5967,-8.9531,-5.1953,-1.6973,0.5801,0.0095
1635586183246,1.5508,-8.8672,-5.3867,-1.5566,0.4172,-0.0150
1635586183270,1.6396,-8.7656,-5.5078,-1.3828,0.2524,-0.0331
1635586183273,1.6924,-8.5625,-5.8125,-1.1641,0.1141,-0.0246
1635586183276,1.4961,-8.4766,-6.0039,-0.8887,0.0332,-0.0022
1635586183299,1.7715,-8.1641,-6.1445,-0.6108,-0.0487,0.0531
1635586183303,1.7900,-8.1016,-6.1289,-0.4055,-0.0944,0.1287
1635586183318,1.5391,-8.2813,-5.9102,-0.2629,-0.1263,0.1616
1635586183323,1.3047,-8.2578,-5.7695,-0.1288,-0.1956,0.1860
1635586183326,1.2393,-8.1250,-5.7422,-0.0182,-0.2786,0.2042
1635586183350,1.2373,-8.0391,-5.7578,0.0424,-0.3306,0.2191
1635586183353,1.2393,-7.9453,-5.8594,0.0329,-0.3625,0.2297
1635586183357,1.3643,-7.6563,-6.0313,-0.0299,-0.3806,0.2393
1635586183380,1.4189,-7.3984,-6.2695,-0.1054,-0.3562,0.2849
1635586183383,1.3525,-7.6328,-6.1875,-0.1842,-0.3008,0.3372
1635586183400,1.2373,-7.7813,-6.0000,-0.3013,-0.2634,0.3521
1635586183405,1.0459,-7.7188,-5.9375,-0.3843,-0.2412,0.3594
1635586183408,0.8140,-7.6289,-6.0039,-0.4023,-0.2391,0.3701
1635586183420,0.8208,-7.5977,-6.0430,-0.4438,-0.2593,0.3809
1635586183423,0.7466,-7.5078,-6.0664,-0.5020,-0.2742,0.3616
1635586183450,0.6582,-7.6250,-6.1016,-0.5288,-0.2913,0.3574
1635586183453,0.7275,-7.7266,-6.2188,-0.5488,-0.3242,0.3660
1635586183457,0.7588,-7.6328,-6.3555,-0.5449,-0.3445,0.3679
1635586183480,0.6318,-7.5625,-6.3672,-0.4832,-0.3765,0.3860
1635586183483,0.4858,-7.4766,-6.3867,-0.4353,-0.4221,0.4031
1635586183487,0.4883,-7.3516,-6.5156,-0.4119,-0.4785,0.4106
1635586183510,0.6582,-7.3828,-6.6797,-0.4023,-0.5137,0.4106
1635586183513,0.6079,-7.4727,-6.8203,-0.3843,-0.5200,0.4138
1635586183517,0.5215,-7.5547,-6.8828,-0.3586,-0.5337,0.4211
1635586183540,0.4858,-7.5547,-7.0313,-0.3289,-0.5542,0.4275
1635586183543,0.5264,-7.4688,-7.0742,-0.3076,-0.5850,0.4233
1635586183547,0.4619,-7.2148,-7.0000,-0.3428,-0.6201,0.4106
1635586183570,0.3184,-7.0117,-6.9414,-0.3799,-0.6626,0.4084
1635586183573,0.2083,-7.0313,-6.8906,-0.3992,-0.7202,0.4043
1635586183577,0.1580,-7.1133,-6.9805,-0.4258,-0.7764,0.3828
1635586183600,0.1245,-7.1953,-6.9922,-0.4214,-0.8223,0.3584
1635586183603,0.0407,-7.1992,-7.0000,-0.3926,-0.8667,0.3403
1635586183607,0.1101,-7.0938,-7.0352,-0.3660,-0.9053,0.3020
1635586183630,0.0886,-6.9453,-7.0469,-0.3447,-0.9253,0.2700
1635586183647,-0.0407,-6.7891,-7.0664,-0.3320,-0.9424,0.2532
1635586183650,-0.0551,-6.8008,-7.0625,-0.3459,-0.9658,0.2361
1635586183655,-0.0239,-6.7344,-7.0000,-0.4236,-0.9976,0.1882
1635586183658,-0.2441,-6.4805,-6.9414,-0.5088,-1.0244,0.1425
1635586183670,-0.4331,-6.2695,-6.7695,-0.5693,-1.0527,0.1042
1635586183673,-0.6128,-6.1563,-6.7227,-0.6001,-1.0771,0.0403
1635586183700,-0.6460,-6.0625,-6.8047,-0.6045,-1.1016,-0.0395
1635586183703,-0.6821,-5.9063,-6.7422,-0.5874,-1.0957,-0.1171
1635586183707,-0.9648,-5.6133,-6.5625,-0.5234,-1.0771,-0.1884
1635586183730,-1.1943,-5.3359,-6.3867,-0.4565,-1.0850,-0.2585
1635586183733,-1.2900,-5.2539,-6.3477,-0.3979,-1.0957,-0.3342
1635586183745,-1.3311,-5.3359,-6.2930,-0.3511,-1.0947,-0.4033
1635586183750,-1.3838,-5.3984,-6.1523,-0.3044,-1.0869,-0.4683
1635586183753,-1.5723,-5.4219,-5.9063,-0.2321,-1.0732,-0.5352
1635586183780,-1.7734,-5.4258,-5.8320,-0.1373,-1.0869,-0.6074
1635586183783,-1.6729,-5.4883,-5.9805,-0.0341,-1.1143,-0.7031
1635586183787,-1.4746,-5.7266,-6.0859,0.0829,-1.0771,-0.7896
1635586183810,-1.4883,-5.9102,-5.8125,0.2169,-0.9902,-0.8833
1635586183813,-1.7402,-5.8125,-5.4297,0.3796,-0.9307,-0.9927
1635586183817,-1.9775,-5.6758,-5.2813,0.5669,-0.9414,-1.1064
1635586183840,-1.9551,-5.7070,-4.9766,0.7778,-0.9756,-1.1924
1635586183844,-2.0938,-5.6563,-4.9844,0.9702,-0.9976,-1.2773
1635586183847,-2.1816,-5.3320,-5.2070,1.1465,-1.0205,-1.3369
1635586183870,-1.9365,-5.4922,-5.0000,1.3896,-1.0566,-1.3535
1635586183874,-1.7998,-6.0586,-4.5156,1.5859,-1.0918,-1.3867
1635586183877,-1.9512,-6.4414,-4.1367,1.7715,-1.1367,-1.4756
1635586183900,-2.1445,-6.6641,-3.8008,2.0332,-1.2080,-1.5625
1635586183903,-2.2598,-6.9336,-3.6875,2.3516,-1.2891,-1.6221
1635586183907,-2.2012,-7.2422,-3.7578,2.6758,-1.3643,-1.6650
1635586183930,-1.9697,-7.4609,-3.5879,2.8711,-1.4521,-1.6777
1635586183934,-1.6631,-7.7734,-3.2578,2.8613,-1.5342,-1.7051
1635586183937,-1.4932,-8.2891,-3.2832,2.6758,-1.6035,-1.8154
1635586183960,-1.2832,-8.7734,-3.5020,2.4316,-1.6582,-1.9434
1635586183968,-1.1514,-8.9844,-3.3027,2.1172,-1.6338,-1.8516
1635586183972,-1.0820,-9.3750,-3.2520,1.8271,-1.5059,-1.6055
1635586183980,-0.7251,-10.6328,-3.4004,1.6611,-1.3721,-1.4365
1635586183984,-0.2896,-11.5234,-3.6387,1.7559,-1.2803,-1.3291
1635586184011,-0.0551,-11.4922,-2.8887,1.8643,-1.1650,-1.0518
1635586184016,0.0790,-11.3359,-2.1992,1.8682,-1.0078,-0.6758
1635586184019,0.0790,-11.6172,-1.2275,1.7021,-0.9019,-0.3342
1635586184030,0.0144,-11.9688,-0.4260,1.2832,-0.7979,-0.0235
1635586184034,-0.1915,-12.3984,-0.3877,0.8403,-0.6392,0.2074
1635586184060,-0.3015,-12.6016,-0.6030,0.6465,-0.5210,0.3945
1635586184064,-0.2991,-12.0000,-0.7944,0.5137,-0.3796,0.6670
1635586184071,-0.2727,-11.5078,-0.9121,0.2947,-0.1390,0.9341
1635586184080,-0.2944,-11.5156,-0.9600,-0.0576,0.1375,1.0918
1635586184084,-0.3135,-11.3203,-1.0391,-0.3713,0.4172,1.1533
1635586184111,-0.3567,-10.6094,-1.1133,-0.4873,0.6821,1.2461
1635586184114,-0.4453,-9.8203,-1.1055,-0.4736,0.8994,1.4053
1635586184118,-0.4932,-9.3750,-1.0098,-0.5161,1.0654,1.5498
1635586184143,-0.5503,-9.0781,-0.9146,-0.6436,1.1914,1.6318
1635586184147,-0.6392,-8.8906,-1.2900,-0.7661,1.2979,1.6689
1635586184151,-0.7705,-9.0391,-1.5840,-0.8130,1.3701,1.6855
1635586184155,-0.8594,-9.1641,-1.8643,-0.7246,1.4160,1.6553
1635586184181,-0.8472,-9.0391,-2.1113,-0.4917,1.4355,1.6094
1635586184194,-0.8545,-8.3047,-2.2871,-0.2341,1.4688,1.5293
1635586184198,-0.9741,-7.5977,-2.4414,0.0563,1.5313,1.3896
1635586184202,-1.2900,-7.2852,-2.4922,0.3457,1.5957,1.2324
1635586184206,-1.5410,-6.9102,-2.5703,0.5796,1.6064,1.0420
1635586184231,-1.6709,-6.1719,-2.5586,0.7529,1.5752,0.8359
1635586184244,-1.7090,-5.5703,-2.3672,0.8828,1.5430,0.6465
1635586184247,-1.7764,-5.7422,-2.1914,1.0098,1.4951,0.4424
1635586184252,-1.8379,-5.9141,-2.3008,1.1973,1.3936,0.1882
1635586184255,-1.8311,-5.6602,-2.5508,1.4443,1.3037,-0.0544
1635586184281,-1.7471,-5.3047,-2.9375,1.6807,1.2266,-0.2810
1635586184284,-1.5322,-5.3242,-3.4805,1.8174,1.1309,-0.5034
1635586184288,-0.7061,-5.5352,-3.6934,1.6631,0.9121,-0.8291
1635586184301,-0.5674,-5.6680,-3.4082,1.4678,0.8140,-0.9331
1635586184304,-0.5146,-6.2344,-3.1133,1.2617,0.6875,-1.0215
1635586184331,-0.3040,-7.0781,-3.2148,1.0195,0.5596,-1.1055
1635586184334,-0.3208,-7.1875,-3.6797,0.7988,0.4885,-1.2188
1635586184338,-0.2920,-6.7930,-4.0625,0.5947,0.4163,-1.3184
1635586184351,0.0287,-6.6797,-4.0000,0.3403,0.3323,-1.3369
1635586184354,0.4260,-7.1680,-3.9102,-0.0054,0.2502,-1.2627
1635586184381,0.8115,-8.1484,-3.8887,-0.3320,0.1705,-1.2031
1635586184384,1.1387,-8.9063,-4.1523,-0.6055,0.1183,-1.2139
1635586184388,1.2656,-9.2109,-4.5469,-0.7744,0.1237,-1.2168
1635586184401,1.2207,-9.5234,-4.6133,-0.8394,0.1503,-1.1885
1635586184404,1.1318,-9.7734,-4.5000,-0.8032,0.1641,-1.1514
1635586184431,1.0605,-9.8672,-4.4531,-0.6460,0.1471,-1.0908
1635586184434,1.1582,-9.8828,-4.4141,-0.4980,0.1120,-1.0508
1635586184438,1.2227,-9.7734,-4.4414,-0.3672,0.0928,-1.0166
1635586184451,1.2090,-9.7969,-4.1211,-0.2118,0.0939,-0.9492
1635586184454,1.1348,-9.7344,-3.4512,-0.1054,0.0790,-0.8853
1635586184481,1.1270,-9.5781,-3.1563,-0.0161,0.0269,-0.8193
1635586184484,0.9238,-9.1797,-3.1777,0.0489,0.0056,-0.7627
1635586184488,0.6963,-9.0391,-3.2070,0.1573,0.0077,-0.7246
1635586184501,0.6680,-9.2188,-3.2207,0.2830,0.0141,-0.6992
1635586184505,0.8857,-9.2891,-3.1387,0.4287,0.0226,-0.7173
1635586184531,1.2637,-9.2734,-3.0078,0.5586,0.0332,-0.7192
1635586184539,1.2754,-9.1484,-2.9414,0.5977,0.0620,-0.6992
1635586184555,1.0889,-8.6484,-2.9648,0.5615,0.0651,-0.6543
1635586184560,1.3018,-8.3281,-3.0547,0.3882,0.0439,-0.6333
1635586184563,1.3906,-8.2969,-3.4785,0.1339,0.0651,-0.5459
1635586184567,1.5654,-8.1875,-3.2773,-0.2246,0.1279,-0.3948
1635586184591,2.0684,-8.2891,-3.4805,-0.8364,0.2087,-0.2427
1635586184603,2.4941,-9.7266,-3.2676,-1.2646,0.3875,-0.0352
1635586184607,1.8477,-10.9219,-2.9531,-1.6270,0.6128,0.1882
1635586184611,1.0098,-10.7500,-2.4766,-1.5967,0.7661,0.0765
1635586184615,0.6270,-10.7344,-2.1777,-1.1777,0.7607,-0.0607
1635586184641,0.5576,-10.2656,-2.3672,-0.8384,0.6909,-0.1416
1635586184644,0.8809,-9.5703,-2.4629,-0.5967,0.6885,-0.1161
1635586184648,1.1201,-9.1797,-2.5723,-0.5684,0.7461,0.0712
1635586184661,1.0938,-8.3359,-3.3418,-0.8267,0.8428,0.3137
1635586184664,1.1846,-8.6172,-3.5371,-1.3604,0.8750,0.5020
1635586184691,1.2617,-10.0313,-3.1230,-2.1074,0.9268,0.4851
1635586184694,1.1172,-11.1875,-2.6660,-2.3535,0.8853,0.2947
1635586184698,1.0313,-10.6250,-2.9512,-2.0977,0.7427,0.0914
1635586184711,0.8594,-9.9141,-3.8633,-1.5723,0.6426,0.0797
1635586184720,0.9189,-9.8984,-4.3867,-1.0400,0.5259,0.0563
1635586184731,1.1416,-9.6953,-4.6484,-0.7319,0.4780,0.0510
1635586184735,1.1748,-9.2969,-4.3945,-0.6343,0.5181,0.1499
1635586184761,1.0840,-8.9297,-3.6973,-0.8472,0.5757,0.2052
1635586184765,0.9624,-9.0000,-3.3770,-1.1348,0.5693,0.1467
1635586184768,0.9385,-9.5313,-3.5254,-1.2539,0.5088,0.0659
1635586184781,1.0195,-10.0859,-3.7793,-1.1191,0.4685,0.0180
1635586184785,0.9932,-9.7734,-4.0938,-0.8447,0.4758,0.0339
1635586184811,0.8545,-8.6641,-4.4531,-0.6914,0.4749,0.0893
1635586184819,0.8906,-7.5586,-4.7852,-0.8105,0.4834,0.1265
1635586184822,1.2520,-7.6250,-5.0234,-0.9834,0.5171,0.1350
1635586184831,1.1992,-8.3984,-4.8047,-0.9756,0.5845,0.1914
1635586184835,1.0479,-8.5000,-4.7109,-1.0273,0.5703,0.2404
1635586184861,1.2305,-8.2344,-4.9766,-1.0918,0.5107,0.1680
1635586184865,1.3477,-8.0547,-5.0703,-1.0693,0.4929,0.1287
1635586184868,1.4238,-8.0156,-5.0625,-1.0830,0.4844,0.1318
1635586184881,1.4844,-8.0703,-5.1836,-1.1055,0.4663,0.1095
1635586184885,1.5225,-8.1094,-5.1758,-1.0586,0.4470,0.0786
1635586184911,1.5127,-8.1875,-5.0742,-0.9331,0.3992,0.0648
1635586184915,1.4717,-8.1875,-5.0625,-0.7681,0.3301,0.0489
1635586184918,1.4316,-8.0469,-5.3672,-0.6108,0.2683,0.0542
1635586184931,1.6104,-7.9727,-5.5703,-0.5308,0.2130,0.1010
1635586184935,1.8359,-7.8906,-5.7305,-0.6045,0.1864,0.1212
1635586184961,1.8770,-7.6367,-5.8906,-0.7715,0.1875,0.1138
1635586184965,1.9053,-7.7617,-5.8867,-0.9170,0.1960,0.1169
1635586184983,1.8857,-8.0938,-5.8594,-0.9980,0.1970,0.1010
1635586184988,1.6924,-8.1875,-5.9219,-0.9204,0.1737,0.0872
1635586184996,1.6064,-8.1563,-6.0352,-0.7471,0.1035,0.1148
1635586185001,1.7041,-8.1250,-6.0977,-0.6001,0.0407,0.1393
1635586185005,1.7236,-8.0938,-6.1328,-0.4885,0.0194,0.1499
1635586185031,1.6777,-8.1016,-6.0391,-0.4150,0.0013,0.1722
1635586185049,1.5938,-8.0781,-5.9570,-0.3894,-0.0263,0.1871
1635586185052,1.5986,-8.0156,-5.8945,-0.3713,-0.0625,0.1797
1635586185057,1.6016,-7.9141,-5.8867,-0.3555,-0.1019,0.1860
1635586185060,1.5654,-7.8047,-6.1445,-0.3108,-0.1359,0.2137
1635586185071,1.5840,-7.7891,-6.4180,-0.2671,-0.1678,0.2520
1635586185081,1.6709,-7.7656,-6.5742,-0.2512,-0.1731,0.2925
1635586185092,1.6846,-7.7656,-6.6680,-0.2395,-0.1625,0.3328
1635586185096,1.6152,-7.7617,-6.6211,-0.2810,-0.1796,0.3701
1635586185121,1.5869,-7.6875,-6.6602,-0.3926,-0.2051,0.4031
1635586185125,1.5771,-7.6875,-6.7891,-0.5054,-0.2263,0.4275
1635586185128,1.5244,-7.6641,-6.8320,-0.6138,-0.2487,0.4382
1635586185141,1.4795,-7.6836,-6.8750,-0.7002,-0.2764,0.4670
1635586185145,1.4141,-7.7422,-7.0195,-0.7471,-0.3083,0.4861
1635586185171,1.3525,-7.7773,-7.2227,-0.7275,-0.3381,0.5146
1635586185175,1.3398,-7.7656,-7.3008,-0.6714,-0.3838,0.5425
1635586185178,1.3330,-7.6719,-7.3477,-0.5967,-0.4221,0.5688
1635586185192,1.1826,-7.5977,-7.3750,-0.5088,-0.4487,0.5977
1635586185195,1.0391,-7.5273,-7.4063,-0.4395,-0.4988,0.6104
1635586185222,0.9717,-7.4961,-7.5313,-0.4001,-0.5698,0.6182
1635586185225,1.0078,-7.4570,-7.6602,-0.3628,-0.6318,0.6030
1635586185229,0.9766,-7.3203,-7.6328,-0.3257,-0.6689,0.5967
1635586185244,0.7827,-7.1016,-7.5469,-0.2874,-0.6987,0.6157
1635586185247,0.6343,-6.9180,-7.5625,-0.2788,-0.7529,0.6235
1635586185272,0.5767,-6.8555,-7.5469,-0.3054,-0.8081,0.6138
1635586185277,0.5215,-6.8555,-7.3945,-0.3320,-0.8467,0.5894
1635586185280,0.4021,-6.7734,-7.3867,-0.3447,-0.8765,0.5786
1635586185292,0.2656,-6.6523,-7.5234,-0.3342,-0.9243,0.5713
1635586185295,0.2489,-6.5820,-7.5195,-0.3511,-0.9712,0.5532
1635586185322,0.1819,-6.4180,-7.3945,-0.4033,-0.9839,0.5405
1635586185325,-0.0072,-6.2227,-7.2773,-0.4534,-0.9785,0.5327
1635586185329,-0.2632,-6.0469,-6.9883,-0.5278,-0.9912,0.5146
1635586185355,-0.4453,-5.8242,-6.6953,-0.6045,-1.0264,0.4553
1635586185360,-0.6196,-5.8867,-6.7070,-0.5947,-1.0889,0.4031
1635586185368,-0.6152,-6.0547,-6.8477,-0.4692,-1.2080,0.2798
1635586185374,-0.5649,-5.9219,-7.0977,-0.4692,-1.2080,0.2798
1635586185391,-0.6270,-5.6172,-7.3516,-0.3203,-1.1885,0.1659
1635586185395,-0.8472,-5.2930,-6.9336,-0.3013,-1.1768,0.0478
1635586185410,-0.9980,-5.2891,-6.8125,-0.2661,-1.2031,-0.0735
1635586185414,-1.1084,-5.4961,-6.7070,-0.1310,-1.2314,-0.1788
1635586185423,-1.2324,-5.7070,-6.5898,0.0244,-1.2676,-0.2905
1635586185427,-1.3281,-5.6133,-6.6523,0.1648,-1.2803,-0.4385
1635586185452,-1.4053,-5.4961,-6.6875,0.3904,-1.2529,-0.5566
1635586185456,-1.4238,-5.5820,-6.4297,0.6650,-1.2246,-0.6416
1635586185459,-1.5439,-5.7578,-6.0781,0.8936,-1.2012,-0.7715
1635586185472,-1.6895,-5.7773,-6.1953,1.0850,-1.1963,-0.9302
1635586185476,-1.8027,-5.5898,-6.3555,1.3037,-1.1709,-1.0547
1635586185502,-1.9297,-5.2969,-6.1484,1.5479,-1.1504,-1.1582
1635586185506,-2.0332,-5.0703,-6.1719,1.7813,-1.1396,-1.2930
1635586185509,-2.0684,-4.9336,-6.1602,2.0762,-1.1143,-1.4336
1635586185522,-2.0469,-5.2070,-5.7578,2.3633,-1.1250,-1.4707
1635586185527,-2.1289,-5.7500,-5.7070,2.6465,-1.1475,-1.4658
1635586185556,-2.2266,-6.4336,-5.3984,2.9961,-1.2061,-1.4893
1635586185559,-2.1797,-7.0703,-4.9023,3.2949,-1.3193,-1.4893
1635586185563,-2.0410,-7.3594,-4.6094,3.5000,-1.4072,-1.4795
1635586185573,-1.8906,-7.2578,-4.1289,3.4980,-1.4268,-1.4736
1635586185576,-1.8027,-6.8750,-3.1387,3.2871,-1.3867,-1.4365
1635586185603,-1.8145,-6.8438,-2.3691,2.9980,-1.3486,-1.3584
1635586185606,-1.7090,-6.9375,-1.7188,2.6328,-1.3486,-1.2568
1635586185610,-1.1914,-8.1641,-0.7275,2.0801,-1.2998,-1.0811
1635586185623,-0.7422,-9.5391,-1.0869,1.5547,-1.1309,-0.9702
1635586185626,-0.5815,-9.4531,-1.3906,1.3496,-0.9731,-0.9150
1635586185653,-0.4092,-8.6953,-1.0410,1.0039,-0.8262,-0.6929
1635586185656,-0.2871,-8.5469,-0.8115,0.4138,-0.5762,-0.3374
1635586185660,-0.3184,-9.3750,-0.2585,-0.2438,-0.3315,-0.0278
1635586185673,-0.3806,-10.3594,-0.5195,-0.8301,-0.0753,0.1159
1635586185676,-0.4573,-11.3516,-1.0645,-0.9854,0.1226,0.2350
1635586185703,-0.6152,-11.9063,-1.2207,-0.9395,0.2482,0.5000
1635586185706,-0.7373,-11.6953,-1.3691,-0.8716,0.3992,0.6807
1635586185710,-0.7588,-11.0703,-1.6152,-0.7183,0.5620,0.7285
1635586185723,-0.8784,-10.3672,-1.6826,-0.5820,0.7153,0.8193
1635586185726,-1.1270,-9.8125,-1.5439,-0.5396,0.8643,0.9233
1635586185753,-1.2520,-9.5078,-1.4102,-0.5459,0.9790,0.9531
1635586185756,-1.1650,-9.2188,-1.5127,-0.5415,1.0684,0.9512
1635586185760,-1.1797,-8.2656,-1.7900,-0.5000,1.1533,0.9683
1635586185773,-1.2256,-7.1484,-1.7637,-0.5073,1.2578,1.0879
1635586185776,-1.7090,-6.4492,-1.7256,-0.5703,1.4111,1.2158
1635586185803,-2.1133,-6.3516,-1.8721,-0.6514,1.4932,1.1230
1635586185807,-2.1289,-6.5000,-1.8047,-0.7588,1.5078,0.9980
1635586185810,-1.8066,-7.1445,-1.9961,-0.7925,1.5342,0.9839
1635586185823,-1.7520,-7.4375,-2.4355,-0.5928,1.6074,0.8862
1635586185827,-1.9531,-6.5391,-2.8438,-0.2373,1.6182,0.6382
1635586185853,-1.7324,-6.0547,-3.2871,-0.0363,1.5313,0.4766
1635586185857,-1.4053,-6.5273,-4.4219,0.1180,1.5449,0.3840
1635586185860,-1.2441,-7.5898,-5.3242,0.3936,1.6045,0.2489
1635586185873,-1.1846,-8.2109,-5.7461,0.6401,1.5879,0.0829
1635586185877,-1.2441,-8.2813,-5.5664,0.8320,1.5117,-0.0629
1635586185903,-1.4121,-7.9688,-5.0820,0.9893,1.3828,-0.2235
1635586185907,-1.4502,-7.3477,-5.3047,1.0576,1.2090,-0.4309
1635586185910,-1.3613,-6.8086,-6.1445,0.9775,1.0313,-0.6138
1635586185923,-1.2734,-6.5547,-7.3633,0.8711,0.8877,-0.7427
1635586185927,-1.1963,-6.6836,-7.8281,0.8169,0.7246,-0.8257
1635586185953,-1.0957,-7.1250,-7.5039,0.7754,0.4822,-0.8491
1635586185957,-0.8975,-7.5469,-7.1406,0.7520,0.2046,-0.8130
1635586185960,-0.5864,-7.6914,-6.7266,0.6797,-0.0285,-0.8096
1635586185973,-0.3374,-7.6992,-6.3750,0.5273,-0.1774,-0.8501
1635586185977,-0.3015,-7.8047,-6.0859,0.3840,-0.2445,-0.8789
1635586186008,-0.4331,-7.9414,-5.7383,0.3445,-0.2786,-0.8862
1635586186010,-0.5815,-7.9219,-5.4258,0.4373,-0.3401,-0.9004
1635586186011,-0.2871,-7.7109,-5.2031,0.5254,-0.4253,-0.9331
1635586186034,0.1627,-7.6992,-4.7656,0.6011,-0.4636,-0.9419
1635586186052,0.5313,-8.1563,-3.9727,0.6777,-0.4509,-0.9448
1635586186073,0.6699,-8.5313,-3.6445,0.8511,-0.3901,-0.9619
1635586186083,0.3469,-8.2266,-3.1504,1.0957,-0.3232,-0.9492
1635586186087,0.2250,-7.6797,-2.3887,1.2461,-0.3201,-0.9673
1635586186091,0.5410,-7.3320,-2.0957,1.2061,-0.3518,-1.0020
1635586186101,1.0986,-7.6602,-2.0918,1.0566,-0.3582,-0.9907
1635586186116,1.3574,-8.3594,-2.1973,0.9458,-0.3083,-0.9717
1635586186120,1.4355,-8.6875,-2.1289,0.8521,-0.2583,-0.9897
1635586186134,1.4697,-8.8359,-1.8594,0.7646,-0.2455,-0.9771
1635586186149,1.7783,-8.8594,-1.9795,0.5957,-0.2539,-1.0117
1635586186152,2.0215,-8.7500,-2.1016,0.4351,-0.2072,-1.0088
1635586186156,1.9990,-8.4531,-2.6113,0.1127,-0.1444,-0.9365
1635586186165,2.2695,-8.2969,-3.0488,-0.4033,-0.1242,-0.8491
1635586186181,2.7715,-9.3594,-3.4043,-1.0488,-0.0901,-0.7227
1635586186198,2.3574,-10.1563,-3.7930,-1.2656,0.0981,-0.5981
1635586186214,2.3359,-10.3906,-3.1641,-1.2090,0.1343,-0.4150
1635586186247,2.4961,-11.0781,-3.3477,-1.1270,0.2216,-0.3276
1635586186263,2.1230,-11.5156,-3.5859,-0.8862,0.2810,-0.2576
1635586186273,2.2383,-10.8828,-3.5898,-0.5552,0.2461,-0.3054
1635586186279,1.9531,-10.8672,-3.7539,-0.3533,0.2301,-0.2820
1635586186296,1.3857,-9.9844,-3.9258,-0.1479,0.2375,-0.3970
1635586186312,1.3135,-9.0703,-4.2734,0.2871,0.2013,-0.4363
1635586186330,1.5488,-9.0234,-4.4844,0.4541,0.1631,-0.1725
1635586186345,1.8291,-9.1250,-4.1523,0.0776,0.2407,0.0244
1635586186361,1.6943,-8.8438,-3.5527,-0.5732,0.4004,0.0329
1635586186378,1.5098,-9.0156,-2.6445,-0.9429,0.5034,0.0765
1635586186394,1.1826,-9.8359,-2.1680,-1.0273,0.5171,0.2563
1635586186410,0.6270,-9.8594,-2.7461,-1.0830,0.5332,0.3276
1635586186427,0.5649,-8.9219,-3.7168,-0.9692,0.3003,0.0648
1635586186443,1.4385,-9.0000,-4.6328,-0.9619,0.2981,0.2871
1635586186458,1.5410,-9.7422,-4.0156,-0.9961,0.4077,0.3882
1635586186462,1.4004,-10.0000,-3.1406,-0.9653,0.5181,0.3425
1635586186467,1.4434,-10.3984,-2.1914,-0.8003,0.5547,0.3276
1635586186471,0.9907,-9.2266,-2.5898,-0.6445,0.5640,0.2668
1635586186476,1.1387,-8.1563,-3.3301,-0.8140,0.4651,0.1893
1635586186481,1.6201,-8.2344,-3.3945,-0.9512,0.4749,0.0967
1635586186492,1.1680,-8.3828,-3.4258,-0.8076,0.5459,0.1542
1635586186509,1.3838,-7.9688,-3.8945,-0.8472,0.5098,0.2148
1635586186525,2.0801,-7.9844,-4.1289,-1.0020,0.5259,0.1382
1635586186533,2.0039,-8.1250,-4.0469,-1.1523,0.6353,0.1287
1635586186543,1.7109,-8.1094,-3.8750,-1.3330,0.6450,0.1169
1635586186558,1.7520,-8.1719,-3.9453,-1.4756,0.6128,0.0510
1635586186574,1.8193,-8.3594,-4.1680,-1.4658,0.5747,0.0127
1635586186592,1.9053,-8.4922,-4.4844,-1.3193,0.5215,0.0201
1635586186607,2.1387,-8.7188,-4.7422,-1.1543,0.4749,0.0510
1635586186623,2.2070,-8.6719,-4.9023,-1.0293,0.4578,0.0616
1635586186627,2.2188,-8.5391,-5.0234,-0.9375,0.4333,0.0743
1635586186631,2.2813,-8.3125,-5.0508,-0.9053,0.3855,0.0925
1635586186640,2.3262,-8.1719,-5.1094,-0.9556,0.3491,0.1307
1635586186656,2.3477,-8.4609,-5.4023,-0.9971,0.3225,0.1456
1635586186672,2.2422,-8.6484,-5.6641,-0.9673,0.3025,0.1594
1635586186705,2.1348,-8.4453,-5.8711,-0.9014,0.2705,0.2297
1635586186709,2.1211,-8.1406,-5.9648,-0.8950,0.2375,0.2925
1635586186713,2.2070,-8.0156,-6.0352,-1.0010,0.2216,0.3394
1635586186721,2.1660,-8.2813,-6.0117,-1.1260,0.2173,0.3787
1635586186738,1.9941,-8.6094,-5.9805,-1.2158,0.1896,0.3809
1635586186754,1.7588,-8.5859,-6.2227,-1.2188,0.1492,0.4031
1635586186758,1.7109,-8.6250,-6.3750,-1.1475,0.0800,0.4648
1635586186762,1.7832,-8.6719,-6.3867,-1.1084,0.0258,0.4937
1635586186770,1.6582,-8.5313,-6.6602,-1.0479,-0.0082,0.5127
1635586186789,1.4814,-8.4922,-6.8867,-0.9438,-0.0668,0.5586
1635586186805,1.4844,-8.2891,-7.0781,-0.8862,-0.1498,0.5869
1635586186809,1.5820,-7.9883,-7.3398,-0.8555,-0.2104,0.5933
1635586186821,1.5723,-7.9336,-7.3828,-0.8066,-0.2412,0.6372
1635586186838,1.3877,-7.9844,-7.3594,-0.7563,-0.2634,0.6816
1635586186854,1.1250,-8.0156,-7.4219,-0.6641,-0.2944,0.7192
1635586186874,1.0527,-8.0547,-7.4219,-0.5459,-0.3743,0.7295
1635586186887,1.0645,-7.8516,-7.5508,-0.4438,-0.4731,0.7148
1635586186891,1.0889,-7.4688,-7.7539,-0.3533,-0.5571,0.7275
1635586186901,1.1152,-7.2930,-7.8945,-0.2991,-0.6255,0.7427
1635586186918,1.0889,-7.0547,-7.9297,-0.3428,-0.6816,0.7310
1635586186922,0.9097,-6.7148,-7.9336,-0.4448,-0.7266,0.7339
1635586186925,0.6680,-6.5430,-8.0078,-0.5405,-0.7925,0.7275
1635586186929,0.5195,-6.5000,-8.0078,-0.6064,-0.8745,0.6880
1635586186936,0.3972,-6.6953,-8.0781,-0.6064,-0.9585,0.6597
1635586186950,0.3208,-6.8984,-8.1406,-0.5630,-1.0352,0.6147
1635586186967,0.2489,-6.8789,-8.2422,-0.4480,-1.0977,0.5596
1635586186971,0.1819,-6.5664,-8.0703,-0.3171,-1.1553,0.5190
1635586186983,0.0407,-6.1953,-7.7461,-0.2181,-1.2061,0.4839
1635586187000,-0.1197,-5.9688,-7.7461,-0.1511,-1.2637,0.4373
1635586187003,-0.1794,-5.9258,-7.7891,-0.1267,-1.3359,0.3755
1635586187007,-0.2058,-5.7773,-7.6992,-0.1490,-1.3926,0.2947
1635586187016,-0.2800,-5.4336,-7.5195,-0.1937,-1.4170,0.2063
1635586187020,-0.4116,-5.1641,-7.3594,-0.2203,-1.4238,0.1425
1635586187024,-0.5454,-5.0898,-7.2578,-0.2649,-1.4482,0.0489
1635586187027,-0.6318,-5.1797,-7.1484,-0.2617,-1.4570,-0.0320
1635586187037,-0.6938,-5.2422,-6.9922,-0.2023,-1.4531,-0.1235
1635586187049,-0.7969,-5.2578,-6.7891,-0.0533,-1.4258,-0.2032
1635586187065,-0.9165,-5.2031,-6.5664,0.1127,-1.4033,-0.3022
1635586187081,-1.0625,-5.2266,-6.2773,0.2935,-1.3799,-0.4043
1635586187085,-1.1699,-5.3477,-5.9922,0.5264,-1.3594,-0.5288
1635586187089,-1.3379,-5.6094,-5.8906,0.8374,-1.3525,-0.6372
1635586187094,-1.4766,-5.7617,-6.1523,1.1855,-1.3545,-0.7617
1635586187100,-1.5508,-5.6836,-6.2500,1.4756,-1.3848,-0.8799
1635586187130,-1.5322,-5.4297,-5.8320,1.6055,-1.4268,-1.0400
1635586187147,-1.5225,-5.0508,-5.6016,1.6738,-1.4287,-1.2061
1635586187151,-1.6396,-4.8125,-5.6094,1.7441,-1.4121,-1.3369
1635586187155,-1.8213,-4.9141,-5.1992,1.8320,-1.3984,-1.4355
1635586187159,-1.9746,-5.4531,-4.8086,1.9443,-1.4004,-1.4990
1635586187162,-2.0391,-6.0703,-4.9219,2.0801,-1.4316,-1.5420
1635586187166,-2.0957,-6.3555,-5.0391,2.2266,-1.4531,-1.5674
1635586187170,-2.0996,-6.6250,-4.6953,2.3438,-1.4629,-1.5508
1635586187173,-1.9893,-7.1836,-4.0742,2.4355,-1.4834,-1.5615
1635586187177,-1.7285,-8.1016,-4.0273,2.6172,-1.4971,-1.5977
1635586187181,-1.2832,-9.4063,-2.8691,2.7910,-1.5117,-1.5879
1635586187184,-1.0527,-10.1484,-2.0723,2.8301,-1.3857,-1.5371
1635586187188,-1.2061,-9.1719,-1.9961,2.8652,-1.2207,-1.5176
1635586187193,-1.3311,-7.9570,-1.8262,2.9844,-1.1816,-1.4854
1635586187196,-1.3115,-7.5039,-1.6875,2.9551,-1.1836,-1.2676
1635586187200,-1.0674,-7.9063,-1.0576,2.4805,-1.1670,-0.8916
1635586187204,-0.5146,-8.5859,-0.4883,1.6689,-1.0859,-0.5469
1635586187207,0.0958,-9.2188,-0.0981,0.9585,-0.8975,-0.3181
1635586187211,0.4788,-10.2813,0.4644,0.4893,-0.6294,-0.0576
1635586187215,0.4021,-11.1797,0.4045,0.0148,-0.3062,0.2690
1635586187218,0.0072,-11.5313,0.2130,-0.4490,-0.0019,0.5103
1635586187222,-0.3831,-11.3438,-0.2035,-0.8394,0.2588,0.6680
1635586187225,-0.6870,-10.8203,-0.6152,-1.0488,0.4875,0.8384
1635586187236,-0.9502,-10.5078,-0.8643,-1.1348,0.6660,1.0459
1635586187237,-1.0430,-10.3906,-1.0693,-1.1973,0.7974,1.2305
1635586187238,-1.0605,-10.1797,-1.0869,-1.1816,0.9268,1.3574
1635586187240,-1.1416,-9.4141,-1.1563,-1.1504,1.0381,1.4795
1635586187246,-1.3662,-8.8984,-1.3311,-1.2334,1.1309,1.6445
1635586187249,-1.4912,-9.2031,-1.4697,-1.3066,1.2393,1.7100
1635586187276,-1.4502,-9.3516,-1.6016,-1.2148,1.3438,1.6660
1635586187279,-1.2734,-9.4922,-1.9463,-0.9448,1.4102,1.6523
1635586187294,-1.0791,-9.5625,-2.1172,-0.5566,1.4971,1.6357
1635586187299,-1.2324,-8.1641,-2.2520,0.0839,1.6152,1.3350
1635586187302,-1.4531,-6.6953,-2.2129,0.0839,1.6152,1.3350
1635586187326,-1.4385,-6.3789,-2.2656,0.1382,1.7100,1.1777
1635586187330,-0.8999,-7.6992,-2.4727,0.3616,1.7803,1.0332
1635586187333,-0.5840,-8.5859,-2.5703,0.8179,1.8779,0.8340
1635586187346,-0.7900,-8.2891,-3.2559,1.6045,1.9893,0.6030
1635586187362,-0.9839,-7.2344,-3.5039,2.3496,1.9834,0.4287
1635586187366,-0.8472,-5.8633,-3.6855,2.4941,1.9111,0.2457
1635586187370,-0.4380,-4.8203,-3.9805,2.1387,1.8398,-0.0075
1635586187396,-0.1627,-4.6953,-4.3867,1.6152,1.8311,-0.1980
1635586187411,-0.3208,-5.1953,-4.6992,1.1602,1.8467,-0.2896
1635586187415,-0.6416,-5.9492,-4.5742,0.8511,1.7842,-0.3596
1635586187419,-0.7681,-6.7031,-4.7422,0.7275,1.6475,-0.4373
1635586187428,-0.5000,-7.4414,-4.8828,0.7734,1.4629,-0.5405
1635586187436,0.0024,-7.9414,-5.1563,0.7764,1.2920,-0.6333
1635586187440,0.3350,-7.8086,-5.4063,0.6392,1.2109,-0.7119
1635586187466,0.2800,-7.4531,-5.4297,0.4946,1.2139,-0.7725
1635586187470,-0.0574,-7.1875,-5.2344,0.3530,1.2080,-0.8057
1635586187473,-0.2825,-7.2344,-4.9141,0.2180,1.1172,-0.8013
1635586187486,-0.1819,-7.8711,-4.7070,0.0946,0.9580,-0.7861
1635586187490,0.1053,-8.5156,-5.0430,0.0361,0.8228,-0.8022
1635586187516,0.2010,-8.8750,-5.4141,0.0989,0.7461,-0.8193
1635586187520,0.0981,-8.7969,-5.4414,0.1808,0.6958,-0.8301
1635586187523,-0.0886,-8.4297,-5.2422,0.2169,0.6440,-0.8472
1635586187536,-0.1388,-8.2031,-4.9102,0.2106,0.5522,-0.8672
1635586187540,-0.0335,-8.1094,-4.7188,0.1084,0.4407,-0.8691
1635586187567,0.1149,-8.1563,-4.7617,-0.0735,0.3481,-0.8428
1635586187570,0.1675,-8.2813,-4.8984,-0.2448,0.2864,-0.8267
1635586187573,0.0837,-8.4844,-4.7773,-0.3650,0.2333,-0.8066
1635586187587,-0.0168,-8.5078,-4.7695,-0.4512,0.1907,-0.7886
1635586187590,0.0000,-8.5469,-4.6563,-0.4724,0.1428,-0.7681
1635586187617,0.0551,-8.9766,-4.3711,-0.4119,0.0950,-0.7446
1635586187620,0.1412,-9.4453,-4.3281,-0.2363,0.0588,-0.7344
1635586187623,0.3110,-9.6250,-4.2734,-0.0490,0.0322,-0.7373
1635586187637,0.2920,-9.4063,-4.3008,0.0723,0.0300,-0.7290
1635586187640,0.2058,-8.8828,-4.3555,0.1105,0.0364,-0.7275
1635586187667,0.0933,-8.3672,-4.5000,0.1169,0.0269,-0.7202
1635586187670,0.0359,-8.0000,-4.6172,0.0244,0.0066,-0.6724
1635586187674,0.1484,-7.8203,-4.5508,-0.1917,-0.0146,-0.6074
1635586187687,0.4189,-8.2578,-4.9492,-0.3511,0.0152,-0.5020
1635586187690,0.6582,-9.2344,-4.5625,-0.4661,0.0535,-0.3713
1635586187717,0.5625,-9.6484,-4.5703,-0.5137,0.1907,-0.3086
1635586187720,0.3088,-10.2813,-4.3281,-0.4258,0.2842,-0.2725
1635586187724,0.3567,-10.9922,-4.3203,-0.2500,0.3918,-0.3479
1635586187737,0.0431,-9.6406,-3.8438,0.0520,0.4929,-0.4980
1635586187740,0.3494,-7.5078,-3.4570,0.3669,0.4036,-0.3298
1635586187767,0.5503,-9.1563,-2.5156,0.4138,0.3684,0.2424
1635586187770,-0.0574,-11.0313,-2.2559,0.3691,0.4736,0.3372
1635586187774,0.2632,-11.2891,-1.5391,0.4170,0.2971,0.2275
1635586187787,0.9312,-11.1328,-1.4404,0.4009,0.2247,0.3372
1635586187790,0.5122,-10.8984,-1.9336,0.6191,0.2927,0.3245
1635586187817,0.3064,-10.6719,-2.2090,0.8936,0.2991,0.3381
1635586187820,0.7202,-10.5625,-2.1992,0.9253,0.3035,0.4595
1635586187824,0.3997,-9.8047,-2.0898,0.5820,0.3428,0.4404
1635586187837,-0.1938,-8.8984,-2.4746,0.0169,0.3855,0.3562
1635586187853,-0.1627,-7.7891,-3.3105,-0.6758,0.3472,0.1978
1635586187858,1.0000,-7.9258,-3.5879,-1.2109,0.2502,0.0648
1635586187861,1.6016,-10.0938,-3.9473,-1.2920,0.3342,0.0318
1635586187887,0.3208,-11.2813,-3.1621,-0.8779,0.5972,0.2627
1635586187890,0.3711,-10.6484,-2.4863,-0.5435,0.6479,0.4075
1635586187903,0.8257,-10.3359,-2.1230,-0.3416,0.7012,0.4458
1635586187907,0.7349,-10.2031,-1.9316,-0.3682,0.7056,0.4126
1635586187911,0.6221,-9.8594,-2.0859,-0.4426,0.6299,0.3381
1635586187937,0.9312,-9.7500,-2.3242,-0.4971,0.5747,0.3286
1635586187940,1.0244,-9.5859,-2.7695,-0.5479,0.5991,0.3350
1635586187944,0.8950,-9.1172,-3.0664,-0.6343,0.6323,0.3394
1635586187957,0.8950,-8.4531,-3.3203,-0.7939,0.6748,0.3020
1635586187960,0.8164,-8.1016,-3.4141,-0.9854,0.7163,0.2583
1635586187987,0.7588,-7.9219,-3.3750,-1.2363,0.7207,0.1840
1635586188003,0.8643,-8.0547,-3.2520,-1.4717,0.7236,0.0925
1635586188007,0.8447,-8.3516,-3.2344,-1.5908,0.7256,0.0393
1635586188012,0.8140,-8.5234,-3.3457,-1.6123,0.7207,0.0052
1635586188015,0.9404,-8.6563,-3.5742,-1.5664,0.7144,-0.0150
1635586188027,1.0078,-8.7344,-3.9082,-1.5098,0.6885,-0.0171
1635586188031,1.1563,-8.8203,-4.1367,-1.4844,0.6450,-0.0118
1635586188057,1.2900,-8.8438,-4.4063,-1.4980,0.5908,-0.0235
1635586188069,1.3018,-8.7344,-4.7266,-1.5029,0.5278,-0.0118
1635586188072,1.2754,-8.5234,-4.9961,-1.5127,0.4556,0.0584
1635586188077,1.3066,-8.5469,-5.2813,-1.6074,0.3738,0.1350
1635586188080,1.5820,-9.0859,-5.8477,-1.7607,0.3003,0.1488
1635586188117,1.4619,-9.2656,-6.3555,-1.7900,0.2333,0.1212
1635586188135,1.4170,-9.0313,-6.5039,-1.6748,0.1609,0.1318
1635586188138,1.2471,-8.7422,-6.6094,-1.4746,0.1035,0.1797
1635586188143,1.2998,-8.5156,-6.6055,-1.2881,0.0162,0.2318
1635586188146,1.4600,-8.5000,-6.7344,-1.1807,-0.0508,0.2839
1635586188150,1.2803,-8.5781,-6.8008,-1.0859,-0.0827,0.2913
1635586188157,1.0557,-8.3359,-6.6484,-0.9819,-0.1572,0.2913
1635586188167,1.0313,-8.0625,-6.6484,-0.8726,-0.2688,0.3010
1635586188177,1.0146,-7.9531,-6.9023,-0.7842,-0.3796,0.2979
1635586188181,1.1006,-7.9688,-7.1484,-0.7246,-0.4678,0.3064
1635586188207,1.0986,-7.9375,-7.3633,-0.6758,-0.5317,0.3159
1635586188211,1.0146,-7.8281,-7.4648,-0.6597,-0.6104,0.3286
1635586188214,0.9600,-7.5977,-7.4336,-0.6787,-0.6870,0.3169
1635586188232,0.8018,-7.4063,-7.5234,-0.6650,-0.7690,0.3254
1635586188236,0.6895,-7.4180,-7.5508,-0.6553,-0.8711,0.3296
1635586188247,0.6343,-7.3945,-7.5977,-0.6748,-0.9648,0.3147
1635586188251,0.5435,-7.2656,-7.7148,-0.6992,-1.0371,0.2861
1635586188277,0.5049,-7.0039,-7.7539,-0.7617,-1.1074,0.2383
1635586188281,0.4619,-6.7188,-7.5703,-0.8223,-1.1611,0.2201
1635586188284,0.3230,-6.5938,-7.3047,-0.8960,-1.2041,0.2009
1635586188297,0.1077,-6.6836,-7.3711,-0.9097,-1.2285,0.2020
1635586188301,0.0455,-6.9375,-7.4609,-0.8618,-1.2793,0.1797
1635586188327,0.0694,-7.1133,-7.3438,-0.7788,-1.3076,0.1339
1635586188331,0.0263,-6.8398,-7.3516,-0.6895,-1.3213,0.0754
1635586188334,-0.0837,-6.4961,-7.1914,-0.5254,-1.3516,0.0403
1635586188347,-0.3757,-6.1523,-6.8164,-0.5171,-1.3633,0.0105
1635586188351,-0.3757,-6.1523,-6.8164,-0.5171,-1.3633,0.0105
1635586188377,-0.6846,-5.9609,-6.7969,-0.4990,-1.4512,-0.0948
1635586188381,-0.7422,-5.6484,-6.9219,-0.4971,-1.4795,-0.1384
1635586188384,-0.8018,-5.4531,-7.0703,-0.4768,-1.4746,-0.1714
1635586188397,-0.9048,-5.3711,-6.9805,-0.4736,-1.4434,-0.2054
1635586188401,-0.9624,-5.3984,-6.7305,-0.4534,-1.4287,-0.2969
1635586188427,-1.0840,-5.5898,-6.7070,-0.3777,-1.4229,-0.3843
1635586188431,-1.2393,-5.6484,-6.7656,-0.2712,-1.4307,-0.4661
1635586188434,-1.3574,-5.5664,-6.7773,-0.0991,-1.4453,-0.5405
1635586188447,-1.4453,-5.3867,-6.7070,0.0967,-1.4326,-0.6279
1635586188451,-1.5127,-5.1172,-6.6602,0.2478,-1.4385,-0.7407
1635586188477,-1.4434,-5.0313,-6.3438,0.3914,-1.4404,-0.9141
1635586188481,-1.5674,-5.5820,-5.8086,0.5337,-1.4189,-1.0615
1635586188484,-1.6348,-6.2344,-5.7383,0.6753,-1.4336,-1.1738
1635586188507,-1.6973,-6.7305,-6.0234,0.9502,-1.4707,-1.3057
1635586188511,-1.7588,-7.0352,-6.1953,1.3584,-1.4912,-1.4795
1635586188514,-1.8242,-7.1367,-6.2617,1.8770,-1.4746,-1.6475
1635586188527,-1.8984,-7.1133,-6.4102,2.4707,-1.4033,-1.7559
1635586188531,-1.8984,-6.9180,-6.5898,2.9082,-1.3223,-1.8164
1635586188558,-1.7930,-6.4531,-6.7031,3.1211,-1.2510,-1.8564
1635586188561,-1.9746,-5.4023,-6.0273,3.1699,-1.1270,-1.7842
1635586188578,-2.4336,-4.9727,-5.4219,3.1152,-0.9458,-1.6689
1635586188583,-2.5195,-6.0664,-4.6563,3.1992,-0.9858,-1.6787
1635586188595,-2.0742,-7.2891,-3.3730,3.1445,-1.2305,-1.6436
1635586188599,-1.5723,-6.9883,-3.1426,2.8672,-1.3242,-1.5244
1635586188611,-1.1104,-6.5352,-2.3672,2.7168,-1.3076,-1.3945
1635586188617,-0.7944,-6.8086,-1.6777,2.4492,-1.2061,-1.1943
1635586188621,-0.6245,-7.2852,-1.0391,1.8682,-1.0781,-0.9429
1635586188648,-0.4978,-7.8359,-0.7036,1.1611,-0.9209,-0.7119
1635586188651,-0.5073,-8.5313,-0.4834,0.5171,-0.7339,-0.4832
1635586188654,-0.5815,-9.1094,-0.5337,-0.0554,-0.5317,-0.2629
1635586188668,-0.6245,-9.4688,-0.7036,-0.4788,-0.3315,-0.0480
1635586188671,-0.7178,-9.4688,-1.0771,-0.7993,-0.1582,0.2009
1635586188698,-0.8618,-9.5313,-1.4648,-1.0713,0.0364,0.4839
1635586188709,-0.9932,-10.3672,-2.0215,-1.2344,0.2747,0.7158
1635586188726,-0.9839,-11.1875,-2.4922,-1.2354,0.4844,0.8701
1635586188740,-0.9404,-11.1406,-2.5879,-1.0869,0.6577,1.0156
1635586188744,-0.9023,-10.7969,-2.6406,-0.8330,0.8130,1.1631
1635586188747,-1.0361,-10.0313,-2.5684,-0.5957,0.9727,1.2344
1635586188752,-1.3184,-8.6172,-2.6680,-0.3821,1.0830,1.2129
1635586188756,-1.5273,-7.7148,-2.3789,-0.2927,1.1143,1.2734
1635586188768,-1.8213,-7.4297,-2.1914,-0.3311,1.1855,1.3857
1635586188771,-2.0332,-7.3008,-2.2383,-0.3203,1.2607,1.4199
1635586188806,-1.9248,-7.6523,-2.6523,-0.1479,1.2822,1.3564
1635586188839,-1.5459,-8.3438,-2.3672,0.1445,1.2979,1.2598
1635586188842,-1.2354,-8.7344,-1.6230,0.3530,1.3623,1.1230
1635586188847,-1.1172,-8.4297,-1.5801,0.5093,1.4023,0.8926
1635586188850,-1.0674,-7.7188,-2.2402,0.8008,1.3916,0.5986
1635586188854,-1.0840,-7.3398,-3.4473,1.2676,1.4199,0.3296
1635586188857,-1.0820,-7.2969,-4.4336,1.7705,1.4395,0.0872
1635586188873,-0.9121,-7.2266,-4.6875,2.1465,1.3809,-0.1533
1635586188878,-0.7158,-6.9805,-4.3867,2.3262,1.3096,-0.3650
1635586188881,-0.7178,-6.6211,-4.3086,2.3770,1.2676,-0.5820
1635586188890,-0.8711,-6.5938,-4.5195,2.5078,1.1992,-0.7993
1635586188898,-1.0029,-6.7188,-4.5820,2.5566,1.0107,-0.9277
1635586188901,-0.7681,-6.4063,-4.6523,2.2676,0.7832,-1.0400
1635586188928,-0.3687,-6.0586,-4.6680,1.7705,0.6089,-1.1533
1635586188931,-0.1436,-6.3281,-4.6289,1.2832,0.4802,-1.1992
1635586188935,-0.0909,-7.0547,-4.6992,0.8491,0.3608,-1.1572
1635586188948,-0.0311,-7.6484,-4.6758,0.4458,0.2493,-1.1045
1635586188951,0.1675,-8.1797,-4.6406,0.1404,0.1460,-1.0830
1635586188978,0.4453,-8.9063,-4.6992,-0.0576,0.0588,-1.0566
1635586188988,0.5386,-9.6563,-4.4531,-0.1586,0.0056,-1.0078
1635586189005,0.4475,-9.9688,-4.0508,-0.1373,-0.0359,-0.9639
1635586189009,0.3135,-9.9922,-3.9297,-0.0267,-0.0678,-0.9375
1635586189013,0.1771,-9.9297,-3.9453,0.1414,-0.0795,-0.9312
1635586189016,0.2871,-10.0547,-3.7285,0.2583,-0.0901,-0.9429
1635586189028,0.5840,-10.0547,-3.6016,0.3574,-0.0668,-0.9556
1635586189031,0.8833,-9.7422,-3.5156,0.4734,-0.0146,-0.9702
1635586189058,1.1699,-9.5781,-3.2598,0.5156,0.0258,-0.9692
1635586189071,1.3740,-9.5625,-3.2051,0.4990,0.0609,-0.9141
1635586189074,1.5322,-9.8672,-3.3828,0.5405,0.0843,-0.8032
1635586189079,1.7256,-10.0156,-3.6055,0.5830,0.1035,-0.6914
1635586189082,1.5654,-9.2813,-3.8281,0.5361,0.1439,-0.6074
1635586189118,1.1611,-7.3945,-3.9180,0.3201,0.1938,-0.4673
1635586189151,2.1602,-8.2656,-3.2344,-0.3777,0.1365,-0.1820
1635586189154,2.3594,-9.7813,-3.4941,-1.0762,0.3481,-0.0842
1635586189167,1.3281,-10.5703,-3.5000,-0.7993,0.6001,-0.1246
1635586189185,0.7085,-10.5547,-3.0508,-0.2681,0.5991,-0.0799
1635586189189,0.9263,-9.8594,-2.5273,0.0489,0.5405,0.0233
1635586189202,1.3184,-9.4297,-1.9551,0.1499,0.5503,0.1307
1635586189205,1.3926,-9.3906,-1.6680,0.2126,0.6343,0.1031
1635586189210,1.2256,-9.4063,-1.8809,0.2957,0.6460,0.0393
1635586189218,1.1875,-8.7969,-2.5605,0.2148,0.5610,0.0510
1635586189221,1.2227,-7.9883,-3.0723,-0.0522,0.4802,0.0659
1635586189234,1.1563,-8.0781,-3.3359,-0.3555,0.4438,0.0914
1635586189238,1.0000,-8.7578,-3.2598,-0.5947,0.4365,0.1414
1635586189249,0.8833,-9.1406,-3.1094,-0.5786,0.4270,0.1978
1635586189253,0.8423,-9.2031,-2.9453,-0.5405,0.3748,0.1808
1635586189256,0.9717,-9.1094,-2.8770,-0.6885,0.3066,0.1010
1635586189260,1.1533,-9.2500,-2.7910,-0.8501,0.3237,0.0584
1635586189268,1.1172,-9.6719,-3.1621,-0.9341,0.4099,0.0882
1635586189272,0.8975,-9.1719,-3.7676,-0.9404,0.5151,0.1010
1635586189299,0.8091,-8.7656,-4.0273,-1.0010,0.5894,0.1404
1635586189303,0.8423,-8.9609,-3.8750,-1.0869,0.6768,0.1978
1635586189316,0.8447,-9.0000,-3.3984,-1.1582,0.7974,0.2446
1635586189321,0.7490,-8.9063,-2.7676,-1.2725,0.9102,0.2903
1635586189333,0.7349,-8.8672,-1.9600,-1.4189,0.9219,0.2542
1635586189338,0.5889,-8.8516,-2.0859,-1.4824,0.8916,0.2212
1635586189349,0.6606,-8.9922,-2.5664,-1.4814,0.8555,0.1860
1635586189359,0.8594,-9.3359,-3.0762,-1.3477,0.8438,0.1914
1635586189380,1.0098,-9.0156,-3.4160,-1.2695,0.8516,0.2137
1635586189396,1.0938,-8.2188,-3.7227,-1.3428,0.8643,0.1445
1635586189413,1.0771,-7.8359,-3.8320,-1.4365,0.8931,0.0882
1635586189418,1.1318,-7.9102,-3.8652,-1.5654,0.8950,0.0797
1635586189429,1.3066,-8.3984,-3.7617,-1.6836,0.8687,0.0499
1635586189433,1.3018,-8.9141,-3.9590,-1.7012,0.8140,0.0052
1635586189437,1.3525,-9.3906,-4.2969,-1.5566,0.7373,0.0180
1635586189442,1.3906,-9.6172,-4.5703,-1.3057,0.6426,0.0382
1635586189446,1.4355,-9.4063,-4.6250,-1.0957,0.5449,0.0680
1635586189459,1.4863,-9.2031,-4.9141,-0.9106,0.3333,0.0956
1635586189476,1.3379,-8.9453,-5.3789,-1.0391,0.2024,0.1520
1635586189482,2.2734,-9.1641,-5.5703,-1.3633,0.1821,0.1840
1635586189485,1.6064,-9.7734,-5.9063,-1.3564,0.2493,0.1711
1635586189499,1.0166,-9.8984,-5.9297,-1.1211,0.1311,0.2893
1635586189511,1.4580,-9.3672,-6.3438,-1.0791,-0.0519,0.3521
1635586189518,1.8594,-8.9609,-6.6055,-1.1299,-0.0753,0.3499
1635586189528,1.5625,-8.7969,-6.5938,-1.2021,-0.0519,0.4009
1635586189544,1.2129,-8.6875,-6.5430,-1.2559,-0.1104,0.4690
1635586189562,1.1943,-8.7266,-6.6172,-1.2695,-0.2051,0.5020
1635586189567,1.1201,-8.9297,-6.6641,-1.2236,-0.2773,0.4956
1635586189577,1.0361,-8.9297,-6.9141,-1.1387,-0.3721,0.4775
1635586189582,1.0557,-8.6484,-7.2227,-1.0400,-0.4744,0.4915
1635586189595,1.0986,-8.2188,-7.2969,-0.9331,-0.5444,0.5210
1635586189600,1.0195,-7.8828,-7.3594,-0.8428,-0.6040,0.5571
1635586189626,0.9790,-7.8125,-7.3867,-0.8301,-0.6787,0.5850
1635586189631,0.9932,-7.9336,-7.5430,-0.8472,-0.7510,0.5957
1635586189659,0.9072,-7.9844,-7.5469,-0.8276,-0.8125,0.5986
1635586189691,0.7324,-7.8125,-7.5703,-0.7744,-0.8774,0.5967
1635586189708,0.6079,-7.4688,-7.6836,-0.7227,-0.9487,0.5957
1635586189711,0.6030,-7.2188,-7.6289,-0.6841,-1.0215,0.5967
1635586189724,0.5864,-7.0859,-7.5117,-0.6841,-1.0771,0.5947
1635586189742,0.4141,-6.9453,-7.5391,-0.7065,-1.1260,0.5933
1635586189757,0.2417,-6.8828,-7.5508,-0.7031,-1.1855,0.5869
1635586189773,0.0862,-6.7383,-7.5430,-0.7148,-1.2510,0.5508
1635586189789,0.0215,-6.5000,-7.3672,-0.7173,-1.2969,0.4968
1635586189806,-0.1484,-6.2461,-7.3398,-0.6875,-1.3252,0.4766
1635586189810,-0.2394,-5.9648,-7.2539,-0.6768,-1.3672,0.4094
1635586189822,-0.3567,-5.8555,-7.2148,-0.5991,-1.3857,0.3606
1635586189839,-0.5215,-5.8008,-7.2578,-0.5415,-1.4111,0.3105
1635586189842,-0.6533,-5.7070,-7.1563,-0.4565,-1.4297,0.2308
1635586189846,-0.8403,-5.6406,-7.2656,-0.3428,-1.4531,0.1627
1635586189871,-0.9648,-5.4766,-7.3008,-0.2480,-1.5117,0.0520
1635586189877,-0.9360,-5.4766,-7.1211,-0.0788,-1.5547,-0.0533
1635586189882,-0.9907,-5.5039,-6.9922,0.0956,-1.5879,-0.1362
1635586189888,-1.2227,-5.2539,-6.9883,0.2532,-1.6182,-0.2725
1635586189904,-1.4170,-5.0469,-7.1055,0.4658,-1.6416,-0.4087
1635586189920,-1.5674,-5.0273,-6.6953,0.6191,-1.6797,-0.5449
1635586189924,-1.6709,-5.1484,-6.2109,0.7129,-1.7490,-0.7427
1635586189939,-1.6846,-5.4102,-6.3672,0.8403,-1.8037,-0.9404
1635586189955,-1.6777,-5.7305,-6.2695,1.0254,-1.8193,-1.1240
1635586189986,-1.8311,-6.1094,-6.0469,1.3125,-1.8193,-1.2871
1635586190004,-1.9482,-6.6211,-6.0898,1.7393,-1.8145,-1.4814
1635586190021,-1.8887,-7.2344,-6.4258,2.2441,-1.7939,-1.6289
1635586190035,-2.2168,-7.4336,-7.0039,2.7480,-1.6904,-1.6729
1635586190053,-2.5469,-7.2148,-6.5586,3.2109,-1.6865,-1.7959
1635586190068,-2.8340,-7.2344,-5.6641,3.5898,-1.6514,-1.9961
1635586190077,-2.8633,-7.5430,-5.3906,4.0586,-1.5889,-2.0352
1635586190080,-2.9219,-7.5547,-4.6172,4.4844,-1.6572,-1.9590
1635586190086,-2.5508,-7.1602,-3.2051,4.5391,-1.7139,-1.8848
1635586190090,-2.0996,-6.5430,-2.6426,4.4258,-1.6533,-1.8779
1635586190100,-1.5986,-6.3125,-1.9531,4.2109,-1.6416,-1.7979
1635586190117,-1.0527,-6.2461,-0.9048,3.8125,-1.5635,-1.5742
1635586190133,-0.5815,-6.1484,0.4045,3.1211,-1.3740,-1.2822
1635586190137,-0.2896,-5.9141,1.2158,2.3438,-1.1094,-1.0830
1635586190150,-0.2155,-5.7422,1.8672,1.5371,-0.8628,-0.8057
1635586190153,-0.1699,-5.9219,2.2305,0.5444,-0.6807,-0.3682
1635586190157,-0.0718,-6.8203,1.9863,-0.4651,-0.4275,0.0244
1635586190166,-0.0503,-7.9961,1.5938,-1.3428,-0.1083,0.3074
1635586190182,-0.1794,-9.1875,1.3135,-2.0000,0.2279,0.5859
1635586190199,-0.1149,-11.2656,0.8164,-2.3672,0.5405,0.8672
1635586190215,-0.6582,-12.1016,-0.0646,-2.3125,0.8452,0.9927
1635586190231,-1.4746,-10.2500,-0.8569,-2.1016,0.9824,0.9917
1635586190248,-1.4697,-9.0391,-1.7734,-2.0176,0.9717,1.1768
1635586190252,-1.1943,-9.7109,-2.5410,-1.9834,1.0713,1.4756
1635586190255,-1.2520,-10.3516,-3.0938,-1.8643,1.2900,1.6621
1635586190266,-1.5488,-10.1016,-3.2207,-1.6221,1.4932,1.7305
1635586190277,-1.8643,-9.2109,-3.0918,-1.4336,1.6465,1.7383
1635586190282,-2.0918,-8.2734,-2.7715,-1.3945,1.7764,1.7285
1635586190299,-2.2754,-8.0703,-2.3594,-1.5010,1.8594,1.7334
1635586190315,-2.4238,-7.8711,-1.9121,-1.7012,1.8770,1.7207
1635586190319,-2.5820,-7.4258,-1.7109,-1.8555,1.8682,1.6631
1635586190324,-2.7109,-7.1484,-1.8838,-1.8945,1.8018,1.5967
1635586190330,-2.6055,-7.1172,-2.3711,-1.8066,1.6904,1.5088
1635586190348,-2.3086,-7.3125,-2.7676,-1.5938,1.6045,1.4033
1635586190365,-1.8721,-7.8828,-3.3516,-1.2295,1.5752,1.2744
1635586190368,-1.3760,-8.7813,-3.8965,-0.6724,1.5771,1.0938
1635586190381,-1.0244,-9.5547,-4.1836,0.1105,1.6035,0.8594
1635586190385,-0.7969,-9.7031,-4.7500,1.1240,1.6475,0.6001
1635586190397,-0.5938,-9.2813,-5.3281,2.2207,1.7090,0.3669
1635586190426,-0.4116,-8.5547,-5.6992,3.1016,1.7607,0.1328
1635586190431,-0.2537,-7.6406,-5.7383,3.5488,1.7666,-0.1310
1635586190435,-0.2394,-6.7500,-5.5195,3.5781,1.7715,-0.3894
1635586190438,-0.5742,-6.0586,-5.6992,3.4648,1.7354,-0.6099
1635586190442,-0.5024,-6.1875,-5.4844,3.1914,1.5400,-0.7310
1635586190446,-0.0790,-6.4844,-5.3047,2.7129,1.3750,-0.8564
1635586190449,0.0407,-6.4063,-5.4531,2.3906,1.3203,-0.9492
1635586190453,0.1532,-6.6055,-5.0273,2.0391,1.2217,-0.9419
1635586190458,0.3782,-6.7852,-4.9648,1.3799,1.0957,-0.9492
1635586190462,0.5718,-6.8672,-4.9766,0.6533,0.9683,-0.9961
1635586190465,0.6821,-7.2969,-4.9141,0.0648,0.8887,-0.9395
1635586190469,0.6582,-7.7344,-5.3359,-0.2969,0.8608,-0.8354
1635586190473,0.6392,-8.1094,-5.8984,-0.5723,0.7866,-0.7427
1635586190476,0.7061,-8.5469,-6.1016,-0.8618,0.6895,-0.6523
1635586190480,0.7397,-9.1094,-6.1758,-1.0244,0.6533,-0.5552
1635586190484,0.7275,-9.8281,-6.0039,-0.9800,0.6260,-0.4756
1635586190488,0.6748,-10.0625,-5.9844,-0.7905,0.6118,-0.4150
1635586190491,0.4070,-9.6484,-5.5469,-0.5640,0.6143,-0.3298
1635586190495,0.1508,-9.1875,-4.9531,-0.4768,0.5938,-0.2267
1635586190499,-0.0551,-9.1406,-4.4805,-0.4512,0.5249,-0.2001
1635586190502,-0.2991,-9.3828,-4.5313,-0.3564,0.3970,-0.2299
1635586190507,-0.5410,-8.2813,-5.1992,-0.3311,0.2301,-0.2107
1635586190511,-0.3901,-8.4219,-4.7422,-0.4321,0.2087,0.0424
1635586190515,-0.0909,-10.0859,-4.4453,-0.7715,0.2876,0.0520
1635586190524,-0.4236,-9.6328,-4.4766,-0.8438,0.3450,-0.2671
1635586190526,-0.7729,-8.5156,-4.1016,-0.3108,0.2227,-0.2563
1635586190527,-0.9360,-8.0313,-3.9277,-0.1150,0.1300,-0.0831
1635586190531,-0.8950,-8.1094,-4.2852,-0.2480,0.1120,-0.0682
1635586190535,-0.6221,-8.6406,-4.5625,-0.3926,0.0662,-0.1501
1635586190559,-0.2178,-8.8047,-4.5977,-0.3596,0.0726,-0.1714
1635586190563,-0.2178,-8.8047,-4.5977,-0.3374,0.0800,-0.1937
1635586190566,-0.1963,-8.4766,-4.5273,-0.3660,0.0311,-0.2267
1635586190579,-0.1316,-8.5469,-4.5977,-0.3757,-0.0157,-0.2321
1635586190608,-0.2561,-8.2891,-5.1445,-0.4087,-0.0668,-0.2278
1635586190613,-0.2178,-8.1016,-5.2617,-0.3948,-0.1859,-0.2363
1635586190616,-0.0766,-8.3359,-5.2461,-0.2915,-0.2944,-0.2140
1635586190620,-0.0168,-8.5625,-5.1328,-0.1597,-0.3657,-0.2129
1635586190629,-0.0287,-8.2344,-5.1328,-0.0405,-0.4146,-0.2416
1635586190633,-0.0598,-7.9961,-4.8594,-0.0001,-0.4678,-0.2576
1635586190659,-0.1077,-8.1953,-4.6992,0.0361,-0.5146,-0.2788
1635586190676,-0.0766,-8.6641,-4.5000,0.1553,-0.5464,-0.3267
1635586190679,-0.0120,-9.0234,-4.2852,0.3489,-0.5562,-0.3938
1635586190684,0.0000,-9.0000,-4.3047,0.6255,-0.5474,-0.4673
1635586190687,-0.0837,-8.7109,-4.1797,0.9307,-0.5464,-0.5127
1635586190699,-0.1627,-8.4609,-3.8301,1.2324,-0.5542,-0.5449
1635586190708,-0.1675,-8.4609,-3.2891,1.4951,-0.5752,-0.5864
1635586190719,-0.0766,-8.5859,-3.1973,1.7686,-0.6021,-0.6118
1635586190723,0.1149,-8.4453,-3.1875,2.0059,-0.6509,-0.6245
1635586190749,0.4668,-7.9922,-3.0859,2.0586,-0.6626,-0.6860
1635586190758,0.7324,-7.9375,-2.8438,1.9854,-0.6069,-0.7173
1635586190761,0.7251,-8.0000,-2.8125,1.8457,-0.5112,-0.7031
1635586190770,0.8091,-7.7227,-2.7500,1.6465,-0.4465,-0.7085
1635586190773,1.1582,-7.9688,-2.8242,1.3916,-0.3945,-0.6714
1635586190800,1.1680,-6.6211,-2.9492,1.0313,-0.3210,-0.6045
1635586190803,1.7686,-7.1094,-1.9102,0.4639,-0.2571,-0.3342
1635586190808,2.2285,-9.4219,-2.1328,-0.4885,-0.1072,-0.1288
1635586190820,1.5127,-9.9688,-2.5605,-0.6968,0.2512,-0.3691
1635586190823,0.7466,-9.9922,-2.6055,-0.3735,0.2981,-0.4448
1635586190850,0.7012,-8.8047,-2.6992,-0.1288,0.1970,-0.4736
1635586190853,0.9668,-9.0781,-2.6250,0.2201,0.1534,-0.3438
1635586190871,1.4648,-9.8750,-3.0273,0.4309,0.1918,-0.2725
1635586190875,1.8691,-10.2578,-2.8125,0.7075,0.3076,-0.1906
1635586190879,1.7900,-9.3203,-2.5195,0.6636,0.4397,0.0084
1635586190890,1.3525,-7.8711,-2.2500,0.3105,0.5063,0.0786
1635586190894,0.8042,-7.5195,-2.1016,-0.2352,0.4917,0.0339
1635586190920,0.6152,-8.2578,-2.2090,-0.7471,0.3684,-0.0618
1635586190923,1.0049,-9.3516,-2.4492,-1.0000,0.2322,-0.1107
1635586190927,1.1914,-9.7500,-2.9844,-0.9077,0.2396,-0.0597
1635586190940,1.0049,-8.9609,-3.4180,-0.8003,0.2908,-0.0075
1635586190943,0.6436,-7.8516,-3.5898,-0.9170,0.3120,-0.0224
1635586190970,0.5000,-7.8320,-4.0000,-1.0664,0.3406,-0.0373
1635586190973,0.7993,-8.8203,-3.9512,-1.1855,0.2661,-0.0714
1635586190977,1.3496,-8.6953,-4.2266,-1.1318,0.1970,-0.1917
1635586190990,1.4121,-8.5156,-3.7910,-0.9883,0.2534,-0.0469
1635586190993,1.2656,-8.8359,-3.1641,-1.2695,0.3555,0.0690
1635586191020,1.3164,-9.0938,-3.2148,-1.5254,0.3928,-0.1459
1635586191024,1.3574,-9.7422,-3.2559,-1.4531,0.3652,-0.1554
1635586191027,1.2803,-9.9219,-3.4922,-1.2500,0.3918,-0.1235
1635586191040,1.4316,-9.4688,-3.3145,-0.9790,0.4663,-0.0905
1635586191044,1.5703,-9.2891,-3.4531,-1.0400,0.4663,-0.0192
1635586191070,1.5010,-9.2891,-3.5234,-1.1631,0.4834,-0.0884
1635586191074,0.7920,-8.6641,-4.4531,-0.9556,0.5313,-0.1437
1635586191077,0.5601,-7.3594,-4.8789,-0.8872,0.4812,-0.1001
1635586191090,1.3398,-7.4219,-4.6836,-1.1523,0.4204,-0.0033
1635586191094,1.7500,-8.2344,-4.6914,-1.4795,0.5249,0.0254
1635586191120,1.2783,-8.4219,-4.8047,-1.6445,0.6226,-0.0161
1635586191124,0.8281,-8.4453,-4.8711,-1.5059,0.5981,-0.0075
1635586191127,0.9624,-8.6953,-4.8672,-1.2900,0.4758,0.0371
1635586191140,1.3428,-8.7578,-5.1250,-1.1631,0.3906,0.0254
1635586191144,1.5225,-8.6484,-5.3281,-1.0801,0.3640,0.0105
1635586191185,1.5176,-8.5781,-5.4336,-1.0518,0.3503,0.0191
1635586191188,1.4482,-8.5781,-5.5898,-1.0283,0.3174,0.0424
1635586191192,1.3926,-8.3750,-5.9375,-1.0576,0.2544,0.0723
1635586191197,1.4668,-8.0469,-6.1211,-1.2295,0.1886,0.1063
1635586191200,1.6582,-7.9336,-6.1641,-1.5264,0.1609,0.1350
1635586191211,1.7324,-8.0078,-6.3945,-1.7949,0.1428,0.1648
1635586191214,1.6348,-8.3047,-6.8828,-1.8975,0.0928,0.2532
1635586191241,1.5225,-8.7578,-7.3594,-1.8438,0.0269,0.3511
1635586191244,1.4795,-9.2266,-7.3867,-1.7080,-0.0274,0.3787
1635586191248,1.3926,-9.0859,-7.3711,-1.5557,-0.0870,0.3669
1635586191261,1.3184,-8.6094,-7.5508,-1.3711,-0.1774,0.3914
1635586191269,1.3096,-8.4531,-7.6250,-1.2100,-0.2869,0.4382
1635586191281,1.2783,-8.4297,-7.6836,-1.1055,-0.3689,0.4607
1635586191284,1.2061,-8.3125,-7.8359,-0.9951,-0.4434,0.4766
1635586191311,1.1221,-8.2344,-7.8398,-0.8779,-0.5400,0.4575
1635586191314,1.0742,-7.9883,-7.9023,-0.8032,-0.6401,0.4211
1635586191318,1.0508,-7.6602,-8.0938,-0.7383,-0.7368,0.4106
1635586191331,1.0166,-7.4063,-8.1641,-0.6797,-0.8350,0.4148
1635586191335,0.9692,-7.1523,-8.2422,-0.6821,-0.9180,0.4275
1635586191361,0.9287,-6.8164,-8.2266,-0.7490,-0.9902,0.4243
1635586191364,0.8809,-6.5859,-8.0938,-0.8237,-1.0586,0.4297
1635586191368,0.7490,-6.6719,-7.9336,-0.8916,-1.1162,0.4297
1635586191381,0.5576,-6.6758,-7.9648,-0.9248,-1.1748,0.3777
1635586191400,0.3901,-6.6367,-8.0391,-0.8735,-1.2432,0.3394
1635586191405,0.3184,-6.5273,-7.9570,-0.7993,-1.3096,0.3147
1635586191408,0.3088,-6.3281,-7.7891,-0.7236,-1.3555,0.2690
1635586191421,0.2227,-6.1602,-7.7461,-0.6108,-1.3906,0.2106
1635586191425,0.1555,-6.0703,-7.7617,-0.4512,-1.4238,0.1478
1635586191451,0.0646,-6.1016,-7.7500,-0.2671,-1.4463,0.0872
1635586191455,-0.0359,-6.1289,-7.7852,-0.0469,-1.4580,0.0031
1635586191458,-0.1388,-6.0273,-7.7227,0.2052,-1.4814,-0.0905
1635586191471,-0.3064,-5.7852,-7.6289,0.4490,-1.5166,-0.1842
1635586191475,-0.4404,-5.5273,-7.5117,0.6553,-1.5518,-0.3000
1635586191501,-0.5435,-5.4531,-7.1719,0.8311,-1.5713,-0.4204
1635586191515,-0.6699,-5.7422,-6.8867,0.9893,-1.5879,-0.5107
1635586191519,-0.9385,-7.2227,-6.3672,1.3555,-1.7354,-0.8174
1635586191524,-1.0869,-7.5430,-6.8945,1.6660,-1.8340,-0.9819
1635586191527,-1.3477,-7.7109,-6.9922,2.1543,-1.8506,-1.0635
1635586191551,-1.5176,-7.9219,-6.8086,2.6816,-1.8926,-1.1152
1635586191555,-1.8262,-7.7852,-6.6602,3.1230,-1.9951,-1.2676
1635586191558,-2.0195,-7.4961,-6.6797,3.2773,-2.1094,-1.3477
1635586191571,-1.9580,-7.1602,-7.2617,3.3047,-2.1035,-1.2998
1635586191575,-1.8955,-6.2188,-6.9063,3.3047,-2.0156,-1.2627
1635586191601,-1.9912,-5.2617,-5.9336,3.1367,-1.8770,-1.1641
1635586191604,-1.5146,-5.5391,-3.7578,2.8262,-1.7168,-1.0205
1635586191608,-1.1699,-6.1367,-2.1289,2.6328,-1.4395,-0.9746
1635586191631,-1.5508,-6.0469,-1.1104,2.5879,-1.2275,-0.7876
1635586191648,-1.5918,-5.7305,-0.8926,2.3867,-1.2012,-0.4917
1635586191651,-1.2490,-5.8789,-1.0889,2.0898,-1.1240,-0.2915
1635586191656,-0.7036,-6.0586,0.1268,1.4775,-0.9756,-0.0501
1635586191659,-0.4092,-6.1719,1.1631,0.6436,-0.6689,0.2126
1635586191671,-0.5171,-6.8359,1.4141,-0.0980,-0.3594,0.4075
1635586191675,-0.9863,-7.7148,0.8257,-0.6553,-0.1295,0.6235
1635586191701,-1.2373,-8.4531,0.0790,-1.0010,0.0460,0.7944
1635586191705,-1.1465,-8.7500,-0.4573,-1.2041,0.2195,0.8726
1635586191708,-1.0049,-8.9453,-0.8184,-1.2119,0.4258,0.8979
1635586191721,-0.8662,-9.6953,-1.4844,-1.0996,0.6206,0.8926
1635586191744,-0.9360,-10.0156,-2.3965,-0.8638,0.7896,0.8872
1635586191749,-1.0742,-8.4688,-2.9199,-0.6318,0.8916,0.8491
1635586191752,-1.2520,-6.4102,-3.7070,-0.5850,1.0176,0.9775
1635586191762,-1.7236,-6.3672,-3.8711,-0.4172,1.2002,1.1055
1635586191777,-1.7500,-7.9844,-3.2285,-0.2438,1.3271,1.0752
1635586191782,-1.5391,-8.5859,-2.6797,-0.0991,1.3691,0.9980
1635586191785,-1.4863,-6.7617,-2.9707,0.0637,1.3408,0.6880
1635586191811,-1.3164,-4.8594,-3.8633,0.0680,1.3398,0.4202
1635586191815,-1.0293,-5.1719,-4.9453,-0.2617,1.4453,0.4458
1635586191818,-1.2178,-6.1563,-5.4844,-0.4290,1.6191,0.4626
1635586191831,-1.7041,-6.4063,-5.5078,-0.2107,1.6865,0.4116
1635586191845,-1.6367,-7.0313,-4.5742,0.0510,1.5811,0.3660
1635586191851,-1.4697,-7.4141,-3.5430,0.1563,1.4404,0.1893
1635586191861,-1.2373,-7.1875,-4.0000,0.1765,1.2939,-0.0799
1635586191872,-0.6748,-7.1875,-5.3242,0.0989,1.1934,-0.2947
1635586191877,-0.5264,-6.9141,-6.4961,-0.0437,1.2461,-0.4448
1635586191902,-1.0166,-6.0430,-7.2344,0.0052,1.2969,-0.5269
1635586191910,-1.2998,-5.6445,-7.4063,0.3435,1.2451,-0.5254
1635586191927,-1.2158,-6.3906,-5.8008,0.6699,1.0879,-0.5317
1635586191931,-0.8760,-7.6758,-4.2813,0.7529,0.8472,-0.6533
1635586191935,-0.1245,-8.3594,-4.6914,0.7490,0.5820,-0.8823
1635586191938,0.3135,-8.4688,-5.7578,0.8257,0.4875,-1.0254
1635586191962,-0.0072,-8.1797,-6.4180,0.9297,0.5845,-1.1260
1635586191965,-0.4812,-7.6250,-6.5547,1.0469,0.5894,-1.2305
1635586191969,-0.4524,-7.2422,-6.3594,1.1816,0.4429,-1.2715
1635586191982,-0.0718,-7.3633,-5.5273,1.2559,0.2725,-1.2285
1635586191985,0.3494,-7.9141,-4.6836,1.1494,0.1300,-1.2383
1635586192012,0.7515,-8.4609,-4.7148,0.9150,0.0066,-1.2764
1635586192015,0.7876,-8.9063,-4.9805,0.6958,-0.0434,-1.2627
1635586192019,0.6416,-9.4453,-5.2383,0.5688,-0.0604,-1.2148
1635586192032,0.5479,-9.5703,-5.1914,0.5234,-0.0934,-1.2246
1635586192035,0.5239,-9.2188,-4.8906,0.6211,-0.1083,-1.2109
1635586192062,0.7085,-8.9922,-4.3789,0.7563,-0.1423,-1.1230
1635586192065,0.9287,-8.9688,-4.1094,0.8384,-0.1796,-1.0508
1635586192069,1.0410,-8.9063,-4.2578,0.8032,-0.2019,-1.0068
1635586192082,1.0820,-8.6797,-4.2383,0.5894,-0.1902,-0.9419
1635586192085,1.2158,-8.4375,-4.0469,0.2700,-0.1561,-0.8940
1635586192112,1.2275,-8.2891,-4.0859,-0.0511,-0.1115,-0.8691
1635586192115,1.1582,-8.4922,-4.2461,-0.2810,-0.0859,-0.7598
1635586192119,1.2109,-8.4609,-4.2969,-0.4106,-0.0721,-0.6650
1635586192132,1.4795,-8.6875,-4.4922,-0.3992,-0.0263,-0.5298
1635586192141,1.8428,-9.9375,-4.4375,-0.4810,0.0258,-0.3193
1635586192152,1.8984,-10.6719,-3.4727,-0.5098,0.1396,-0.1735
1635586192155,2.1348,-10.8047,-2.6758,-0.5884,0.1886,-0.1501
1635586192182,2.0684,-10.6641,-2.9434,-0.5542,0.2737,-0.1075
1635586192185,1.6035,-10.5938,-3.1855,-0.5864,0.3193,-0.0171
1635586192189,1.2422,-10.1328,-3.5449,-0.5034,0.3640,-0.0799
1635586192202,1.1699,-9.7734,-3.9512,-0.1842,0.3726,-0.1362
1635586192206,1.0645,-9.2891,-4.0352,0.1467,0.3567,-0.0724
1635586192232,1.0508,-8.6016,-3.7891,0.2000,0.3025,-0.0246
1635586192235,1.1436,-8.5156,-3.4375,0.1659,0.2759,-0.0288
1635586192239,1.2373,-9.1406,-3.4746,0.1542,0.2365,-0.0948
1635586192252,1.3662,-8.9922,-3.4180,0.0435,0.1790,-0.1479
1635586192255,1.5225,-8.1250,-3.2031,-0.2043,0.1365,-0.0660
1635586192282,1.6514,-8.5000,-2.5098,-0.6309,0.1120,-0.0267
1635586192285,1.3613,-10.0156,-2.5391,-0.7212,0.1812,-0.1342
1635586192289,1.3213,-9.9688,-3.4297,-0.2883,0.1449,-0.2969
1635586192302,2.2266,-9.1484,-3.9551,0.0105,-0.0668,-0.2563
1635586192306,2.4883,-8.9844,-2.8340,-0.2097,0.0609,0.0084
1635586192357,1.5820,-8.9141,-2.6328,-0.8276,0.3279,0.1074
1635586192361,1.0869,-8.7656,-3.4355,-1.2031,0.3323,-0.1224
1635586192364,1.1035,-9.4922,-4.0391,-1.1016,0.2301,-0.1054
1635586192369,1.2949,-9.6484,-4.2891,-0.9756,0.2087,-0.0554
1635586192372,1.4023,-9.5000,-4.1680,-0.7212,0.2832,-0.0660
1635586192376,1.0957,-9.0156,-4.3633,-0.3298,0.3386,-0.0405
1635586192382,0.8423,-7.8633,-4.7773,-0.1863,0.2832,-0.0139
1635586192386,1.0986,-7.2891,-4.7773,-0.3906,0.2173,-0.0129
1635586192412,1.3877,-7.5586,-4.7656,-0.6616,0.2333,-0.0033
1635586192416,1.4531,-8.0000,-4.6797,-0.8940,0.2610,0.0116
1635586192419,1.4355,-8.5469,-4.5273,-0.9629,0.2810,0.0457
1635586192432,1.3262,-8.6875,-4.6484,-0.8789,0.2876,0.0786
1635586192439,1.3838,-8.5781,-4.5742,-0.7925,0.2642,0.0989
1635586192452,1.4980,-8.4375,-4.6055,-0.7427,0.2693,0.0839
1635586192456,1.5176,-8.2500,-4.6367,-0.7202,0.2715,0.1105
1635586192483,1.6250,-8.2422,-4.5352,-0.7578,0.2556,0.1542
1635586192488,1.5391,-8.2578,-4.7930,-0.7534,0.2524,0.1637
1635586192492,1.5459,-8.2734,-5.0586,-0.8174,0.2087,0.1903
1635586192507,1.6729,-8.1875,-5.2930,-0.9375,0.1970,0.2084
1635586192510,1.6943,-8.0391,-5.5078,-1.0527,0.2087,0.2424
1635586192523,1.7715,-8.0859,-5.7422,-1.1982,0.1981,0.2935
1635586192527,1.7305,-8.2813,-5.8789,-1.3213,0.1929,0.3479
1635586192553,1.7070,-8.8906,-5.8359,-1.3340,0.2067,0.4255
1635586192585,1.5625,-9.5469,-5.8008,-1.2354,0.1832,0.4819
1635586192601,1.4102,-9.2109,-6.2148,-0.8672,0.0269,0.5254
1635586192618,1.4746,-8.9297,-6.2422,-0.7095,-0.0349,0.5669
1635586192622,1.4531,-8.8750,-6.2773,-0.5566,-0.0583,0.6040
1635586192625,1.2734,-8.8125,-6.4727,-0.4106,-0.0891,0.6299
1635586192629,1.1533,-8.6797,-6.5273,-0.2734,-0.1381,0.6436
1635586192634,1.1436,-8.5938,-6.4844,-0.1203,-0.1902,0.6636
1635586192639,1.1152,-8.3281,-6.6328,-0.0118,-0.2700,0.6763
1635586192651,1.1729,-8.1641,-6.8281,0.0137,-0.3455,0.7065
1635586192667,1.1631,-8.0625,-6.8711,-0.0703,-0.3955,0.7402
1635586192679,1.1006,-7.8711,-6.9961,-0.2161,-0.4329,0.7500
1635586192685,0.9790,-7.7695,-7.0859,-0.3479,-0.4744,0.7734
1635586192689,0.8164,-7.7852,-7.0039,-0.4417,-0.5146,0.8115
1635586192693,0.6870,-7.7461,-7.0625,-0.5181,-0.5732,0.8296
1635586192700,0.6436,-7.7461,-7.0469,-0.5693,-0.6455,0.8320
1635586192716,0.6318,-7.9492,-7.0742,-0.5767,-0.7061,0.8394
1635586192732,0.5767,-8.0234,-7.2734,-0.5469,-0.7583,0.8242
1635586192749,0.4644,-7.8711,-7.2969,-0.4575,-0.8145,0.8140
1635586192765,0.2705,-7.5547,-7.0430,-0.3843,-0.8711,0.8125
1635586192781,0.1173,-7.1367,-7.0078,-0.3735,-0.9390,0.7808
1635586192798,0.0311,-6.8086,-7.0313,-0.4033,-1.0254,0.7319
1635586192802,-0.0287,-6.6328,-7.0195,-0.4724,-1.1064,0.6904
1635586192807,-0.0981,-6.5586,-7.1797,-0.5190,-1.1621,0.6465
1635586192814,-0.1794,-6.5391,-7.1680,-0.5127,-1.2070,0.5894
1635586192832,-0.2847,-6.6055,-6.9727,-0.4309,-1.2539,0.5220
1635586192847,-0.3733,-6.6367,-6.9180,-0.3013,-1.3115,0.4509
1635586192865,-0.4954,-6.5117,-6.8438,-0.1362,-1.3574,0.3616
1635586192870,-0.6318,-6.3867,-6.7070,0.0765,-1.3867,0.2764
1635586192874,-0.7441,-6.2188,-6.6563,0.2532,-1.4209,0.1925
1635586192879,-0.8735,-6.1133,-6.4258,0.3977,-1.4619,0.0818
1635586192898,-1.0576,-6.2305,-6.2734,0.5415,-1.4932,-0.0341
1635586192902,-1.1270,-6.3281,-6.3789,0.6616,-1.5273,-0.1501
1635586192914,-1.1992,-6.3398,-6.4023,0.8276,-1.5518,-0.2598
1635586192919,-1.2998,-6.5664,-5.8906,1.0391,-1.5576,-0.3735
1635586192945,-1.2949,-6.7461,-5.7500,1.2598,-1.5811,-0.5044
1635586192949,-1.3281,-6.7109,-5.9648,1.5156,-1.6084,-0.6235
1635586192963,-1.4072,-6.6094,-5.6836,1.6709,-1.5996,-0.7461
1635586192967,-1.3643,-6.4609,-5.4844,1.7568,-1.5527,-0.8672
1635586192978,-1.4668,-6.4102,-5.2305,1.8633,-1.4600,-0.9429
1635586192994,-1.5010,-6.7695,-5.1250,1.9775,-1.4141,-1.0908
1635586193013,-1.3955,-7.0664,-4.6602,2.0215,-1.3643,-1.2393
1635586193027,-1.3574,-6.6836,-4.6719,1.8936,-1.2520,-1.2158
1635586193043,-1.6807,-5.9219,-4.6367,1.6611,-1.1201,-1.1914
1635586193060,-1.5459,-6.2773,-4.1406,1.4629,-1.0078,-1.2412
1635586193076,-1.2734,-7.5352,-3.8750,1.5508,-0.8296,-1.3887
1635586193081,-1.8643,-6.9805,-3.5117,1.8398,-0.6563,-1.4512
1635586193092,-2.2852,-6.0117,-3.0918,2.0898,-0.6914,-1.2588
1635586193096,-1.8906,-6.0703,-2.8320,2.1680,-0.8198,-1.1152
1635586193109,-1.1416,-7.0742,-2.1641,2.1289,-0.8530,-0.9756
1635586193125,-0.4211,-7.9531,-1.4023,1.9053,-0.7583,-0.7212
1635586193129,0.0958,-8.5781,-0.9502,1.6709,-0.5669,-0.5928
1635586193141,0.1508,-8.2813,-0.3254,1.3857,-0.3157,-0.5020
1635586193156,0.0886,-8.5313,0.1508,1.0459,-0.0327,-0.3127
1635586193161,-0.7397,-8.0781,0.3279,0.7310,0.1780,-0.1554
1635586193174,-0.8066,-7.2813,0.2847,0.2668,0.1672,-0.0161
1635586193191,-0.2417,-8.0859,-0.1675,-0.2075,0.2195,0.2979
1635586193207,-0.2202,-9.2734,-0.5718,-0.5786,0.4270,0.5913
1635586193211,-0.4116,-9.6875,-0.9189,-0.7759,0.6162,0.7744
1635586193215,-0.7637,-9.3672,-1.2490,-0.9331,0.7715,0.9224
1635586193225,-0.9238,-8.8906,-1.4619,-1.2471,0.8906,1.0693
1635586193229,-0.9502,-9.1250,-1.5801,-1.6299,1.0371,1.2246
1635586193233,-1.0889,-9.8672,-1.7422,-1.9365,1.1846,1.3691
1635586193238,-1.3379,-10.3516,-2.0430,-2.0625,1.2852,1.4629
1635586193266,-1.6084,-10.4609,-2.5176,-2.0488,1.3203,1.5381
1635586193274,-1.7549,-10.2734,-3.0273,-1.9561,1.3193,1.5850
1635586193279,-1.7139,-10.1875,-3.2031,-1.7734,1.3164,1.6221
1635586193283,-1.6807,-10.1484,-3.2773,-1.5898,1.3389,1.6533
1635586193291,-1.7109,-10.0313,-3.2383,-1.3203,1.3750,1.6328
1635586193295,-1.7549,-9.8828,-3.2422,-0.9502,1.4033,1.5742
1635586193307,-1.6943,-9.5000,-3.3555,-0.5522,1.4102,1.4961
1635586193322,-1.6182,-9.1016,-3.3652,-0.1628,1.4141,1.3936
1635586193338,-1.4932,-8.5703,-3.4004,0.2137,1.4346,1.2588
1635586193354,-1.3135,-8.0547,-3.5645,0.5820,1.4775,1.1104
1635586193358,-1.1348,-7.7461,-3.7266,0.8989,1.5400,0.9521
1635586193371,-1.0313,-7.6328,-3.8398,1.1787,1.6104,0.7480
1635586193375,-1.0410,-7.4766,-3.9980,1.4854,1.6689,0.5361
1635586193387,-1.1133,-7.0234,-4.1094,1.8672,1.6963,0.3594
1635586193403,-1.2275,-6.6172,-4.0469,2.2344,1.6611,0.2223
1635586193407,-1.1875,-6.2188,-4.1172,2.4316,1.5889,0.0807
1635586193420,-1.0693,-5.8125,-4.1211,2.4355,1.5186,-0.0692
1635586193436,-0.9097,-5.6328,-4.1602,2.2695,1.4492,-0.2203
1635586193452,-0.7441,-5.5469,-4.3828,2.0000,1.3887,-0.3564
1635586193456,-0.6221,-5.6953,-4.4141,1.6816,1.3154,-0.4321
1635586193460,-0.4714,-5.9805,-4.5859,1.3535,1.2344,-0.5127
1635586193469,-0.4092,-6.2188,-4.7422,1.0859,1.1396,-0.5630
1635586193479,-0.3733,-6.2891,-4.6172,0.7520,1.0352,-0.5649
1635586193487,-0.2058,-6.2891,-4.7109,0.3074,0.9482,-0.6318
1635586193502,-0.1604,-6.5977,-5.0977,-0.0735,0.9033,-0.6851
1635586193534,-0.3184,-7.0234,-5.2266,-0.3108,0.8750,-0.6641
1635586193553,-0.3638,-7.2539,-5.2148,-0.3884,0.7983,-0.7109
1635586193558,-0.3398,-7.4414,-5.0977,-0.3086,0.7002,-0.7393
1635586193562,-0.2632,-7.7227,-5.1094,-0.2289,0.6479,-0.7510
1635586193566,-0.1316,-7.9141,-5.1797,-0.1373,0.6299,-0.8364
1635586193583,-0.0909,-7.8477,-5.3477,-0.0937,0.5947,-0.9312
1635586193596,-0.3328,-7.0195,-5.1641,-0.1362,0.5781,-1.0137
1635586193600,-0.3328,-6.9922,-4.9258,-0.2043,0.5259,-1.0498
1635586193604,-0.4331,-7.3555,-4.9414,-0.1427,0.4983,-1.1221
1635586193608,-0.4331,-8.0469,-4.6250,0.0191,0.4258,-1.1436
1635586193612,-0.2083,-8.6406,-4.4961,0.1765,0.3374,-1.1611
1635586193617,0.1412,-9.0391,-4.4219,0.3147,0.2939,-1.2461
1635586193620,0.4045,-9.3281,-4.5313,0.5469,0.3025,-1.3242
1635586193624,0.4189,-9.4141,-4.4883,0.8477,0.3269,-1.3574
1635586193627,0.3088,-9.0938,-4.5000,1.1143,0.3291,-1.3809
1635586193631,0.1580,-8.1641,-4.6055,1.3301,0.2908,-1.3887
1635586193635,-0.1604,-5.8633,-4.9570,1.4502,0.2482,-1.3135
1635586193640,0.6846,-5.6641,-4.4570,1.0371,0.1099,-1.0254
1635586193643,1.8193,-8.2344,-4.6328,-0.0118,0.1555,-0.6147
1635586193647,1.5098,-9.3047,-4.8633,-1.0508,0.4397,-0.3660
1635586193651,1.2520,-10.2578,-3.9453,-1.7354,0.5854,-0.3298
1635586193654,1.1299,-11.1719,-3.7324,-2.0586,0.6768,-0.2563
1635586193659,0.9453,-11.7031,-4.3477,-1.8076,0.7012,-0.2617
1635586193663,0.5288,-11.4688,-4.8164,-1.3086,0.6504,-0.2712
1635586193675,0.4954,-10.3281,-5.1406,-0.7300,0.5396,-0.3032
1635586193677,0.6938,-9.1719,-5.2773,-0.3596,0.4055,-0.1384
1635586193704,0.9526,-8.5469,-4.7773,-0.3853,0.2683,0.0105
1635586193707,0.9023,-8.9531,-4.8203,-0.4651,0.3098,0.0882
1635586193711,0.7852,-9.4688,-4.1719,-0.6099,0.2854,0.1350
1635586193724,0.9165,-9.2578,-3.5684,-0.9502,0.2056,0.0042
1635586193727,0.9932,-9.3047,-3.5469,-1.1709,0.1492,-0.1075
1635586193754,1.1943,-10.0547,-3.7910,-1.0723,0.1088,-0.1522
1635586193757,1.1318,-10.4219,-4.0156,-0.8057,0.1205,-0.1203
1635586193761,0.6631,-9.9453,-4.4336,-0.7354,0.1406,-0.0660
1635586193774,0.5337,-8.9375,-4.9648,-0.7832,0.1056,-0.1362
1635586193777,0.6895,-9.0547,-4.8516,-0.8618,0.0747,-0.0991
1635586193804,0.6460,-8.5625,-4.8398,-1.1152,0.1375,-0.1054
1635586193807,0.6895,-8.0938,-4.7930,-1.2275,0.1726,-0.1203
1635586193811,0.8521,-8.7656,-4.3633,-1.2285,0.1949,-0.0256
1635586193824,0.6416,-9.3516,-4.1641,-1.1270,0.2908,0.0733
1635586193828,0.6294,-9.4766,-4.2695,-1.0352,0.2791,0.0829
1635586193854,0.8833,-9.2500,-4.5430,-0.9365,0.2524,0.0510
1635586193857,0.9888,-8.9375,-4.7227,-0.8374,0.2673,0.0733
1635586193861,0.9741,-8.5547,-5.0391,-0.8672,0.2747,0.0743
1635586193874,1.0908,-7.9336,-5.0391,-1.0391,0.2800,0.0403
1635586193878,1.2920,-7.9766,-4.9922,-1.1953,0.2832,0.0074
1635586193904,1.1172,-8.2969,-5.2305,-1.1377,0.2908,0.0286
1635586193908,1.0938,-8.5391,-5.4766,-1.0400,0.2236,0.0680
1635586193911,1.2969,-8.4766,-5.7930,-0.8799,0.1545,0.0489
1635586193924,1.5293,-8.3672,-5.9414,-0.7192,0.0651,0.0925
1635586193928,1.7285,-8.2031,-6.1797,-0.7329,-0.0146,0.1052
1635586193954,1.7734,-7.9688,-6.4609,-0.8013,-0.0657,0.0733
1635586193958,1.7637,-7.8945,-6.6641,-0.8770,-0.1189,0.0935
1635586193961,1.7354,-7.9961,-6.8633,-0.9365,-0.1699,0.1287
1635586193974,1.7109,-8.2422,-6.9727,-0.9834,-0.2094,0.1637
1635586193978,1.6563,-8.3906,-7.1250,-0.9834,-0.2423,0.1968
1635586194004,1.6367,-8.3828,-7.3281,-0.9585,-0.3049,0.2223
1635586194008,1.7109,-8.2813,-7.4023,-0.9585,-0.3689,0.2520
1635586194011,1.6465,-8.2891,-7.5352,-0.9312,-0.4072,0.3010
1635586194024,1.4863,-8.3047,-7.6602,-0.8950,-0.4678,0.3521
1635586194028,1.4287,-8.1016,-7.7969,-0.8989,-0.5508,0.3989
1635586194054,1.4355,-7.9844,-7.8711,-0.9395,-0.6304,0.4265
1635586194058,1.3330,-7.8281,-7.8242,-0.9873,-0.6914,0.3926
1635586194061,1.1436,-7.5234,-8.0391,-0.9897,-0.7563,0.4126
1635586194074,1.0098,-7.4023,-8.1250,-0.9482,-0.8315,0.4531
1635586194078,0.9526,-7.5039,-8.0391,-0.8779,-0.9043,0.4670
1635586194104,0.8354,-7.4688,-8.1094,-0.8291,-0.9785,0.4680
1635586194108,0.7227,-7.2734,-8.1719,-0.7861,-1.0498,0.4531
1635586194111,0.6460,-7.0547,-8.0938,-0.7407,-1.1074,0.4478
1635586194124,0.5264,-6.8633,-8.0234,-0.7275,-1.1709,0.4446
1635586194128,0.4236,-6.6328,-7.9102,-0.7393,-1.2383,0.4148
1635586194154,0.2561,-6.4805,-7.9102,-0.7065,-1.2891,0.3882
1635586194158,0.1364,-6.3398,-7.8750,-0.6460,-1.3447,0.3691
1635586194161,0.1125,-6.0234,-7.8398,-0.5649,-1.3848,0.3616
1635586194175,-0.0168,-5.7930,-7.8203,-0.5127,-1.3906,0.3413
1635586194178,-0.0837,-5.2383,-7.6914,-0.6084,-1.4053,0.2478
1635586194205,-0.0287,-4.6289,-7.2656,-0.7607,-1.4258,0.1456
1635586194208,-0.0072,-4.5703,-7.0547,-0.8672,-1.4414,0.0627
1635586194211,-0.0239,-4.9258,-7.1133,-0.9258,-1.4600,-0.0448
1635586194225,-0.0503,-5.4883,-7.2344,-0.8354,-1.4561,-0.1437
1635586194242,-0.0766,-5.9102,-7.0898,-0.5732,-1.4600,-0.2756
1635586194247,-0.1532,-5.8789,-6.8242,-0.2246,-1.4600,-0.4512
1635586194250,-0.2512,-5.7070,-6.5625,0.1307,-1.4551,-0.5991
1635586194275,-0.2776,-5.6094,-6.2578,0.4575,-1.4561,-0.7427
1635586194278,-0.3518,-5.6055,-6.1758,0.7969,-1.4482,-0.8799
1635586194282,-0.4165,-5.7773,-6.0117,1.1367,-1.4346,-1.0137
1635586194307,-0.5479,-5.7734,-5.8672,1.4619,-1.4209,-1.1592
1635586194310,-0.6919,-5.5820,-5.8008,1.8174,-1.4209,-1.3066
1635586194315,-0.9238,-5.3281,-5.7070,2.1563,-1.4199,-1.4229
1635586194318,-1.1250,-5.3750,-5.7188,2.4648,-1.4277,-1.5293
1635586194345,-1.1250,-6.0469,-5.6797,2.7129,-1.4512,-1.6221
1635586194348,-1.0693,-7.0039,-5.6094,2.9707,-1.4404,-1.6758
1635586194352,-1.0908,-7.6797,-5.7188,3.3164,-1.3975,-1.6592
1635586194365,-1.1797,-7.9688,-5.6875,3.7617,-1.3701,-1.6143
1635586194368,-1.3213,-7.8789,-5.2188,4.1016,-1.3555,-1.5566
1635586194405,-1.4404,-7.4766,-4.8594,4.1289,-1.3623,-1.4941
1635586194409,-1.4531,-7.2773,-4.3945,3.8398,-1.3750,-1.4180
1635586194412,-0.9932,-8.1484,-3.4570,3.3945,-1.3623,-1.2695
1635586194417,-0.4548,-8.6953,-3.4063,2.9258,-1.3086,-1.0801
1635586194420,-0.7563,-7.4766,-2.8535,2.3945,-1.1592,-1.0449
1635586194445,-1.0195,-6.8711,-2.2422,1.9961,-0.9243,-0.9746
1635586194448,-1.0391,-6.9688,-1.7324,1.5830,-0.8340,-0.7500
1635586194451,-0.9312,-7.5820,-1.7422,1.1191,-0.8159,-0.4192
1635586194465,-0.5938,-8.2656,-1.0430,0.6074,-0.7510,-0.0884
1635586194468,-0.0598,-8.1016,-0.7490,-0.0884,-0.5825,0.1754
1635586194495,0.0048,-8.5156,-0.8882,-0.7715,-0.3103,0.4458
1635586194498,-0.3926,-9.5000,-1.2275,-1.4072,-0.0242,0.6904
1635586194502,-0.8521,-10.0703,-1.7998,-1.8320,0.2087,0.8213
1635586194515,-1.1943,-10.1875,-2.1230,-1.9121,0.3950,0.9541
1635586194520,-1.4717,-9.8750,-2.1270,-1.8789,0.5313,1.0957
1635586194545,-1.4141,-9.4219,-2.1270,-1.9121,0.6323,1.1162
1635586194548,-1.2090,-9.3672,-2.4219,-1.9502,0.7661,1.1172
1635586194552,-1.1152,-9.2031,-2.9219,-1.9258,0.8950,1.1729
1635586194565,-1.1992,-8.8047,-3.3652,-1.7969,1.0078,1.2295
1635586194568,-1.4668,-8.1328,-3.4492,-1.5479,1.1543,1.2646
1635586194595,-1.6201,-7.8242,-3.1016,-1.3066,1.2471,1.2861
1635586194598,-1.5723,-7.9883,-2.7969,-1.0869,1.2666,1.3076
1635586194602,-1.5508,-7.9180,-2.6035,-0.8438,1.3076,1.2646
1635586194615,-1.5059,-7.8320,-2.4180,-0.5542,1.3711,1.1660
1635586194618,-1.3496,-7.7734,-2.7520,-0.2747,1.3975,1.0449
1635586194645,-1.2256,-7.1328,-3.3125,-0.0437,1.3936,0.9023
1635586194648,-1.1250,-6.5664,-3.7656,0.1371,1.3945,0.7627
1635586194656,-0.8906,-6.4609,-4.0195,0.2266,1.4082,0.6372
1635586194665,-0.6030,-6.8789,-4.2969,0.3574,1.4590,0.5103
1635586194668,-0.8140,-7.0820,-4.9688,0.6987,1.5303,0.3457
1635586194695,-0.8423,-7.0859,-5.2266,1.0469,1.4736,0.1935
1635586194698,-0.4978,-6.8086,-5.4023,1.2627,1.3994,0.0797
1635586194702,-0.1316,-6.8555,-5.8633,1.6816,1.3369,-0.0927
1635586194715,0.2274,-7.5117,-6.1445,1.7754,1.3037,-0.1714
1635586194718,0.2274,-7.5117,-6.1445,1.7754,1.3037,-0.1714
1635586194745,0.4092,-6.9492,-6.0313,1.6885,1.1992,-0.3362
1635586194748,0.5264,-6.8867,-5.2070,1.3789,1.1426,-0.3650
1635586194752,0.5938,-7.0078,-5.3164,1.0156,1.0801,-0.4204
1635586194765,0.7036,-7.6797,-5.4844,0.8320,0.9917,-0.4341
1635586194768,0.7158,-8.5781,-5.5508,0.7520,0.9644,-0.4065
1635586194795,0.5215,-8.8125,-6.1250,0.7808,0.9526,-0.4106
1635586194798,0.5049,-8.6250,-6.0547,0.9946,0.8750,-0.3926
1635586194802,0.5649,-8.6719,-5.4922,1.2061,0.8438,-0.3533
1635586194815,0.5503,-8.6797,-4.9453,1.3711,0.8271,-0.4001
1635586194818,0.5195,-8.7344,-4.6680,1.5869,0.7427,-0.4639
1635586194845,0.3901,-8.2578,-4.8281,1.6387,0.6714,-0.4854
1635586194848,0.1747,-7.0938,-5.0703,1.3867,0.6270,-0.5542
1635586194852,-0.0263,-6.4609,-4.8047,1.0107,0.5693,-0.6235
1635586194865,-0.1053,-6.7773,-4.5156,0.6030,0.5342,-0.6606
1635586194869,-0.2896,-7.2656,-4.5820,0.3245,0.5249,-0.6938
1635586194895,-0.6772,-7.5078,-4.7422,0.2798,0.4600,-0.7300
1635586194898,-0.9189,-7.5430,-4.6797,0.4243,0.3257,-0.7905
1635586194902,-0.8091,-7.7461,-4.4805,0.6201,0.1609,-0.8608
1635586194915,-0.4453,-8.1719,-4.3125,0.7256,0.0332,-0.9331
1635586194919,-0.2394,-8.4063,-4.1484,0.7710,-0.0274,-0.9873
1635586194945,-0.6343,-7.0469,-4.5625,0.7690,-0.0635,-1.0293
1635586194949,-0.6245,-5.9805,-4.7969,0.5732,-0.2274,-0.9395
1635586194952,0.3184,-8.4688,-4.0898,-0.1075,-0.3838,-0.7319
1635586194965,0.0455,-8.3203,-4.5117,-0.6597,-0.2220,-0.8501
1635586194969,0.2346,-6.6484,-4.8594,-0.5776,-0.2338,-0.9653
1635586194995,1.3018,-9.2422,-4.2656,-0.9692,-0.3550,-0.4543
1635586194999,1.3311,-10.2891,-4.4570,-1.5371,0.0035,-0.3586
1635586195002,0.7300,-10.8203,-4.3164,-1.3799,0.2461,-0.4927
1635586195015,0.4692,-10.9609,-4.1680,-1.0381,0.2450,-0.4629
1635586195019,0.9048,-10.4922,-4.1172,-0.4917,0.2195,-0.5088
1635586195045,1.1875,-9.8203,-3.7051,-0.0884,0.2791,-0.4150
1635586195049,0.9312,-9.1250,-3.6973,-0.1511,0.3333,-0.3108
1635586195052,1.3525,-8.6328,-4.1328,-0.2224,0.3706,-0.2235
1635586195065,2.0547,-9.6563,-3.6582,-0.5044,0.3865,0.0574
1635586195081,1.4336,-9.9063,-3.6328,-0.9565,0.5439,0.0669
1635586195086,0.7349,-9.6719,-3.4609,-0.8618,0.6108,-0.0171
1635586195097,1.3838,-10.0938,-3.1777,-0.5161,0.4961,0.2415
1635586195105,2.2773,-10.6641,-2.8008,-0.5405,0.4407,0.4702
1635586195110,2.0547,-10.6016,-3.1777,-0.6938,0.5713,0.3669
1635586195135,1.3018,-10.4219,-3.1758,-0.5811,0.5703,0.3669
1635586195139,1.3115,-10.2813,-3.3789,-0.6011,0.3906,0.3372
1635586195142,1.7109,-9.0781,-3.6602,-0.8535,0.3130,0.0818
1635586195155,1.5625,-7.9453,-4.0508,-1.0508,0.2971,-0.0427
1635586195159,1.8164,-7.9219,-4.5273,-0.8799,0.3535,0.0159
1635586195185,2.2480,-9.2578,-3.8945,-0.6831,0.3811,0.2830
1635586195189,2.1992,-9.4063,-3.6641,-0.7417,0.4717,0.2393
1635586195192,1.9629,-9.8125,-3.1543,-0.5117,0.5132,0.2020
1635586195205,1.6875,-9.5000,-2.9023,-0.2448,0.4749,0.1573
1635586195209,1.5869,-8.4922,-2.7305,-0.0905,0.4204,0.1074
1635586195235,2.0625,-7.6836,-2.9941,-0.2043,0.3694,0.0244
1635586195239,2.4238,-8.0547,-3.2988,-0.4556,0.3896,0.0254
1635586195242,1.9990,-8.7188,-3.7070,-0.6597,0.4333,0.0010
1635586195255,1.8291,-8.4375,-3.8867,-0.5864,0.4470,-0.0437
1635586195259,2.1270,-8.4219,-3.5781,-0.5098,0.4546,0.0233
1635586195286,1.5625,-8.1016,-3.5527,-0.5615,0.4717,-0.0490
1635586195289,1.8691,-7.7461,-4.0078,-0.5576,0.3843,-0.1490
1635586195292,2.4980,-8.3672,-4.0820,-0.4341,0.4353,-0.0246
1635586195306,2.0703,-9.0000,-4.0000,-0.5513,0.4736,0.1010
1635586195311,1.5459,-8.6797,-4.4570,-0.6914,0.4365,-0.0246
1635586195346,1.7285,-8.4766,-4.7422,-0.6191,0.3779,-0.0427
1635586195350,1.7764,-8.2813,-4.8828,-0.6011,0.3503,-0.0416
1635586195359,1.5771,-7.9609,-4.9414,-0.7212,0.3269,-0.0756
1635586195367,1.7070,-7.9648,-5.1055,-0.8979,0.2959,-0.0991
1635586195372,1.6992,-8.4297,-5.2852,-0.9800,0.2991,-0.0927
1635586195377,1.4980,-8.6406,-5.3477,-0.9917,0.2949,-0.0629
1635586195393,1.5537,-8.3828,-5.3867,-0.9639,0.2791,-0.0405
1635586195400,1.6084,-8.0234,-5.4531,-0.9365,0.2791,0.0074
1635586195404,1.8262,-7.8945,-5.5664,-0.9844,0.2832,0.0595
1635586195418,1.8691,-8.0156,-5.6406,-0.9971,0.2971,0.0946
1635586195422,1.5889,-7.7617,-5.4297,-0.9727,0.3311,0.1531
1635586195446,1.5391,-7.2734,-5.5664,-1.1387,0.2810,0.0967
1635586195449,1.8623,-6.8750,-5.7109,-1.1582,0.2439,-0.0937
1635586195453,1.5410,-6.6680,-5.4727,-0.9097,0.2683,-0.0182
1635586195466,1.5078,-6.4805,-5.7617,-0.8491,0.2098,0.0584
1635586195469,2.1895,-6.9023,-5.8359,-0.9185,0.1970,0.0052
1635586195497,1.8936,-7.3828,-5.5469,-0.8525,0.2576,-0.0086
1635586195500,1.5557,-7.3438,-5.5078,-0.6978,0.1981,0.0084
1635586195503,1.7764,-7.3008,-5.6250,-0.5576,0.1173,-0.0331
1635586195516,1.9961,-7.3945,-5.6758,-0.4651,0.0811,-0.0565
1635586195520,1.9697,-7.3906,-5.8672,-0.4141,0.0577,-0.0427
1635586195546,2.0059,-7.4688,-6.0977,-0.3691,0.0364,-0.0203
1635586195550,2.1484,-7.4922,-6.3828,-0.3640,0.0205,-0.0065
1635586195553,2.3086,-7.5078,-6.6055,-0.3564,0.0098,0.0212
1635586195566,2.3750,-7.4688,-6.7148,-0.3608,-0.0029,0.0520
1635586195570,2.3281,-7.2852,-6.7969,-0.4087,-0.0242,0.0648
1635586195596,2.3379,-7.2461,-6.8555,-0.4490,-0.0529,0.0754
1635586195600,2.3223,-7.3281,-6.8633,-0.4705,-0.0955,0.0978
1635586195603,2.3379,-7.4258,-6.9922,-0.4768,-0.1647,0.1234
1635586195616,2.4395,-7.5742,-7.2109,-0.4661,-0.2455,0.1594
1635586195620,2.5371,-7.6563,-7.2695,-0.4768,-0.3188,0.1702
1635586195646,2.4395,-7.5078,-7.3516,-0.4692,-0.3635,0.1553
1635586195650,2.2930,-7.3203,-7.2539,-0.4106,-0.4199,0.1669
1635586195657,2.2617,-7.2617,-7.2461,-0.3809,-0.4966,0.1680
1635586195666,2.1992,-7.1797,-7.3828,-0.3542,-0.5527,0.1594
1635586195670,2.1445,-7.0117,-7.5078,-0.4055,-0.6328,0.1680
1635586195698,2.2500,-7.0547,-7.6055,-0.5513,-0.7041,0.1510
1635586195703,2.2402,-7.1172,-7.7344,-0.6694,-0.7339,0.1116
1635586195707,2.1133,-7.1563,-7.9102,-0.7021,-0.7900,0.1371
1635586195718,2.0742,-7.1836,-7.9336,-0.6958,-0.8511,0.1605
1635586195722,2.0000,-7.2227,-7.8789,-0.6514,-0.8862,0.1754
1635586195748,1.7617,-7.1250,-7.8789,-0.6460,-1.0244,0.1989
1635586195752,1.7617,-7.1250,-7.8789,-0.6460,-1.0244,0.1989
1635586195757,1.5029,-6.8945,-7.8086,-0.6299,-1.0742,0.2627
1635586195768,1.2705,-6.8711,-7.8477,-0.6416,-1.0938,0.2499
1635586195772,1.1631,-6.7578,-7.8711,-0.6099,-1.1191,0.2446
1635586195798,1.1270,-6.7500,-7.8477,-0.5386,-1.1484,0.2551
1635586195802,1.0938,-6.6641,-7.9102,-0.5137,-1.1660,0.2329
1635586195807,0.9814,-6.5586,-7.7617,-0.4895,-1.1543,0.2286
1635586195818,0.7588,-6.3320,-7.8281,-0.4810,-1.1416,0.2117
1635586195822,0.5625,-6.1367,-7.9805,-0.4521,-1.1416,0.2318
1635586195848,0.4500,-6.0391,-7.8867,-0.4927,-1.1660,0.2329
1635586195852,0.3398,-5.7969,-7.9258,-0.5981,-1.1592,0.2052
1635586195857,0.2346,-5.6523,-7.9297,-0.6958,-1.1748,0.1840
1635586195868,0.1819,-5.5859,-7.8711,-0.7563,-1.1895,0.1307
1635586195872,-0.0168,-5.4297,-8.0703,-0.7842,-1.1885,0.1105
1635586195898,-0.1364,-5.3867,-7.9844,-0.7510,-1.1943,0.0925
1635586195902,-0.3088,-5.4219,-8.0547,-0.7031,-1.2041,0.0595
1635586195907,-0.4548,-5.2539,-8.0625,-0.7329,-1.2217,0.0116
1635586195918,-0.5410,-4.9570,-7.7227,-0.8086,-1.2363,-0.0842
1635586195922,-0.6846,-4.7734,-7.5078,-0.8247,-1.2217,-0.1671
1635586195948,-0.8618,-4.6797,-7.3477,-0.8076,-1.2393,-0.2352
1635586195952,-1.0479,-4.6563,-7.2344,-0.7471,-1.2402,-0.3127
1635586195957,-1.1221,-4.6328,-7.2656,-0.6426,-1.2363,-0.3821
1635586195968,-1.1650,-4.6406,-7.1484,-0.4885,-1.2295,-0.4597
1635586195973,-1.1367,-4.7031,-7.0039,-0.2883,-1.2051,-0.5361
1635586195998,-1.1055,-4.8711,-6.7383,-0.0576,-1.1748,-0.5894
1635586196002,-1.0957,-5.1328,-6.3555,0.1702,-1.1240,-0.6479
1635586196007,-1.2256,-5.3867,-6.2617,0.3989,-1.0557,-0.7192
1635586196018,-1.3398,-5.5781,-6.2109,0.6265,-1.0088,-0.7905
1635586196023,-1.4189,-5.6953,-5.9727,0.8701,-0.9858,-0.8438
1635586196048,-1.4814,-5.7188,-6.0586,1.1162,-0.9575,-0.9097
1635586196053,-1.5869,-5.7773,-6.0391,1.3564,-0.9170,-0.9673
1635586196057,-1.6943,-5.9492,-5.6875,1.5732,-0.8745,-1.0469
1635586196068,-1.8242,-6.2031,-5.5469,1.8350,-0.8350,-1.1221
1635586196073,-2.0098,-6.3672,-5.6836,2.1602,-0.8315,-1.1904
1635586196098,-2.1270,-6.0117,-6.2266,2.4824,-0.8901,-1.3438
1635586196103,-2.1484,-6.3359,-6.4961,2.8301,-0.9434,-1.5977
1635586196107,-2.0781,-7.0977,-5.8906,3.0293,-0.9180,-1.6250
1635586196118,-2.1680,-7.1055,-5.5781,3.1113,-0.8765,-1.4736
1635586196123,-2.3672,-6.8711,-5.3125,3.3379,-0.9497,-1.4561
1635586196148,-2.3711,-7.0117,-5.1875,3.5996,-1.1260,-1.6309
1635586196153,-2.2285,-6.8555,-5.7188,3.5996,-1.2871,-1.7725
