1624570116583,0.1972,3.9690,9.0763,-0.1329,0.0652,-0.1396
1624570116584,0.2092,3.8972,9.1337,-0.0559,0.0469,-0.1494
1624570116586,0.0417,4.4691,9.1553,0.0333,0.0433,-0.2325
1624570116587,-0.2239,4.8759,9.2486,0.1017,0.0689,-0.2936
1624570116588,-0.0061,4.7610,9.2845,0.0577,0.0885,-0.2752
1624570116588,0.2906,4.6462,9.3204,-0.0254,0.1300,-0.2997
1624570116589,0.4341,4.6390,9.3108,-0.0889,0.1923,-0.3876
1624570116590,0.2236,4.8208,9.2534,-0.1292,0.2387,-0.4780
1624570116591,0.0728,4.4595,9.0643,-0.1317,0.2705,-0.5110
1624570116591,0.0178,4.2538,9.0667,-0.1268,0.2852,-0.5257
1624570116608,-0.0277,4.4643,9.0883,-0.1048,0.2937,-0.5660
1624570116609,-0.0732,4.5935,9.1122,-0.0583,0.2974,-0.5929
1624570116628,-0.0253,4.6414,9.1433,-0.0241,0.2949,-0.6063
1624570116655,0.0656,4.8280,9.1409,-0.0302,0.3047,-0.6246
1624570116656,0.1877,4.8256,9.0907,-0.0437,0.3291,-0.6625
1624570116658,0.3217,4.7084,8.9566,-0.0547,0.3585,-0.7236
1624570116668,0.3552,4.7060,8.8681,-0.0755,0.3853,-0.7823
1624570116669,0.2068,4.7395,8.8226,-0.0816,0.4037,-0.8262
1624570116677,-0.0229,4.8472,8.8418,-0.0864,0.4061,-0.8751
1624570116687,-0.1832,4.9836,8.6145,-0.1329,0.3951,-0.9435
1624570116703,-0.0181,5.1678,8.5164,-0.2306,0.3988,-1.0376
1624570116704,0.2906,5.3401,8.5810,-0.3454,0.4257,-1.1439
1624570116714,0.5633,5.4502,8.6193,-0.4359,0.4696,-1.2624
1624570116722,0.7356,5.5363,8.8514,-0.5140,0.5442,-1.4127
1624570116734,0.7021,5.7732,9.0739,-0.6545,0.6382,-1.5739
1624570116749,0.6351,5.4526,9.4783,-0.9392,0.7567,-1.6949
1624570116751,0.5275,4.5241,9.4831,-1.3595,0.8960,-1.7816
1624570116761,0.2499,3.7728,9.9353,-1.7675,1.0561,-1.8733
1624570116771,-0.3746,3.3660,10.0980,-1.9349,1.1575,-1.9722
1624570116780,-1.0016,2.9927,9.8707,-1.8787,1.1819,-2.0345
1624570116790,-1.6189,2.7176,9.2892,-1.7284,1.1929,-2.0712
1624570116800,-2.1190,2.6769,8.7413,-1.5440,1.2112,-2.1066
1624570116812,-2.2674,2.7391,8.3728,-1.3253,1.2100,-2.1738
1624570116819,-2.3344,2.8922,8.6145,-1.1615,1.2039,-2.2850
1624570116828,-2.5306,3.0310,9.1935,-1.2129,1.2002,-2.3681
1624570116838,-3.0331,2.7989,9.2821,-1.4523,1.1917,-2.3021
1624570116848,-3.5810,2.5190,9.0859,-1.6942,1.1782,-2.1836
1624570116857,-3.9399,2.1217,8.7820,-1.7895,1.1660,-2.1591
1624570116867,-4.2510,1.9279,8.3154,-1.7541,1.1196,-2.2007
1624570116877,-4.3324,1.8992,7.6334,-1.7052,1.0329,-2.2129
1624570116886,-4.4783,1.7317,7.2793,-1.7126,0.9644,-2.1848
1624570116897,-4.7870,1.2627,7.2123,-1.7236,0.8960,-2.1335
1624570116905,-5.2656,0.6286,6.9826,-1.6747,0.8105,-2.0773
1624570116916,-5.6317,0.4611,6.5543,-1.5256,0.6932,-2.0504
1624570116926,-5.6891,0.5305,6.2647,-1.2495,0.5429,-2.0565
1624570116934,-5.5910,0.6813,6.0757,-0.9441,0.3707,-2.0748
1624570116950,-5.3421,0.4779,5.7479,-0.7108,0.2167,-2.0944
1624570116953,-5.1579,-0.6085,7.2625,-0.5910,0.1166,-2.1237
1624570116964,-5.4211,-1.9102,7.9253,-0.5470,0.0188,-2.1103
1624570116973,-5.2584,-1.7690,8.5858,-0.6093,-0.0691,-2.0773
1624570116982,-4.8947,-1.7929,8.7700,-0.5544,-0.1119,-2.0076
1624570116993,-4.6099,-2.1590,8.5475,-0.4236,-0.1339,-1.9893
1624570117001,-4.3659,-2.1231,8.1909,-0.3491,-0.1681,-2.0357
1624570117015,-4.1697,-2.0274,8.0617,-0.3846,-0.1840,-2.0699
1624570117021,-4.0715,-2.5826,8.0713,-0.4432,-0.1608,-2.0480
1624570117030,-4.1505,-2.8984,7.8823,-0.4884,-0.1302,-2.0003
1624570117042,-4.1768,-2.8888,7.8272,-0.4139,-0.1571,-1.9343
1624570117052,-3.8012,-3.0635,7.9660,-0.2086,-0.2231,-1.8855
1624570117061,-3.4446,-3.2884,8.1024,-0.0999,-0.2670,-1.8464
1624570117071,-3.1742,-3.4368,8.0139,-0.1878,-0.2854,-1.7328
1624570117079,-2.9900,-3.9680,8.2627,-0.3088,-0.2976,-1.5935
1624570117090,-2.9063,-4.8581,8.4996,-0.2941,-0.2890,-1.4970
1624570117100,-3.1025,-5.3893,8.2244,-0.1304,-0.3025,-1.3956
1624570117109,-3.2963,-5.4922,8.1551,0.2569,-0.3587,-1.2734
1624570117119,-3.4805,-5.2003,8.0905,0.8042,-0.4540,-1.1842
1624570117128,-3.4494,-4.7193,7.9852,1.2843,-0.5664,-1.1109
1624570117138,-2.8871,-4.3293,8.2867,1.4859,-0.6494,-1.0058
1624570117148,-2.3966,-3.8507,8.5666,1.3075,-0.6653,-0.8800
1624570117157,-2.1980,-3.2693,8.6767,0.8922,-0.6433,-0.7603
1624570117167,-2.2267,-3.0348,8.7652,0.4462,-0.6140,-0.6711
1624570117176,-2.4253,-3.0779,8.6408,0.0540,-0.5896,-0.6173
1624570117186,-2.5067,-3.5373,8.5738,-0.2025,-0.5505,-0.5758
1624570117196,-2.4851,-4.2168,8.6647,-0.2453,-0.5199,-0.5281
1624570117205,-2.5043,-4.5853,8.8777,-0.0571,-0.5224,-0.4744
1624570117215,-2.5856,-4.5877,9.1888,0.3326,-0.5566,-0.4292
1624570117224,-2.3990,-4.1474,9.5142,0.7712,-0.5993,-0.3791
1624570117233,-2.0688,-3.3195,9.5573,1.0913,-0.6226,-0.3046
1624570117244,-1.8391,-2.4462,9.3658,1.2086,-0.6226,-0.2276
1624570117253,-1.7266,-1.7857,9.1720,1.1328,-0.6018,-0.1885
1624570117263,-1.5591,-1.4268,9.1696,0.8946,-0.5688,-0.1604
1624570117272,-1.4634,-1.4723,9.2223,0.5989,-0.5114,-0.1372
1624570117282,-1.4179,-1.7690,9.3419,0.3228,-0.4662,-0.1225
1624570117290,-1.3581,-2.3169,9.6027,0.1053,-0.4356,-0.0969
1624570117299,-1.3031,-2.6783,10.0526,-0.0461,-0.4246,-0.0553
1624570117309,-1.1858,-2.4820,10.2225,-0.1378,-0.4210,-0.0052
1624570117318,-1.1164,-2.0872,10.3564,-0.1536,-0.3892,0.0216
1624570117331,-1.1236,-1.9556,9.9281,-0.1512,-0.3416,0.0277
1624570117339,-1.0638,-2.4940,9.5979,-0.1463,-0.2597,0.0485
1624570117348,-1.1619,-3.2741,9.5883,-0.0901,-0.1766,0.0791
1624570117359,-1.3366,-3.5660,9.7056,0.0406,-0.1534,0.1255
1624570117368,-1.5471,-3.1544,9.7559,0.2397,-0.1840,0.1768
1624570117378,-1.6117,-2.1375,9.8540,0.4047,-0.2267,0.1878
1624570117388,-1.5902,-1.1445,9.8755,0.4303,-0.2328,0.1719
1624570117397,-1.6309,-0.5989,9.6841,0.2972,-0.1986,0.1585
1624570117407,-1.5926,-0.8143,9.6410,0.0809,-0.1375,0.1340
1624570117416,-1.6787,-1.4507,9.6123,-0.1182,-0.0838,0.1145
1624570117426,-1.6907,-2.1088,9.7295,-0.2123,-0.0606,0.1255
1624570117436,-1.7003,-2.4653,9.8851,-0.1610,-0.0606,0.1450
1624570117446,-1.7840,-2.2212,9.9808,0.0064,-0.0874,0.1499
1624570117455,-1.8271,-1.7666,9.9736,0.2336,-0.1253,0.1462
1624570117464,-1.7386,-1.1780,9.7678,0.4120,-0.1669,0.1328
1624570117474,-1.5232,-0.8286,9.5118,0.4939,-0.1803,0.1133
1624570117484,-1.3222,-0.9818,9.3443,0.4816,-0.1583,0.1059
1624570117493,-1.3366,-1.2234,9.3706,0.3778,-0.1388,0.1157
1624570117503,-1.4371,-1.2426,9.4807,0.2520,-0.1388,0.1267
1624570117513,-1.4490,-1.0200,9.6482,0.1225,-0.1449,0.1230
1624570117522,-1.4179,-0.7161,9.8133,-0.0022,-0.1424,0.1047
1624570117532,-1.2791,-0.6994,10.0526,-0.1084,-0.1265,0.0766
1624570117542,-1.2169,-1.0966,10.2225,-0.1866,-0.0862,0.0497
1624570117550,-1.2863,-1.3790,10.1124,-0.2318,-0.0569,0.0522
1624570117561,-1.5974,-1.5536,9.9521,-0.1561,-0.0545,0.0668
1624570117570,-1.7936,-1.4818,9.7702,-0.0315,-0.0728,0.0729
1624570117579,-1.8319,-1.4842,9.7104,0.0736,-0.0777,0.0754
1624570117590,-1.8127,-1.3502,9.6769,0.1066,-0.0728,0.0766
1624570117600,-1.6500,-1.2162,9.7630,0.1237,-0.0728,0.0668
1624570117609,-1.4131,-1.3167,10.0430,0.1579,-0.0557,0.0424
1624570117617,-0.9130,-1.5345,10.4043,0.1725,-0.0068,0.0241
1624570117627,-0.6546,-1.7714,10.5335,0.1835,0.0591,0.0155
1624570117637,-0.7671,-1.6996,10.6101,0.1872,0.1092,0.0180
1624570117646,-1.0255,-1.6661,10.6388,0.1835,0.1496,0.0314
1624570117659,-1.2313,-1.6805,10.4857,0.1408,0.1972,0.0448
1624570117666,-1.3629,-1.7020,10.1674,0.0736,0.2436,0.0534
1624570117676,-1.4849,-1.7211,9.7104,0.0333,0.2668,0.0681
1624570117685,-1.8941,-1.8647,9.6003,0.0724,0.2607,0.0827
1624570117693,-2.0688,-1.1684,9.4663,0.1298,0.2009,0.0998
1624570117704,-1.8008,-0.8693,9.3036,0.1481,0.1850,0.1194
1624570117715,-1.7266,-1.0440,9.2749,0.0968,0.2082,0.0998
1624570117724,-1.7481,-1.0440,9.2629,-0.0669,0.2216,0.0974
1624570117734,-2.0257,-1.1875,9.2629,-0.1439,0.2082,0.0974
1624570117743,-2.1477,-1.3455,9.1672,-0.1500,0.1642,0.0766
1624570117753,-2.1597,-1.3359,9.1840,-0.1622,0.1117,0.0827
1624570117762,-2.2243,-1.3598,9.3156,-0.1365,0.0518,0.1071
1624570117772,-2.3966,-1.3167,9.1409,-0.0693,-0.0227,0.1059
1624570117782,-2.5617,-1.1636,8.8011,-0.0400,-0.1033,0.0864
1624570117791,-2.5497,-1.3407,8.4230,-0.0107,-0.1803,0.0766
1624570117800,-2.3200,-1.5177,8.3202,-0.0046,-0.2280,0.0644
1624570117810,-2.1621,-1.4818,8.5331,0.0210,-0.2609,0.0607
1624570117820,-1.9946,-1.3598,8.7604,0.0858,-0.2903,0.0558
1624570117829,-1.8367,-1.1804,8.9543,0.1408,-0.3135,0.0424
1624570117839,-1.8103,-1.1469,9.1050,0.1530,-0.3318,0.0290
1624570117848,-1.7529,-1.4244,9.1409,0.1261,-0.3403,0.0155
1624570117859,-1.6189,-1.5728,9.3204,0.0968,-0.3245,-0.0016
1624570117868,-1.5974,-1.3431,9.3610,0.0968,-0.3257,-0.0114
1624570117876,-1.4682,-0.9674,9.3874,0.1225,-0.3342,-0.0272
1624570117892,-1.3174,-0.7449,9.4759,0.1053,-0.3171,-0.0455
1624570117896,-1.2265,-0.6850,9.5525,0.0076,-0.2768,-0.0541
1624570117904,-1.1236,-0.8477,9.6793,-0.1060,-0.2292,-0.0688
1624570117915,-0.9872,-1.0057,9.8109,-0.2074,-0.1962,-0.0810
1624570117923,-0.8556,-1.0416,9.8061,-0.2721,-0.1730,-0.0932
1624570117933,-0.7814,-1.1110,9.8372,-0.2880,-0.1571,-0.1127
1624570117943,-0.8269,-1.3311,9.7894,-0.3112,-0.1534,-0.1237
1624570117953,-0.7742,-1.7020,9.9138,-0.3393,-0.1339,-0.1213
1624570117962,-0.5350,-1.6254,10.0382,-0.3491,-0.0960,-0.1201
1624570117975,-0.3459,-1.3263,10.1052,-0.3198,-0.0569,-0.1164
1624570117981,-0.3723,-1.1923,10.0789,-0.2966,-0.0117,-0.1091
1624570117991,-0.4799,-1.2928,10.1411,-0.3174,0.0433,-0.0944
1624570118001,-0.5876,-1.3622,10.1913,-0.3418,0.0934,-0.0944
1624570118010,-0.7168,-1.2952,10.0956,-0.3528,0.1141,-0.1103
1624570118020,-0.8269,-1.1851,9.9114,-0.3687,0.0860,-0.1152
1624570118029,-0.9130,-1.0081,9.5046,-0.4689,0.0384,-0.0920
1624570118040,-0.7695,-0.8382,9.1744,-0.6655,0.0152,-0.0724
1624570118048,-0.7240,-1.0176,9.1313,-0.8818,0.0262,-0.0761
1624570118060,-0.7527,-1.2186,9.2007,-1.0712,0.0420,-0.0895
1624570118069,-0.8173,-1.7618,9.4496,-1.1738,0.0518,-0.0956
1624570118079,-0.9513,-2.1566,9.7439,-1.1665,0.0591,-0.1237
1624570118089,-0.9681,-2.3911,9.9856,-1.0369,0.0567,-0.1482
1624570118098,-0.8580,-2.4988,10.2009,-0.8317,0.0457,-0.1592
1624570118108,-0.6068,-2.4773,10.2799,-0.6716,0.0567,-0.1726
1624570118117,-0.3651,-2.4916,10.3493,-0.5886,0.1080,-0.1641
1624570118127,-0.2406,-2.7477,10.3708,-0.5873,0.1776,-0.1482
1624570118137,-0.3555,-3.1138,10.1842,-0.6179,0.2473,-0.1237
1624570118146,-0.6187,-3.2765,9.9018,-0.6106,0.2791,-0.0993
1624570118154,-0.9298,-3.2669,9.6984,-0.5470,0.2766,-0.0712
1624570118166,-1.0183,-3.1233,9.5237,-0.4517,0.2571,-0.0443
1624570118176,-0.9513,-3.0898,9.5285,-0.4041,0.2558,-0.0101
1624570118185,-0.8053,-3.1281,9.7128,-0.4139,0.2791,0.0253
1624570118194,-0.6474,-3.3315,9.9425,-0.4481,0.3071,0.0607
1624570118204,-0.5445,-3.5588,10.2536,-0.4994,0.3536,0.1059
1624570118214,-0.5421,-3.6689,10.3182,-0.4921,0.3951,0.1499
1624570118223,-0.5397,-3.8819,10.3564,-0.4200,0.4232,0.1853
1624570118233,-0.3411,-4.0517,10.1889,-0.3039,0.4599,0.2196
1624570118243,-0.1425,-4.1905,10.0932,-0.1768,0.5014,0.2721
1624570118252,-0.0875,-4.1714,9.9927,-0.0424,0.5344,0.3381
1624570118262,-0.0588,-4.0972,9.7798,0.0638,0.5576,0.4052
1624570118272,0.0393,-4.1522,9.6960,0.1420,0.5930,0.4651
1624570118281,0.0848,-4.2527,9.5429,0.1970,0.6236,0.5262
1624570118290,0.1422,-4.2240,9.6123,0.2092,0.6382,0.5897
1624570118299,0.2882,-4.1474,9.7702,0.1884,0.6578,0.6630
1624570118308,0.5681,-4.0374,10.0286,0.1322,0.6956,0.7388
1624570118318,0.8912,-4.0828,10.1363,0.0589,0.7555,0.8158
1624570118328,1.0754,-4.1762,10.1555,-0.0241,0.8398,0.8903
1624570118337,1.1041,-4.4465,10.0358,-0.0864,0.9315,0.9648
1624570118347,0.8577,-4.6954,9.7487,-0.1133,1.0182,1.0320
1624570118358,0.4748,-4.7026,9.5836,-0.0974,1.0732,1.0967
1624570118368,-0.0229,-4.3652,9.4926,-0.0657,1.0780,1.1627
1624570118377,-0.2981,-3.6928,9.5142,-0.0901,1.0683,1.2152
1624570118387,-0.4201,-3.1592,9.4879,-0.2135,1.0866,1.2568
1624570118397,-0.4488,-2.6783,9.4041,-0.4603,1.1318,1.2629
1624570118406,-0.6211,-2.5682,8.9375,-0.7633,1.1904,1.2434
1624570118416,-0.9465,-2.9080,8.4278,-1.0418,1.2442,1.2202
1624570118425,-1.4347,-3.4033,8.1239,-1.2324,1.2760,1.1920
1624570118435,-1.9611,-3.7239,8.0928,-1.2850,1.2699,1.1578
1624570118444,-2.5617,-3.6330,8.0235,-1.1982,1.2137,1.1358
1624570118454,-2.9709,-2.9008,7.9541,-1.0919,1.1184,1.1041
1624570118464,-3.1790,-2.2787,7.9421,-1.0284,1.0475,1.0515
1624570118474,-3.5069,-1.7403,7.4827,-1.0553,0.9889,0.9709
1624570118482,-3.8347,-1.8599,7.0352,-1.0931,0.9425,0.8866
1624570118493,-4.1888,-2.2858,6.8246,-1.1298,0.9009,0.8109
1624570118502,-4.6219,-2.9104,6.5973,-1.0992,0.8496,0.7486
1624570118511,-5.0694,-3.0348,6.3485,-0.9746,0.7604,0.6911
1624570118542,-5.5336,-2.5514,6.1451,-0.8024,0.6223,0.6459
1624570118543,-5.8973,-1.9197,5.9058,-0.6179,0.4635,0.5836
1624570118544,-6.0887,-1.3861,5.8029,-0.4859,0.3304,0.4834
1624570118552,-6.1102,-1.5632,6.0087,-0.3723,0.2522,0.3576
1624570118562,-5.9738,-2.3696,6.3150,-0.2563,0.2204,0.2269
1624570118568,-5.9356,-2.8601,6.6691,-0.1109,0.2045,0.1365
1624570118580,-6.1964,-2.7261,6.9586,0.0834,0.1789,0.0974
1624570118588,-6.6271,-2.2356,6.9467,0.3167,0.1434,0.0619
1624570118596,-7.1679,-1.4914,6.5543,0.5330,0.0946,0.0107
1624570118606,-7.6608,-0.9865,5.6426,0.6466,0.0103,-0.0431
1624570118617,-7.8426,-0.9626,4.8219,0.6429,-0.0789,-0.0895
1624570118628,-7.6847,-1.3143,4.8482,0.5769,-0.1620,-0.1274
1624570118635,-7.2995,-1.5584,5.2406,0.5635,-0.2683,-0.1873
1624570118645,-6.9118,-1.5704,5.8053,0.6356,-0.3513,-0.2410
1624570118655,-6.8759,-1.3813,6.2695,0.7345,-0.3990,-0.2703
1624570118664,-7.0602,-1.0440,6.6284,0.7639,-0.4344,-0.2936
1624570118675,-7.1248,-0.7090,6.7050,0.6686,-0.4637,-0.3058
1624570118683,-7.1272,-0.5989,6.5686,0.4731,-0.4784,-0.2984
1624570118693,-7.0793,-0.7831,6.5686,0.2556,-0.4821,-0.2838
1624570118702,-6.9070,-1.0727,6.8390,0.1225,-0.4955,-0.2716
1624570118711,-6.5768,-1.5297,7.3678,0.1237,-0.5175,-0.2703
1624570118723,-6.2586,-2.1303,7.7004,0.2630,-0.5114,-0.2911
1624570118731,-6.0791,-2.6089,7.9804,0.4743,-0.4796,-0.2936
1624570118741,-6.0169,-2.7668,8.0474,0.6869,-0.4515,-0.2557
1624570118750,-6.0026,-2.3672,7.9565,0.8286,-0.4259,-0.2019
1624570118760,-6.0815,-1.6900,7.7076,0.8836,-0.4063,-0.1555
1624570118770,-6.0743,-1.0416,7.3917,0.8359,-0.4075,-0.1360
1624570118779,-5.8327,-0.6013,7.6406,0.6906,-0.4137,-0.1262
1624570118789,-5.5120,-0.4769,8.1574,0.5061,-0.3978,-0.1225
1624570118798,-5.2943,-0.7951,8.3297,0.3558,-0.3538,-0.1262
1624570118808,-5.0885,-1.6063,8.6815,0.2630,-0.2927,-0.1372
1624570118818,-4.8827,-2.1183,8.7676,0.1896,-0.2450,-0.1421
1624570118828,-4.8301,-2.2164,8.9160,0.1664,-0.1876,-0.1213
1624570118839,-4.9114,-2.0729,8.8466,0.2104,-0.1534,-0.1078
1624570118848,-4.9880,-1.7642,8.5905,0.2434,-0.1363,-0.1066
1624570118857,-4.9832,-1.5512,8.4398,0.2336,-0.1229,-0.1030
1624570118867,-4.8181,-1.3837,8.4398,0.1432,-0.1131,-0.0969
1624570118877,-4.6195,-1.4268,8.6480,0.0113,-0.0899,-0.1030
1624570118886,-4.5214,-1.7666,8.9423,-0.1219,-0.0410,-0.1152
1624570118894,-4.4400,-2.2188,9.1983,-0.2502,0.0054,-0.1127
1624570118906,-4.4209,-2.5754,9.3969,-0.3406,0.0494,-0.0908
1624570118915,-4.4664,-2.7716,9.4185,-0.3699,0.0848,-0.0639
1624570118926,-4.4735,-2.6184,9.2055,-0.3552,0.1068,-0.0407
1624570118935,-4.4544,-2.6184,8.9351,-0.3283,0.1153,-0.0162
1624570118945,-4.3946,-2.7500,8.9088,-0.3100,0.1349,0.0021
1624570118954,-4.4089,-2.7429,8.9638,-0.3320,0.1630,0.0228
1624570118964,-4.5525,-2.7189,9.0284,-0.3369,0.1862,0.0534
1624570118971,-4.5693,-2.5419,9.0643,-0.3235,0.1874,0.0681
1624570118981,-4.5453,-2.0346,8.8514,-0.3442,0.1789,0.0729
1624570118990,-4.4927,-1.8527,8.6360,-0.3968,0.1825,0.0717
1624570119000,-4.4640,-2.0681,8.4350,-0.4994,0.1911,0.0668
1624570119012,-4.5023,-2.5012,8.3250,-0.6130,0.2045,0.0705
1624570119021,-4.5741,-3.0396,8.4446,-0.6973,0.2229,0.1010
1624570119031,-4.7487,-3.3674,8.6169,-0.7376,0.2216,0.1560
1624570119041,-4.9258,-3.3793,8.6432,-0.7523,0.2045,0.2220
1624570119050,-5.0263,-3.1520,8.5355,-0.7694,0.2057,0.2757
1624570119060,-5.1555,-2.9534,8.4853,-0.7718,0.2253,0.3063
1624570119069,-5.1627,-2.9271,8.5211,-0.7645,0.2387,0.3222
1624570119078,-5.1651,-2.8242,8.5403,-0.7669,0.2571,0.3307
1624570119088,-5.2464,-2.7333,8.5523,-0.7657,0.2864,0.3454
1624570119098,-5.3541,-2.6424,8.4518,-0.7706,0.3035,0.3637
1624570119108,-5.3876,-2.5969,8.1981,-0.7706,0.3120,0.3869
1624570119117,-5.5144,-2.6926,7.8775,-0.7291,0.3230,0.4065
1624570119127,-5.6436,-2.7644,7.5808,-0.6875,0.3255,0.4150
1624570119137,-5.7274,-2.7788,7.3439,-0.6460,0.3108,0.4248
1624570119146,-5.7537,-2.7022,7.2003,-0.5886,0.3010,0.4395
1624570119154,-5.8016,-2.6113,7.0735,-0.5214,0.2900,0.4431
1624570119165,-5.8734,-2.5036,7.0280,-0.4713,0.2766,0.4346
1624570119174,-6.0432,-2.4773,7.0950,-0.4188,0.2681,0.4187
1624570119185,-6.1270,-2.6783,7.0998,-0.3442,0.2534,0.3979
1624570119193,-6.1653,-2.7788,7.0496,-0.2611,0.2241,0.3784
1624570119204,-6.1150,-2.7859,6.9395,-0.1597,0.1850,0.3772
1624570119213,-6.0791,-2.7955,6.8940,-0.0278,0.1459,0.3759
1624570119223,-6.0552,-2.6759,6.7720,0.0931,0.1056,0.3625
1624570119232,-6.0983,-2.4916,6.6906,0.1848,0.0738,0.3466
1624570119242,-6.1318,-2.4055,6.6572,0.2593,0.0457,0.3258
1624570119252,-6.1701,-2.3504,6.5447,0.2947,0.0152,0.2953
1624570119261,-6.2323,-2.3098,6.3604,0.2923,-0.0313,0.2757
1624570119271,-6.2371,-2.1997,6.3509,0.2764,-0.0887,0.2635
1624570119280,-6.1485,-2.1183,6.4346,0.2837,-0.1620,0.2464
1624570119290,-5.9715,-2.2308,6.5614,0.3375,-0.2304,0.2098
1624570119298,-5.7537,-2.1829,6.5543,0.3680,-0.2927,0.1462
1624570119307,-5.5384,-2.0513,6.4107,0.3436,-0.3440,0.0937
1624570119317,-5.3756,-2.1590,6.3078,0.2849,-0.4002,0.0803
1624570119327,-5.3661,-2.5466,6.0087,0.2434,-0.4418,0.0729
1624570119338,-5.3732,-2.8123,6.2934,0.2813,-0.4845,0.0314
1624570119348,-5.3230,-2.9008,6.7385,0.4633,-0.5676,-0.0382
1624570119358,-5.1723,-3.0204,7.2625,0.7578,-0.6665,-0.1005
1624570119367,-4.8755,-3.1544,7.5305,1.0070,-0.7448,-0.1409
1624570119377,-4.5405,-3.0276,7.5975,1.0607,-0.7985,-0.1457
1624570119386,-4.3300,-2.7261,7.4252,0.9593,-0.8266,-0.1066
1624570119396,-4.3396,-2.3863,7.2242,0.8017,-0.8584,-0.0749
1624570119406,-4.3730,-2.1136,7.1429,0.6625,-0.9023,-0.1030
1624570119415,-4.3611,-1.9413,6.9586,0.5733,-0.9463,-0.1641
1624570119425,-4.2965,-1.8479,7.0735,0.5256,-0.9915,-0.2447
1624570119434,-4.0333,-1.7451,7.1908,0.4438,-1.0416,-0.3241
1624570119444,-3.5810,-1.7092,7.4683,0.2911,-1.0722,-0.3571
1624570119453,-3.0905,-1.8384,7.7746,0.0882,-1.0734,-0.3424
1624570119463,-2.7052,-2.0394,8.0905,-0.1072,-1.0526,-0.3290
1624570119472,-2.4875,-2.4485,8.4398,-0.2587,-1.0135,-0.3546
1624570119482,-2.4277,-3.0898,8.4159,-0.2844,-0.9646,-0.3962
1624570119492,-2.4923,-3.6713,8.5858,-0.1390,-0.9256,-0.4389
1624570119502,-2.6383,-3.9608,8.7963,0.1628,-0.9304,-0.4817
1624570119511,-2.5545,-3.9129,8.9519,0.4902,-0.9671,-0.5000
1624570119520,-2.2650,-3.4344,9.0883,0.6979,-0.9977,-0.4524
1624570119529,-1.8079,-2.7381,9.2916,0.6930,-0.9989,-0.3779
1624570119540,-1.3270,-2.2284,9.4711,0.5134,-0.9536,-0.3388
1624570119549,-1.0470,-2.1136,9.6314,0.2288,-0.8547,-0.3363
1624570119559,-1.1021,-2.3145,9.6027,-0.0498,-0.7411,-0.3583
1624570119569,-1.3940,-3.0013,9.4232,-0.1744,-0.6482,-0.3864
1624570119578,-1.7601,-3.7311,9.4544,-0.1023,-0.6042,-0.4121
1624570119588,-1.9300,-4.1618,9.4759,0.0773,-0.6067,-0.4145
1624570119598,-1.7816,-4.0565,9.4376,0.2495,-0.6262,-0.3742
1624570119607,-1.5591,-3.1999,9.2797,0.2886,-0.6470,-0.3180
1624570119615,-1.3318,-2.2117,9.0189,0.1298,-0.6543,-0.2850
1624570119625,-1.1356,-1.6924,8.7269,-0.2050,-0.6165,-0.2960
1624570119634,-1.1021,-1.9939,8.6791,-0.6069,-0.5297,-0.3290
1624570119644,-1.2193,-2.8769,8.8035,-0.9355,-0.4442,-0.3632
1624570119658,-1.3629,-3.8651,9.1026,-1.0944,-0.3990,-0.3766
1624570119665,-1.3222,-4.3652,9.3586,-1.0980,-0.3929,-0.3510
1624570119674,-1.1308,-4.1762,9.5668,-1.0333,-0.4100,-0.3009
1624570119684,-0.8915,-3.6713,9.5836,-0.9991,-0.4100,-0.2569
1624570119693,-0.8197,-3.4870,9.5381,-1.0223,-0.3672,-0.2288
1624570119703,-0.8676,-4.0661,9.3634,-1.0443,-0.2756,-0.2117
1624570119712,-1.1667,-4.9084,9.4352,-0.9624,-0.1937,-0.1970
1624570119722,-1.4634,-5.4204,9.4902,-0.7095,-0.1681,-0.1738
1624570119732,-1.6046,-5.4133,9.6314,-0.3332,-0.1974,-0.1164
1624570119742,-1.5567,-4.7409,9.5836,0.0308,-0.2585,-0.0407
1624570119751,-1.4514,-3.7024,9.3634,0.2520,-0.3037,0.0131
1624570119761,-1.4299,-3.0109,9.0667,0.2959,-0.3098,0.0253
1624570119770,-1.4179,-2.8673,8.8586,0.2019,-0.2805,0.0058
1624570119779,-1.3772,-3.1233,8.8873,0.0565,-0.2292,-0.0089
1624570119790,-1.4945,-3.3746,8.9279,-0.0424,-0.1986,-0.0174
1624570119799,-1.5065,-3.3746,9.0141,-0.0803,-0.2011,-0.0309
1624570119809,-1.3892,-3.1664,9.0859,-0.1060,-0.2072,-0.0394
1624570119818,-1.2696,-3.0252,9.2821,-0.1732,-0.1901,-0.0321
1624570119828,-1.3533,-3.3626,9.3443,-0.2502,-0.1583,-0.0309
1624570119838,-1.3892,-4.1546,9.4041,-0.2551,-0.1168,-0.0333
1624570119847,-1.3796,-4.5877,9.6171,-0.1378,-0.0862,-0.0321
1624570119856,-1.3389,-4.4298,9.7391,0.1102,-0.0911,-0.0089
1624570119866,-1.3605,-3.9249,9.5525,0.4096,-0.1180,0.0302
1624570119876,-1.3485,-3.4129,9.4161,0.6160,-0.1400,0.0448
1624570119886,-1.3988,-2.9582,9.2462,0.6527,-0.1436,0.0534
1624570119896,-1.4418,-2.6735,9.1170,0.5574,-0.1351,0.0644
1624570119905,-1.4347,-2.7118,9.0380,0.4034,-0.1229,0.0619
1624570119915,-1.5041,-2.9630,9.0691,0.2434,-0.0948,0.0461
1624570119924,-1.4658,-3.2573,9.1457,0.1603,-0.0679,0.0338
1624570119932,-1.4658,-3.6785,9.2270,0.2092,-0.0374,0.0216
1624570119942,-1.4658,-3.7742,9.3443,0.3705,-0.0178,-0.0028
1624570119951,-1.3509,-3.5564,9.5022,0.5757,-0.0154,-0.0162
1624570119961,-1.3031,-3.3650,9.5573,0.7321,-0.0129,-0.0016
1624570119973,-1.3007,-2.9008,9.2175,0.7516,-0.0080,0.0216
1624570119982,-1.3055,-2.6304,9.1265,0.6869,-0.0056,0.0277
1624570119992,-1.3150,-2.6878,8.9184,0.6075,0.0017,0.0290
1624570120001,-1.3844,-2.2356,8.9686,0.4853,-0.0190,0.0509
1624570120011,-1.1762,-2.0585,9.0547,0.3204,-0.0422,0.0925
1624570120020,-1.3078,-2.7740,9.1074,0.0858,-0.0080,0.1047
1624570120030,-1.4634,-3.4942,9.2725,-0.1671,0.0701,0.1267
1624570120040,-1.7314,-3.3889,9.5022,-0.1842,0.0872,0.1243
1624570120049,-1.9802,-2.8123,9.4113,0.0687,0.0262,0.0803
1624570120059,-1.9108,-2.2260,9.0260,0.2679,-0.0313,0.0522
1624570120068,-1.8103,-1.8862,8.9064,0.2275,-0.0239,0.0558
1624570120078,-1.7888,-1.9867,8.9782,0.0895,0.0201,0.0473
1624570120087,-1.8079,-2.2715,8.9519,-0.0473,0.0567,0.0216
1624570120097,-1.8295,-2.7811,9.0141,-0.1084,0.0750,0.0143
1624570120105,-1.8462,-2.9845,9.1385,-0.0987,0.0689,0.0216
1624570120116,-1.8319,-2.8075,9.1983,-0.0400,0.0481,0.0155
1624570120126,-1.8175,-2.6160,9.3419,0.0150,0.0298,-0.0040
1624570120135,-1.8462,-2.5443,9.3036,0.0137,0.0371,-0.0077
1624570120144,-1.9013,-2.6065,9.2079,-0.0107,0.0518,-0.0077
1624570120154,-1.9228,-2.8505,9.2510,-0.0192,0.0665,-0.0138
1624570120165,-2.0424,-2.9199,9.3132,-0.0046,0.0738,-0.0089
1624570120174,-2.1621,-2.6950,9.3610,0.0565,0.0555,-0.0040
1624570120184,-2.1836,-2.4031,9.2940,0.1212,0.0188,-0.0114
1624570120193,-2.0353,-2.2930,9.2366,0.1176,0.0090,-0.0126
1624570120203,-1.8821,-2.4677,9.2079,0.0760,0.0225,-0.0126
1624570120213,-1.8247,-2.7620,9.2438,0.0540,0.0359,-0.0199
1624570120222,-1.8749,-3.0180,9.1720,0.0711,0.0335,-0.0162
1624570120231,-1.9061,-3.0659,9.1672,0.1176,0.0213,-0.0028
1624570120241,-1.9850,-3.0085,9.1983,0.1762,0.0042,0.0082
1624570120251,-1.9683,-2.8147,9.1816,0.2153,-0.0166,0.0155
1624570120259,-1.9587,-2.6783,9.2246,0.2214,-0.0203,0.0228
1624570120269,-1.8869,-2.3935,9.0859,0.1884,-0.0264,0.0216
1624570120279,-1.8103,-2.2380,9.0835,0.1212,-0.0129,0.0107
1624570120288,-1.7792,-2.2906,9.1864,0.0382,0.0127,0.0021
1624570120297,-1.8032,-2.4533,9.2366,-0.0498,0.0420,-0.0052
1624570120307,-1.9467,-2.5754,9.2653,-0.0999,0.0628,-0.0126
1624570120318,-2.0759,-2.6806,9.2151,-0.0816,0.0677,-0.0126
1624570120328,-2.1908,-2.6711,9.1146,-0.0205,0.0591,-0.0162
1624570120338,-2.2722,-2.6639,9.0691,0.0602,0.0494,-0.0272
1624570120347,-2.2889,-2.6160,9.0476,0.1102,0.0396,-0.0272
1624570120357,-2.2386,-2.5108,9.0524,0.1212,0.0164,-0.0187
1624570120367,-2.2530,-2.3792,8.9447,0.1066,-0.0007,-0.0236
1624570120376,-2.2195,-2.3504,8.9638,0.0687,-0.0105,-0.0358
1624570120386,-2.2076,-2.3600,8.9734,0.0198,-0.0190,-0.0407
1624570120395,-2.3344,-2.3720,8.9949,-0.0241,-0.0374,-0.0431
1624570120405,-2.3774,-2.4629,8.9949,-0.0327,-0.0655,-0.0468
1624570120414,-2.2913,-2.5395,9.0165,-0.0437,-0.0923,-0.0578
1624570120424,-2.2482,-2.4844,9.0524,-0.0473,-0.1156,-0.0663
1624570120433,-2.2004,-2.2021,8.8873,-0.0645,-0.1498,-0.0688
1624570120443,-2.0592,-2.0585,8.8753,-0.0755,-0.1742,-0.0859
1624570120453,-1.8582,-2.2523,8.9638,-0.0950,-0.1693,-0.1078
1624570120463,-1.5591,-2.7118,9.1720,-0.1255,-0.1534,-0.1164
1624570120472,-1.2432,-2.9247,9.3706,-0.1683,-0.1290,-0.1274
1624570120481,-1.0829,-2.9487,9.5214,-0.1927,-0.1107,-0.1237
1624570120491,-0.6809,-3.1832,9.6769,-0.2330,-0.0764,-0.1054
1624570120501,-0.7527,-3.8699,10.3421,-0.2440,0.0494,-0.0981
1624570120511,-1.0231,-2.6687,10.3014,-0.1597,0.0787,-0.1201
1624570120520,-0.8915,-1.8264,9.5812,0.0308,0.0017,-0.1433
1624570120530,-0.7001,-1.9102,9.2845,-0.0950,-0.0190,-0.1152
1624570120539,-0.4345,-2.4605,9.0595,-0.6704,0.0995,-0.0211
1624570120549,-0.4129,-3.0444,9.4520,-1.2056,0.2497,0.0228
1624570120559,-0.8317,-3.1999,9.5118,-1.3412,0.3059,-0.0187
1624570120568,-1.0398,-3.2238,9.3443,-1.2226,0.2803,-0.0553
1624570120576,-1.0207,-3.2573,9.2534,-1.1090,0.2705,-0.0517
1624570120585,-0.9896,-3.2908,9.2845,-1.0858,0.2986,-0.0358
1624570120595,-1.0351,-3.3793,9.2223,-1.0834,0.3365,-0.0443
1624570120605,-1.1260,-3.7168,9.1529,-1.0455,0.3731,-0.0675
1624570120618,-1.2408,-3.9895,9.0978,-0.9917,0.3988,-0.0724
1624570120626,-1.4059,-4.0111,9.0524,-0.9221,0.4049,-0.0675
1624570120636,-1.4729,-4.0087,9.0763,-0.8109,0.3988,-0.0614
1624570120645,-1.5112,-3.8986,9.0500,-0.7034,0.3951,-0.0614
1624570120655,-1.5423,-3.7885,8.9471,-0.6057,0.3890,-0.0639
1624570120664,-1.5615,-3.8531,8.8586,-0.5409,0.3841,-0.0663
1624570120674,-1.6524,-3.9273,8.7963,-0.5104,0.3841,-0.0749
1624570120683,-1.7601,-4.0063,8.7556,-0.4762,0.3804,-0.0920
1624570120692,-1.8319,-4.0111,8.7317,-0.4811,0.3731,-0.1005
1624570120701,-1.9324,-4.0087,8.6264,-0.5140,0.3560,-0.1005
1624570120712,-1.9659,-3.9823,8.5571,-0.5519,0.3462,-0.1066
1624570120722,-1.9635,-4.0350,8.4757,-0.6216,0.3426,-0.1066
1624570120731,-1.8941,-4.1355,8.3273,-0.6888,0.3365,-0.1091
1624570120741,-1.8558,-4.4226,8.2867,-0.7388,0.3401,-0.1164
1624570120751,-1.8773,-4.7146,8.2268,-0.7718,0.3462,-0.1152
1624570120760,-1.9467,-4.8916,8.3058,-0.7584,0.3524,-0.1030
1624570120768,-2.1788,-4.9347,8.3656,-0.6985,0.3524,-0.0932
1624570120779,-2.2386,-4.8892,8.3872,-0.6167,0.3438,-0.0895
1624570120789,-2.1812,-4.8892,8.3441,-0.5495,0.3414,-0.0773
1624570120799,-2.0999,-4.9203,8.2771,-0.5031,0.3548,-0.0602
1624570120808,-1.9850,-5.0687,8.2244,-0.4713,0.3756,-0.0504
1624570120818,-1.9252,-5.2003,8.1646,-0.4395,0.3976,-0.0370
1624570120828,-1.9348,-5.3558,8.0761,-0.4090,0.4085,-0.0138
1624570120837,-2.1047,-5.3821,8.0522,-0.3674,0.4147,0.0045
1624570120846,-2.1621,-5.4228,8.0713,-0.3222,0.4147,0.0192
1624570120856,-2.1070,-5.4420,8.0402,-0.3112,0.4110,0.0461
1624570120866,-1.9874,-5.5449,8.1455,-0.3308,0.4159,0.0852
1624570120875,-1.8295,-5.6645,8.1311,-0.3748,0.4367,0.1181
1624570120885,-1.7744,-5.8703,8.1144,-0.4139,0.4709,0.1585
1624570120895,-1.6548,-6.2340,8.1048,-0.4016,0.5136,0.1963
1624570120903,-1.5471,-6.6288,8.1168,-0.3430,0.5588,0.2305
1624570120913,-1.4945,-6.9040,8.0235,-0.2367,0.5979,0.2733
1624570120922,-1.5878,-6.9782,8.0522,-0.1243,0.6223,0.3319
1624570120932,-1.6955,-6.7269,8.0115,-0.0400,0.6346,0.3942
1624570120947,-1.7984,-6.2962,8.0546,-0.0107,0.6480,0.4627
1624570120950,-1.8295,-5.8583,8.0019,-0.0290,0.6700,0.5201
1624570120961,-1.8247,-5.8918,8.0139,-0.0693,0.7115,0.5592
1624570120970,-1.9061,-6.1167,7.8679,-0.1084,0.7702,0.5909
1624570120981,-2.0999,-6.3201,7.7267,-0.1121,0.8166,0.6288
1624570120991,-2.3009,-6.2196,7.5880,-0.0938,0.8398,0.6630
1624570121000,-2.4516,-5.8440,7.6143,-0.0730,0.8508,0.6948
1624570121010,-2.5952,-5.4228,7.6310,-0.0755,0.8667,0.7046
1624570121019,-2.7124,-5.0998,7.5377,-0.1145,0.8826,0.7034
1624570121029,-2.8704,-4.9897,7.4755,-0.1756,0.9009,0.7021
1624570121039,-3.1001,-5.1644,7.2912,-0.2037,0.9119,0.6887
1624570121048,-3.3370,-5.3702,6.9227,-0.1695,0.8960,0.6801
1624570121058,-3.5643,-5.4276,6.7265,-0.0730,0.8655,0.6752
1624570121067,-3.7653,-5.3056,6.6404,0.0944,0.8190,0.6618
1624570121077,-3.9328,-4.8797,6.5638,0.2837,0.7665,0.6337
1624570121087,-4.0524,-4.3556,6.5327,0.4303,0.7140,0.5946
1624570121097,-4.1649,-3.9871,6.4466,0.4890,0.6688,0.5421
1624570121106,-4.2343,-3.9512,6.4035,0.4474,0.6407,0.4932
1624570121116,-4.3228,-3.9728,6.5064,0.3607,0.6138,0.4553
1624570121125,-4.4855,-3.7742,6.4801,0.2911,0.5710,0.4285
1624570121135,-4.7368,-3.5684,6.4538,0.2959,0.5271,0.3869
1624570121144,-5.0287,-3.3985,6.4681,0.3289,0.4868,0.3197
1624570121154,-5.3182,-3.3100,6.1762,0.3534,0.4281,0.2550
1624570121163,-5.5025,-3.5229,5.8029,0.3741,0.3536,0.2037
1624570121173,-5.5479,-3.9752,5.4153,0.3717,0.2717,0.1621
1624570121184,-5.5144,-4.2910,5.4368,0.3314,0.1911,0.1377
1624570121193,-5.4881,-4.1116,5.6187,0.3265,0.1275,0.1181
1624570121202,-5.4809,-3.6043,5.9800,0.4059,0.0787,0.0961
1624570121212,-5.5407,-3.3746,6.3054,0.5586,0.0420,0.0607
1624570121220,-5.6795,-3.1114,6.3891,0.6661,0.0188,0.0082
1624570121229,-5.8853,-2.9798,6.2408,0.7455,-0.0068,-0.0260
1624570121239,-6.0576,-2.9845,5.9537,0.7883,-0.0484,-0.0394
1624570121248,-6.1796,-2.9774,5.6402,0.7846,-0.0972,-0.0578
1624570121258,-6.1342,-2.9893,5.6809,0.7663,-0.1571,-0.0688
1624570121270,-6.0145,-3.0228,5.9561,0.7626,-0.2035,-0.0846
1624570121279,-5.9906,-2.9199,6.3126,0.7700,-0.2353,-0.1066
1624570121288,-6.0959,-2.6878,6.5064,0.7944,-0.2609,-0.1164
1624570121298,-6.2562,-2.5778,6.5543,0.8298,-0.2780,-0.1127
1624570121306,-6.3543,-2.6424,6.6117,0.8469,-0.2976,-0.1115
1624570121317,-6.3232,-2.7740,6.4538,0.8689,-0.3184,-0.1078
1624570121327,-6.1342,-2.9606,6.7911,0.8995,-0.3367,-0.0908
1624570121337,-5.9308,-2.8290,7.0424,0.9532,-0.3794,-0.0895
1624570121347,-5.8111,-2.7165,7.4229,1.0351,-0.4027,-0.0810
1624570121356,-5.7896,-2.5419,7.5305,1.1145,-0.4112,-0.0785
1624570121366,-5.7848,-2.2141,7.4779,1.1120,-0.4173,-0.0749
1624570121375,-5.7872,-1.9030,7.2578,1.0180,-0.4332,-0.0590
1624570121385,-5.7346,-1.6350,6.9969,0.8469,-0.4454,-0.0431
1624570121394,-5.6676,-1.5824,6.9491,0.6612,-0.4491,-0.0260
1624570121404,-5.4857,-1.7833,7.2960,0.5207,-0.4430,-0.0199
1624570121413,-5.2560,-2.1590,7.7698,0.4731,-0.4442,-0.0358
1624570121423,-5.0861,-2.4414,8.2579,0.5085,-0.4405,-0.0517
1624570121433,-5.0215,-2.6615,8.6480,0.6014,-0.4246,-0.0419
1624570121443,-5.0143,-2.6687,8.7892,0.6918,-0.3953,-0.0004
1624570121452,-5.0550,-2.3744,8.7317,0.7272,-0.3599,0.0375
1624570121462,-5.1220,-1.9843,8.5116,0.6942,-0.3269,0.0571
1624570121471,-5.1077,-1.7570,8.2867,0.6099,-0.3049,0.0693
1624570121480,-4.9378,-1.6087,8.3465,0.5000,-0.2829,0.0717
1624570121491,-4.7559,-1.5752,8.4709,0.3974,-0.2524,0.0656
1624570121500,-4.6530,-1.7403,8.7509,0.3228,-0.2121,0.0509
1624570121509,-4.6099,-1.8049,8.9016,0.2324,-0.1705,0.0351
1624570121519,-4.6602,-1.6733,8.8992,0.1249,-0.1339,0.0290
1624570121529,-4.6171,-1.5776,8.9351,-0.0009,-0.0948,0.0265
1624570121539,-4.6315,-1.5297,9.0117,-0.1365,-0.0447,-0.0004
1624570121547,-4.6817,-1.4842,9.2031,-0.2941,0.0213,-0.0248
1624570121556,-4.5884,-1.4005,9.2199,-0.4505,0.0860,-0.0346
1624570121566,-4.4951,-1.4292,9.1624,-0.5861,0.1434,-0.0627
1624570121575,-4.5405,-1.7139,9.0883,-0.6741,0.1948,-0.0932
1624570121587,-4.6028,-2.0705,8.8226,-0.7425,0.2192,-0.1030
1624570121642,-4.6506,-2.3839,8.6719,-0.8036,0.2277,-0.0920
1624570121643,-4.6985,-2.6184,8.6408,-0.8427,0.2412,-0.0724
1624570121644,-4.7272,-2.6017,8.5116,-0.8610,0.2461,-0.0541
1624570121645,-4.7511,-2.4557,8.5116,-0.8708,0.2497,-0.0407
1624570121646,-4.8349,-2.2475,8.6001,-0.9013,0.2632,-0.0419
1624570121647,-4.9545,-1.8168,8.6647,-1.0125,0.2839,-0.0553
1624570121652,-4.9880,-1.7331,8.6599,-1.1725,0.3181,-0.0663
1624570121663,-5.0694,-2.0561,8.5379,-1.3497,0.3670,-0.0883
1624570121672,-5.2057,-2.3600,8.3872,-1.5354,0.4147,-0.1030
1624570121683,-5.3589,-2.6830,8.2556,-1.6686,0.4440,-0.0920
1624570121692,-5.4977,-3.2454,8.0306,-1.7064,0.4635,-0.0737
1624570121701,-5.5455,-3.8148,7.7243,-1.6661,0.4684,-0.0578
1624570121711,-5.6053,-4.1355,7.5377,-1.5721,0.4672,-0.0333
1624570121721,-5.7322,-4.1451,7.3391,-1.4316,0.4477,-0.0040
1624570121729,-5.8303,-3.8795,7.0926,-1.2789,0.4073,0.0216
1624570121739,-5.9284,-3.4846,6.7792,-1.1603,0.3634,0.0387
1624570121750,-6.0432,-3.2454,6.4753,-1.1041,0.3206,0.0497
1624570121760,-6.2107,-3.1329,6.1738,-1.1017,0.2815,0.0424
1624570121769,-6.3232,-3.2382,6.0972,-1.1237,0.2375,0.0131
1624570121779,-6.3112,-3.4272,5.9919,-1.1555,0.1911,-0.0199
1624570121788,-6.2706,-3.6378,5.8149,-1.1945,0.1349,-0.0480
1624570121798,-6.1246,-3.7478,5.6952,-1.2458,0.0738,-0.0663
1624570121807,-6.0265,-3.8029,5.4727,-1.2935,0.0115,-0.0895
1624570121817,-5.9667,-4.0039,5.3267,-1.2886,-0.0532,-0.1225
1624570121827,-5.8829,-4.2192,5.3052,-1.2581,-0.1265,-0.1726
1624570121836,-5.7944,-4.2360,5.1927,-1.2398,-0.2047,-0.2190
1624570121845,-5.7011,-4.3508,5.2119,-1.1823,-0.2866,-0.2533
1624570121856,-5.5384,-4.5159,5.3818,-1.1054,-0.3611,-0.2948
1624570121864,-5.3374,-4.6452,5.4559,-1.0504,-0.4198,-0.3424
1624570121873,-5.0526,-4.8629,5.4033,-1.0296,-0.4528,-0.3681
1624570121883,-4.7870,-4.9754,5.4272,-1.0455,-0.4552,-0.3754
1624570121892,-4.7152,-5.0854,5.3722,-1.0186,-0.4564,-0.3876
1624570121902,-4.7057,-5.3486,5.3291,-0.9001,-0.4723,-0.4206
1624570121911,-4.7057,-5.6358,5.4177,-0.7303,-0.5089,-0.4744
1624570121923,-4.5980,-5.9349,5.5947,-0.5703,-0.5505,-0.5220
1624570121932,-4.3204,-6.3776,5.6809,-0.4029,-0.5835,-0.5452
1624570121942,-3.9591,-6.6862,5.7000,-0.2819,-0.6006,-0.5294
1624570121951,-3.6145,-6.5666,5.7455,-0.2098,-0.6030,-0.4939
1624570121961,-3.4183,-6.2460,5.8579,-0.1463,-0.6067,-0.4756
1624570121971,-3.3657,-5.9014,5.9752,-0.0767,-0.6030,-0.4878
1624570121981,-3.4135,-5.7961,5.9680,-0.0266,-0.5932,-0.5110
1624570121990,-3.4566,-5.9947,6.0685,0.0125,-0.5847,-0.5403
1624570122000,-3.4231,-6.2771,6.1666,0.0382,-0.5822,-0.5574
1624570122009,-3.3082,-6.5451,6.2049,0.0773,-0.5945,-0.5599
1624570122019,-3.0570,-6.6623,6.1977,0.1212,-0.6116,-0.5513
1624570122028,-2.8153,-6.5211,6.1882,0.1163,-0.6287,-0.5269
1624570122039,-2.6048,-6.3297,6.3198,0.0968,-0.6287,-0.5025
1624570122048,-2.5043,-6.2148,6.4322,0.1017,-0.6201,-0.5013
1624570122057,-2.4779,-6.3800,6.5423,0.1371,-0.6055,-0.5342
1624570122067,-2.4755,-6.6192,6.7576,0.2068,-0.5896,-0.5758
1624570122076,-2.3942,-6.7915,6.9371,0.2935,-0.5761,-0.5856
1624570122087,-2.2099,-6.8442,6.9227,0.3827,-0.5737,-0.5733
1624570122097,-1.9611,-6.7150,6.7959,0.4120,-0.5505,-0.5477
1624570122106,-1.7936,-6.4972,6.7935,0.3387,-0.5309,-0.5037
1624570122113,-1.6955,-6.2914,6.7911,0.1579,-0.5175,-0.4609
1624570122124,-1.5806,-6.2771,6.7720,-0.0498,-0.4967,-0.4328
1624570122134,-1.5782,-6.5977,6.9156,-0.1891,-0.4686,-0.4267
1624570122144,-1.6333,-6.9136,7.0304,-0.1830,-0.4430,-0.4499
1624570122153,-1.6835,-7.2174,7.2888,-0.0327,-0.4149,-0.4829
1624570122163,-1.6357,-7.3275,7.4252,0.1823,-0.4014,-0.4964
1624570122173,-1.4753,-7.1744,7.4013,0.3509,-0.3917,-0.4597
1624570122181,-1.3437,-6.8011,7.3965,0.4083,-0.3758,-0.4011
1624570122190,-1.2887,-6.3369,7.3463,0.3167,-0.3587,-0.3559
1624570122200,-1.2576,-5.9851,7.2793,0.1005,-0.3257,-0.3168
1624570122209,-1.2265,-6.0928,7.2721,-0.1414,-0.2805,-0.2887
1624570122220,-1.1954,-6.5738,7.3032,-0.3320,-0.2414,-0.2936
1624570122229,-1.1834,-7.0763,7.2817,-0.4016,-0.2059,-0.2948
1624570122239,-1.2361,-7.4137,7.3343,-0.3125,-0.1864,-0.2765
1624570122249,-1.3389,-7.4878,7.2506,-0.0974,-0.1852,-0.2691
1624570122259,-1.3366,-7.2486,7.1453,0.1542,-0.1864,-0.2643
1624570122269,-1.3461,-6.9542,7.2434,0.3815,-0.1791,-0.2533
1624570122279,-1.3796,-6.5163,7.3415,0.5134,-0.1827,-0.2471
1624570122288,-1.3342,-6.0809,7.3654,0.4951,-0.1803,-0.2227
1624570122298,-1.2504,-5.7291,7.3463,0.3485,-0.1693,-0.1799
1624570122307,-1.2265,-5.6693,7.1477,0.1249,-0.1498,-0.1592
1624570122317,-1.2552,-5.9971,7.0017,-0.0840,-0.1156,-0.1555
1624570122326,-1.3389,-6.5953,7.1309,-0.1976,-0.0826,-0.1555
1624570122336,-1.4682,-6.9901,7.3463,-0.1585,-0.0691,-0.1555
1624570122346,-1.5447,-6.9662,7.4707,0.0015,-0.0679,-0.1579
1624570122355,-1.5065,-6.6456,7.4946,0.1530,-0.0764,-0.1372
1624570122365,-1.4729,-6.4350,7.2458,0.2190,-0.0777,-0.1164
1624570122375,-1.5567,-6.3871,7.1285,0.2288,-0.0594,-0.1164
1624570122384,-1.6500,-6.2627,7.2171,0.2055,-0.0410,-0.1176
1624570122394,-1.7457,-6.0833,7.3726,0.1884,-0.0496,-0.1078
1624570122404,-1.6548,-5.8870,7.3247,0.1273,-0.0520,-0.0883
1624570122413,-1.5328,-6.1096,7.1214,0.0003,-0.0349,-0.0553
1624570122423,-1.5854,-6.5235,7.0974,-0.0620,0.0029,-0.0382
1624570122432,-1.7529,-6.4996,7.2482,-0.0046,0.0139,-0.0565
1624570122442,-1.9037,-6.3154,7.2721,0.1701,-0.0129,-0.0761
1624570122451,-1.9994,-6.0904,7.1692,0.3008,-0.0398,-0.0798
1624570122461,-2.0472,-5.9181,7.1501,0.2825,-0.0630,-0.0663
1624570122471,-1.9778,-5.8224,7.1692,0.1445,-0.0764,-0.0553
1624570122480,-1.9348,-5.8152,7.2147,-0.0351,-0.0728,-0.0553
1624570122490,-1.8797,-5.7674,7.2888,-0.1903,-0.0740,-0.0590
1624570122500,-1.7792,-5.7004,7.2697,-0.3149,-0.0752,-0.0590
1624570122508,-1.7074,-5.7291,7.0902,-0.4004,-0.0716,-0.0627
1624570122517,-1.6069,-5.8248,6.8821,-0.4407,-0.0728,-0.0749
1624570122527,-1.5830,-6.2244,6.8390,-0.4285,-0.0801,-0.0932
1624570122537,-1.5950,-6.5738,6.9036,-0.3736,-0.0801,-0.1066
1624570122546,-1.5782,-6.7772,7.1237,-0.2709,-0.0850,-0.1017
1624570122556,-1.5663,-6.7461,7.1884,-0.1610,-0.0972,-0.0871
1624570122566,-1.5447,-6.6743,7.2793,-0.0767,-0.1094,-0.0688
1624570122577,-1.5136,-6.6408,7.3200,-0.0351,-0.1107,-0.0468
1624570122586,-1.4155,-6.6815,7.1549,-0.0327,-0.1021,-0.0260
1624570122596,-1.3031,-6.8681,7.0807,-0.0364,-0.0899,0.0045
1624570122606,-1.2432,-6.8490,7.0783,-0.0547,-0.0740,0.0400
1624570122615,-1.2193,-6.8059,7.0256,-0.0632,-0.0655,0.0729
1624570122624,-1.2720,-6.7054,7.1094,-0.0742,-0.0679,0.1084
1624570122634,-1.4753,-6.6264,7.0735,-0.0889,-0.0655,0.1291
1624570122644,-1.6740,-6.6240,7.0783,-0.0535,-0.0606,0.1316
1624570122654,-1.8127,-6.6647,6.9371,0.0015,-0.0569,0.1267
1624570122662,-1.8510,-6.8872,6.8270,0.0882,-0.0532,0.1255
1624570122673,-1.8343,-6.8777,7.0639,0.2251,-0.0496,0.1230
1624570122681,-1.8175,-6.2579,7.3989,0.3839,-0.0630,0.1267
1624570122692,-1.8869,-5.7411,7.4324,0.5207,-0.0789,0.1243
1624570122701,-1.9419,-5.3821,7.2793,0.5183,-0.0764,0.1120
1624570122711,-1.9754,-5.2099,7.1214,0.4071,-0.0703,0.0974
1624570122720,-1.9037,-5.2936,7.0974,0.2801,-0.0740,0.0754
1624570122728,-1.7960,-5.4491,7.2195,0.1884,-0.0777,0.0363
1624570122739,-1.6213,-5.5377,7.4803,0.1335,-0.0789,0.0058
1624570122750,-1.4706,-5.6119,7.7196,0.1090,-0.0728,-0.0065
1624570122759,-1.3964,-5.6860,7.5521,0.0895,-0.0764,-0.0248
1624570122769,-1.3437,-5.8081,7.4133,0.0553,-0.0728,-0.0370
1624570122778,-1.2791,-6.0880,7.5257,0.0272,-0.0581,-0.0394
1624570122788,-1.1116,-6.3441,7.6071,0.0162,-0.0459,-0.0333
1624570122798,-1.0231,-6.4541,7.8105,0.0247,-0.0288,-0.0162
1624570122807,-0.9968,-6.3345,7.8799,0.0369,-0.0068,0.0021
1624570122817,-0.9776,-6.2364,7.9493,0.0516,0.0274,0.0119
1624570122827,-0.9585,-6.2340,8.0522,0.0797,0.0579,0.0265
1624570122834,-0.9011,-6.2484,7.9588,0.1188,0.0701,0.0400
1624570122844,-0.9370,-6.2292,7.8272,0.1432,0.1019,0.0619
1624570122853,-1.0470,-6.2244,7.5880,0.1615,0.1202,0.0803
1624570122863,-1.0853,-6.3704,7.4252,0.1505,0.1337,0.0864
1624570122876,-1.1092,-6.5881,7.4205,0.1273,0.1508,0.1047
1624570122884,-1.0925,-6.6551,7.5377,0.1212,0.1715,0.1316
1624570122894,-1.1188,-6.5809,7.6454,0.1371,0.1850,0.1548
1624570122903,-1.1810,-6.4230,7.7531,0.1603,0.2033,0.1670
1624570122913,-1.2863,-6.2029,7.7243,0.1762,0.2180,0.1731
1624570122922,-1.3318,-6.1263,7.6789,0.1689,0.2363,0.1866
1624570122932,-1.3844,-6.1622,7.6645,0.1505,0.2595,0.1988
1624570122941,-1.3868,-6.2675,7.7076,0.1518,0.2815,0.2110
1624570122951,-1.4442,-6.3225,7.7387,0.1579,0.2962,0.2281
1624570122961,-1.5399,-6.2125,7.6215,0.1774,0.2974,0.2440
1624570122970,-1.6213,-6.0569,7.5521,0.1799,0.2986,0.2464
1624570122979,-1.7290,-5.9923,7.4803,0.1469,0.2925,0.2538
1624570122990,-1.7888,-5.8990,7.3247,0.0882,0.2827,0.2647
1624570122999,-1.7386,-6.0450,7.3798,0.0320,0.2803,0.2721
1624570123009,-1.7649,-6.1526,7.4827,0.0052,0.2827,0.2770
1624570123017,-1.7816,-6.2842,7.6908,0.0150,0.2876,0.2843
1624570123029,-1.8223,-6.3800,7.7985,0.0602,0.2852,0.2855
1624570123036,-1.8391,-6.3560,7.7770,0.0968,0.2925,0.2941
1624570123047,-1.9395,-6.0785,7.6884,0.1139,0.2974,0.3173
1624570123056,-2.0496,-5.7818,7.4563,0.1188,0.2962,0.3197
1624570123066,-2.2099,-5.6908,7.2266,0.0980,0.2974,0.3063
1624570123076,-2.2985,-5.6980,7.1788,0.0699,0.3023,0.2977
1624570123084,-2.3080,-5.6836,7.2625,0.0528,0.2900,0.2904
1624570123096,-2.1669,-5.5760,7.3295,0.0491,0.2791,0.2916
1624570123104,-1.9778,-5.4994,7.3343,0.0272,0.2717,0.3014
1624570123113,-1.8510,-5.6884,7.3726,-0.0144,0.2900,0.3087
1624570123124,-1.8414,-5.9851,7.3989,-0.0755,0.3242,0.3161
1624570123132,-1.9683,-6.2747,7.3056,-0.0950,0.3487,0.3271
1624570123144,-2.1358,-6.3058,7.1716,-0.0730,0.3524,0.3429
1624570123151,-2.2722,-6.1191,7.1453,-0.0217,0.3438,0.3600
1624570123161,-2.3320,-5.7794,7.2051,0.0101,0.3316,0.3625
1624570123171,-2.3176,-5.6238,7.1740,0.0003,0.3291,0.3613
1624570123180,-2.2722,-5.7770,7.1477,-0.0437,0.3401,0.3674
1624570123190,-2.2195,-5.9134,7.1333,-0.0901,0.3621,0.3820
1624570123201,-2.2004,-6.1359,7.1453,-0.0987,0.3792,0.3967
1624570123211,-2.1812,-6.2484,7.0448,-0.0791,0.3951,0.4065
1624570123220,-2.2076,-6.1598,6.9204,-0.0681,0.4049,0.4260
1624570123230,-2.3224,-6.0091,6.8821,-0.0486,0.4134,0.4370
1624570123239,-2.4420,-5.9349,6.9706,-0.0205,0.4195,0.4236
1624570123249,-2.5210,-5.9086,6.9897,0.0040,0.4232,0.4114
1624570123259,-2.4588,-6.1000,6.9706,0.0406,0.4342,0.4089
1624570123268,-2.3583,-6.2555,6.9969,0.0589,0.4550,0.4065
1624570123278,-2.3583,-6.2292,7.0687,0.0675,0.4770,0.4211
1624570123288,-2.4349,-5.9947,7.1357,0.0760,0.4953,0.4358
1624570123297,-2.5784,-5.7411,7.1022,0.0711,0.5051,0.4431
1624570123306,-2.7268,-5.7722,7.0448,0.0577,0.5100,0.4382
1624570123316,-2.7579,-5.8033,6.9539,0.0125,0.5173,0.4346
1624570123327,-2.8249,-5.8272,6.8629,-0.0290,0.5344,0.4346
1624570123336,-2.9230,-5.8535,6.9060,-0.0229,0.5588,0.4321
1624570123345,-3.1647,-5.6980,7.0041,0.0235,0.5747,0.4272
1624570123355,-3.4255,-5.4420,7.1190,0.1102,0.5820,0.4138
1624570123364,-3.6313,-5.1979,7.0879,0.1970,0.5918,0.4004
1624570123374,-3.8155,-5.1620,7.1644,0.2654,0.6065,0.3845
1624570123384,-3.8993,-4.9993,7.2530,0.3008,0.6162,0.3576
1624570123393,-3.9902,-4.8797,7.2266,0.3216,0.6223,0.3344
1624570123403,-4.1098,-4.9299,6.9706,0.3473,0.6211,0.3087
1624570123412,-4.1529,-5.0807,6.7935,0.3424,0.6223,0.2929
1624570123421,-4.2630,-5.2721,6.5710,0.3192,0.6321,0.2770
1624570123432,-4.5214,-5.4061,6.2743,0.3363,0.6333,0.2525
1624570123441,-4.7798,-5.3080,6.1738,0.3900,0.6211,0.2318
1624570123451,-5.0000,-5.0161,6.1546,0.4572,0.5943,0.2146
1624570123461,-5.1148,-4.7433,6.2815,0.5696,0.5637,0.1780
1624570123470,-5.0837,-4.4753,6.4897,0.6747,0.5368,0.1267
1624570123478,-5.0383,-4.3054,6.7002,0.7382,0.5112,0.0864
1624570123488,-5.0789,-4.3126,6.5303,0.7797,0.4868,0.0705
1624570123497,-5.2225,-4.4848,6.1642,0.8152,0.4562,0.0509
1624570123507,-5.3708,-4.6284,5.7240,0.8421,0.4171,0.0228
1624570123516,-5.5216,-4.4083,5.3602,0.8311,0.3548,0.0009
1624570123528,-5.6269,-3.9106,5.2262,0.8091,0.2754,-0.0040
1624570123537,-5.7776,-3.5086,5.0970,0.7797,0.1825,-0.0187
1624570123547,-5.9116,-3.4272,5.0468,0.7443,0.0909,-0.0407
1624570123557,-5.9092,-3.5229,5.3052,0.7113,0.0017,-0.0602
1624570123566,-5.9116,-3.8460,5.6833,0.7186,-0.0752,-0.0675
1624570123576,-5.8949,-4.0111,5.9919,0.7785,-0.1388,-0.0724
1624570123585,-5.8087,-4.0470,6.2121,0.8958,-0.2023,-0.0785
1624570123595,-5.8087,-3.9201,6.2815,1.0094,-0.2609,-0.0724
1624570123605,-5.8470,-3.6808,6.3245,1.0962,-0.3110,-0.0602
1624570123614,-5.9475,-3.3219,6.3245,1.1365,-0.3623,-0.0468
1624570123624,-6.0361,-3.0898,6.3724,1.1328,-0.4137,-0.0260
1624570123634,-6.0073,-3.1927,6.4227,1.1365,-0.4454,0.0009
1624570123643,-5.8853,-3.2741,6.6189,1.1230,-0.4698,0.0131
1624570123653,-5.7944,-3.1999,6.7146,1.1365,-0.4931,0.0180
1624570123662,-5.7800,-3.2430,7.0041,1.2025,-0.5004,0.0412
1624570123672,-5.7346,-3.0587,7.2362,1.2660,-0.5089,0.0571
1624570123681,-5.6030,-2.6184,7.4372,1.2782,-0.5199,0.0681
1624570123691,-5.4881,-2.1590,7.6526,1.2318,-0.5236,0.0839
1624570123700,-5.3350,-1.7211,7.9947,1.1096,-0.5138,0.0986
1624570123710,-5.2297,-1.5249,8.2651,0.9349,-0.4870,0.1084
1624570123720,-5.1531,-1.5919,8.3991,0.7529,-0.4393,0.1010
1624570123729,-5.1675,-1.6972,8.4015,0.5623,-0.3843,0.0803
1624570123740,-5.0981,-1.8934,8.4518,0.3802,-0.3440,0.0693
1624570123749,-5.0263,-1.8958,8.5786,0.2006,-0.3086,0.0583
1624570123758,-4.9976,-1.7642,8.7915,0.0528,-0.2536,0.0607
1624570123768,-4.9952,-1.5728,8.9160,-0.0608,-0.1901,0.0693
1624570123778,-4.9593,-1.4890,8.8681,-0.1683,-0.1204,0.0522
1624570123787,-4.8803,-1.8360,8.7772,-0.2734,-0.0337,0.0143
1624570123795,-4.8779,-2.3337,8.8226,-0.3955,0.0677,-0.0077
1624570123805,-5.0000,-2.5754,8.8657,-0.4762,0.1581,-0.0016
1624570123814,-5.1364,-2.5754,8.7126,-0.4639,0.2094,0.0094
1624570123824,-5.1387,-2.3313,8.5116,-0.4224,0.2375,0.0119
1624570123835,-5.1029,-2.1327,8.3106,-0.4175,0.2656,0.0094
1624570123845,-5.1029,-2.1016,8.2340,-0.4798,0.3010,0.0033
1624570123854,-5.1435,-2.1853,8.1909,-0.6203,0.3389,-0.0028
1624570123864,-5.2225,-2.3337,8.1024,-0.8024,0.3743,-0.0028
1624570123874,-5.2847,-2.6519,7.9469,-0.9759,0.4037,0.0082
1624570123883,-5.3708,-3.0324,7.8009,-1.0895,0.4208,0.0168
1624570123893,-5.4618,-3.4894,7.6191,-1.1249,0.4232,0.0302
1624570123902,-5.5096,-3.9129,7.5640,-1.0919,0.4085,0.0473
1624570123912,-5.5336,-4.0996,7.5712,-1.0223,0.3804,0.0754
1624570123922,-5.5742,-4.0111,7.5210,-0.9050,0.3426,0.1108
1624570123931,-5.5886,-3.7335,7.5018,-0.7706,0.2986,0.1353
1624570123941,-5.5886,-3.3793,7.2960,-0.6680,0.2546,0.1487
1624570123950,-5.6987,-3.0707,7.0185,-0.6216,0.2155,0.1548
1624570123960,-5.8207,-2.9750,6.7050,-0.6069,0.1752,0.1462
1624570123970,-5.8805,-3.1592,6.5471,-0.6020,0.1239,0.1169
1624570123979,-5.7465,-3.6521,6.6284,-0.5654,0.0738,0.0803
1624570123989,-5.4953,-4.0685,6.6906,-0.5043,0.0213,0.0607
1624570123999,-5.3398,-4.2144,6.7265,-0.3919,-0.0313,0.0766
1624570124008,-5.3469,-4.2599,6.7242,-0.2318,-0.0874,0.0986
1624570124018,-5.3996,-4.3365,6.8558,-0.0278,-0.1436,0.0925
1624570124027,-5.3924,-4.1355,6.8366,0.1335,-0.2047,0.0754
1624570124037,-5.2847,-3.8340,6.8342,0.2642,-0.2646,0.0754
1624570124047,-5.1555,-3.6258,6.8007,0.3766,-0.3232,0.0778
1624570124056,-5.0383,-3.4535,6.8414,0.4316,-0.3721,0.0607
1624570124066,-4.9378,-3.1544,6.8270,0.4450,-0.4051,0.0387
1624570124076,-4.8827,-2.9319,6.7744,0.4267,-0.4295,0.0119
1624570124085,-4.8349,-2.8817,6.7146,0.3766,-0.4491,-0.0248
1624570124095,-4.7535,-3.0635,6.6595,0.3167,-0.4662,-0.0724
1624570124105,-4.6482,-3.5780,6.7337,0.2569,-0.4833,-0.1115
1624570124112,-4.4281,-4.1116,6.9706,0.2165,-0.4979,-0.1518
1624570124122,-4.2295,-4.2216,7.1237,0.2019,-0.5138,-0.1824
1624570124131,-4.1362,-4.1355,7.3989,0.2471,-0.5285,-0.1836
1624570124141,-4.1625,-3.7981,7.4659,0.3094,-0.5493,-0.1836
1624570124152,-4.1385,-3.4009,7.4492,0.3411,-0.5688,-0.2044
1624570124162,-4.1122,-3.1281,7.4827,0.3338,-0.5835,-0.2264
1624570124172,-4.0333,-3.0300,7.5329,0.2630,-0.5957,-0.2496
1624570124181,-3.8490,-3.0324,7.5808,0.1774,-0.5932,-0.2777
1624570124191,-3.7437,-3.3674,7.5808,0.1518,-0.5822,-0.3070
1624570124201,-3.6839,-4.0135,7.6789,0.1664,-0.5713,-0.3485
1624570124209,-3.5571,-4.4920,7.6430,0.1750,-0.5566,-0.3803
1624570124220,-3.4853,-4.6834,7.6693,0.1677,-0.5468,-0.3534
1624570124229,-3.4542,-4.5973,7.6980,0.1518,-0.5664,-0.2997
1624570124239,-3.4542,-4.2360,7.6861,0.1053,-0.5981,-0.2826
1624570124248,-3.4016,-3.9584,7.8177,0.0614,-0.6042,-0.2997
1624570124258,-3.2747,-3.6521,8.0187,0.0467,-0.5835,-0.3363
1624570124268,-3.1575,-3.2860,8.2699,0.1127,-0.5603,-0.3925
1624570124277,-3.1647,-3.1664,8.4159,0.2397,-0.5468,-0.4719
1624570124287,-3.0139,-3.2214,8.4398,0.2862,-0.5383,-0.5379
1624570124296,-2.7938,-3.5804,8.3058,0.1994,-0.5212,-0.5367
1624570124304,-2.5354,-4.0828,8.2316,0.0186,-0.5102,-0.4878
1624570124315,-2.3320,-4.2408,8.1694,-0.1891,-0.4955,-0.4548
1624570124325,-2.2386,-3.9991,8.2412,-0.3222,-0.4723,-0.4731
1624570124335,-2.2123,-3.4176,8.3393,-0.3784,-0.4503,-0.5245
1624570124345,-2.1932,-3.0252,8.4661,-0.4016,-0.4271,-0.6027
1624570124354,-2.1214,-3.0013,8.6480,-0.4664,-0.3965,-0.6857
1624570124364,-1.8893,-3.4583,8.7485,-0.6228,-0.3538,-0.7126
1624570124373,-1.6548,-4.2767,8.5427,-0.8573,-0.3061,-0.6845
1624570124382,-1.5758,-5.1620,8.2890,-1.1029,-0.2634,-0.6466
1624570124393,-1.6692,-5.6310,8.2723,-1.2801,-0.2267,-0.6100
1624570124402,-1.7242,-5.6262,8.1096,-1.3094,-0.2121,-0.5904
1624570124412,-1.7170,-5.4348,8.1096,-1.2043,-0.1974,-0.6002
1624570124421,-1.6022,-5.0830,8.2986,-1.0626,-0.1742,-0.6357
1624570124429,-1.5256,-4.6691,8.4422,-0.9844,-0.1498,-0.6650
1624570124439,-1.5184,-4.5471,8.3680,-1.0345,-0.1229,-0.6576
1624570124448,-1.4586,-4.7313,8.0258,-1.2862,-0.0862,-0.6100
1624570124458,-1.4323,-5.1740,7.5832,-1.6930,-0.0337,-0.5379
1624570124469,-1.4107,-5.8009,7.1596,-2.1060,0.0249,-0.4731
1624570124479,-1.5017,-6.5977,7.1477,-2.3027,0.0799,-0.4585
1624570124489,-1.5304,-6.8202,7.3894,-2.2684,0.1129,-0.4915
1624570124498,-1.5543,-6.8561,7.4803,-1.9997,0.1202,-0.5123
1624570124508,-1.5830,-6.9542,7.4827,-1.5953,0.1166,-0.5220
1624570124518,-1.6979,-6.9351,7.1740,-1.2410,0.1056,-0.5123
1624570124528,-1.8103,-6.7796,6.8893,-1.0260,0.0885,-0.4597
1624570124537,-1.8534,-6.6623,6.7194,-0.9319,0.0714,-0.3852
1624570124547,-1.8654,-6.8083,6.6667,-0.9111,0.0555,-0.3363
1624570124556,-1.9324,-6.9423,6.6667,-0.9001,0.0506,-0.3266
1624570124566,-1.9156,-7.1289,6.6595,-0.8586,0.0445,-0.3217
1624570124575,-1.9252,-7.2174,6.6236,-0.7804,0.0286,-0.3021
1624570124585,-1.9826,-7.2103,6.6835,-0.6582,0.0115,-0.2875
1624570124595,-1.9946,-7.0763,6.7696,-0.5312,-0.0129,-0.2813
1624570124604,-1.9132,-6.9088,6.6954,-0.4811,-0.0300,-0.2557
1624570124614,-1.8103,-6.7843,6.5782,-0.5153,-0.0349,-0.2252
1624570124623,-1.6907,-7.0643,6.3700,-0.6240,-0.0276,-0.1995
1624570124633,-1.6955,-7.2486,6.2887,-0.7547,-0.0056,-0.1934
1624570124642,-1.7266,-7.3347,6.0853,-0.8219,0.0042,-0.1775
1624570124652,-1.7410,-7.6481,6.1379,-0.7388,-0.0056,-0.1714
1624570124662,-1.7242,-7.7510,6.3652,-0.5886,-0.0288,-0.1555
1624570124671,-1.6931,-7.8731,6.4466,-0.4163,-0.0459,-0.1127
1624570124680,-1.6835,-7.9975,6.5638,-0.2831,-0.0606,-0.0761
1624570124689,-1.7266,-8.0166,6.5375,-0.2037,-0.0630,-0.0553
1624570124700,-1.7529,-7.8683,6.5471,-0.1720,-0.0569,-0.0260
1624570124709,-1.7840,-7.4089,6.4466,-0.1512,-0.0471,-0.0016
1624570124719,-1.7864,-6.9877,6.1427,-0.1402,-0.0422,0.0021
1624570124729,-1.7122,-7.0978,5.9082,-0.1378,-0.0300,0.0009
1624570124737,-1.6620,-7.4854,5.9561,-0.1475,-0.0276,0.0180
1624570124746,-1.6524,-7.8755,6.1546,-0.1109,-0.0227,0.0424
1624570124756,-1.6835,-7.9544,6.3580,0.0052,-0.0300,0.0607
1624570124766,-1.8462,-7.7175,6.3437,0.1163,-0.0410,0.0717
1624570124775,-1.9539,-7.3419,6.2863,0.1420,-0.0532,0.0925
1624570124787,-2.0281,-7.0045,6.1666,0.0919,-0.0569,0.1255
1624570124796,-2.0496,-6.9423,6.1762,0.0247,-0.0508,0.1450
1624570124806,-2.0855,-7.0260,6.3413,-0.0095,-0.0447,0.1426
1624570124815,-2.1453,-7.1433,6.4681,-0.0009,-0.0410,0.1438
1624570124826,-2.1980,-7.0691,6.4897,0.0259,-0.0410,0.1560
1624570124834,-2.1525,-7.0284,6.3796,0.0528,-0.0361,0.1609
1624570124844,-2.0544,-7.0882,6.3820,0.0308,-0.0264,0.1609
1624570124854,-1.9683,-7.1648,6.2863,-0.0498,-0.0068,0.1682
1624570124864,-1.9826,-7.2318,6.2887,-0.1402,0.0164,0.1792
1624570124873,-2.1166,-7.2581,6.2599,-0.2196,0.0286,0.1695
1624570124883,-2.2769,-7.3778,6.2863,-0.2416,0.0311,0.1621
1624570124892,-2.3392,-7.2868,6.3580,-0.2220,0.0311,0.1511
1624570124901,-2.3272,-7.0978,6.3772,-0.1475,0.0164,0.1450
1624570124911,-2.3679,-6.8896,6.3437,-0.0645,0.0042,0.1353
1624570124921,-2.5067,-6.7102,6.1546,-0.0217,-0.0020,0.1096
1624570124930,-2.6502,-6.7580,5.9202,0.0064,-0.0154,0.0852
1624570124939,-2.7794,-6.8848,5.8986,0.0088,-0.0410,0.0656
1624570124950,-2.8129,-6.7341,5.9561,0.0174,-0.0716,0.0485
1624570124959,-2.6933,-6.2914,5.9728,0.0443,-0.1119,0.0351
1624570124969,-2.5665,-5.9540,5.9345,0.0687,-0.1485,0.0094
1624570124979,-2.5306,-5.9492,5.9991,0.0626,-0.1608,-0.0346
1624570124988,-2.5425,-6.1718,6.2240,0.0369,-0.1522,-0.0712
1624570124998,-2.6741,-6.2196,6.0733,0.0272,-0.1473,-0.1115
1624570125008,-2.6574,-6.2579,5.9178,0.0284,-0.1559,-0.1616
1624570125016,-2.5473,-6.2579,5.8340,-0.0681,-0.1876,-0.1824
1624570125027,-2.4253,-6.3393,5.8388,-0.2416,-0.2035,-0.1934
1624570125036,-2.3583,-6.4111,5.9943,-0.4383,-0.1999,-0.2239
1624570125046,-2.3224,-6.2388,6.0207,-0.6093,-0.1999,-0.2581
1624570125056,-2.3033,-6.1383,5.8938,-0.7437,-0.2145,-0.2826
1624570125064,-2.2530,-6.2842,5.6450,-0.8916,-0.2206,-0.3046
1624570125074,-2.2626,-6.5187,5.5062,-1.0492,-0.2035,-0.3241
1624570125083,-2.2315,-6.9638,5.2885,-1.1359,-0.1815,-0.3400
1624570125092,-2.1070,-7.3443,5.3937,-1.1078,-0.1571,-0.3815
1624570125105,-1.8869,-7.4902,5.4559,-1.0125,-0.1522,-0.4108
1624570125113,-1.4514,-7.7702,5.4153,-0.8806,-0.1351,-0.4341
1624570125123,-1.0351,-8.0406,5.2741,-0.8378,-0.1302,-0.3754
1624570125132,-0.9729,-8.3684,5.2550,-0.8647,-0.1094,-0.3278
1624570125142,-1.0973,-8.5766,5.3650,-0.9148,-0.0850,-0.3009
1624570125152,-1.2169,-8.5120,5.3028,-0.9282,-0.0850,-0.2765
1624570125161,-1.2672,-8.3851,5.0611,-0.9111,-0.0874,-0.2459
1624570125169,-1.2911,-8.2583,4.7333,-0.8769,-0.0948,-0.2300
1624570125180,-1.3246,-8.2679,4.5850,-0.8305,-0.0984,-0.2252
1624570125189,-1.3126,-8.4402,4.8362,-0.7217,-0.1046,-0.2300
1624570125200,-1.1188,-8.4091,5.0827,-0.5324,-0.1204,-0.2520
1624570125209,-0.8867,-8.2894,5.0898,-0.3235,-0.1351,-0.2496
1624570125219,-0.8006,-8.1028,4.8434,-0.1671,-0.1229,-0.2410
1624570125228,-0.7982,-8.1124,4.8913,-0.0950,-0.1070,-0.2361
1624570125238,-0.7072,-8.7225,5.1616,-0.1402,-0.1107,-0.2056
1624570125248,-0.5086,-9.0073,5.4368,-0.2269,-0.0838,-0.1518
1624570125257,-0.1904,-9.1197,5.5804,-0.2551,-0.0630,-0.0883
1624570125267,0.0824,-8.9068,5.6306,-0.2453,-0.0398,-0.0370
1624570125277,0.1566,-8.6292,5.7168,-0.2465,0.0078,0.0155
1624570125286,0.1398,-8.3421,5.6378,-0.2465,0.0555,0.0485
1624570125296,0.0226,-8.5335,5.2717,-0.1976,0.0921,0.0839
1624570125306,-0.1904,-8.7919,4.9630,-0.0706,0.1312,0.1010
1624570125315,-0.3459,-9.0025,4.9774,0.1212,0.1300,0.1243
1624570125324,-0.3746,-9.0145,5.1162,0.3424,0.0921,0.1560
1624570125334,-0.3579,-8.9307,5.1832,0.5110,0.0640,0.1914
1624570125344,-0.4153,-9.0791,5.1808,0.6136,0.0506,0.2354
1624570125354,-0.4727,-9.0216,5.3459,0.6393,0.0543,0.2819
1624570125363,-0.5828,-8.7417,5.2382,0.6906,0.0665,0.3112
1624570125373,-0.6331,-8.5957,5.4249,0.7553,0.0824,0.3173
1624570125383,-0.6594,-8.3899,5.5828,0.7529,0.0897,0.3283
1624570125390,-0.6139,-8.3134,5.7957,0.7040,0.1068,0.3478
1624570125400,-0.5708,-8.3038,5.9632,0.6295,0.1385,0.3600
1624570125409,-0.5732,-8.3636,5.9656,0.5537,0.1728,0.3625
1624570125419,-0.6929,-8.2607,5.7886,0.4816,0.2082,0.3698
1624570125431,-0.9202,-8.2416,5.6713,0.4267,0.2387,0.3796
1624570125440,-1.0087,-8.1578,5.7407,0.3851,0.2436,0.3918
1624570125450,-1.0662,-8.1243,5.7909,0.3619,0.2363,0.4138
1624570125459,-1.2456,-8.0478,5.8388,0.3766,0.2314,0.4236
1624570125469,-1.4490,-7.9090,5.8962,0.3888,0.2277,0.4309
1624570125479,-1.5160,-7.8515,5.9704,0.3974,0.2241,0.4370
1624570125488,-1.4251,-7.7104,5.9991,0.3705,0.2265,0.4382
1624570125498,-1.2720,-7.7750,5.9154,0.3228,0.2314,0.4407
1624570125507,-1.2743,-7.7702,5.8101,0.2471,0.2485,0.4480
1624570125517,-1.4777,-7.7295,5.7168,0.1787,0.2656,0.4492
1624570125527,-1.7146,-7.6577,5.6785,0.1383,0.2815,0.4382
1624570125536,-1.9252,-7.4950,5.7790,0.1188,0.2827,0.4297
1624570125546,-2.1501,-7.2605,5.7886,0.1261,0.2791,0.4114
1624570125556,-2.2937,-7.2629,5.8316,0.1383,0.2778,0.3882
1624570125564,-2.2434,-7.5094,5.8029,0.1273,0.2766,0.3625
1624570125575,-2.0185,-7.7869,5.8053,0.0870,0.2827,0.3723
1624570125584,-1.7625,-7.9473,5.8436,0.0516,0.2949,0.4004
1624570125594,-1.6716,-8.0119,5.8340,0.0382,0.3230,0.4077
1624570125603,-1.7625,-7.9138,5.6450,0.0088,0.3560,0.4260
1624570125613,-1.9180,-7.9233,5.4847,-0.0217,0.3817,0.4566
1624570125623,-2.0137,-7.8898,5.3698,-0.0535,0.3890,0.4810
1624570125632,-2.1669,-7.8228,5.3387,-0.0376,0.3902,0.4847
1624570125641,-2.3272,-7.7750,5.4177,0.0162,0.3963,0.4688
1624570125651,-2.4325,-7.6984,5.4392,0.0687,0.4025,0.4639
1624570125661,-2.4014,-7.5788,5.4990,0.0980,0.4073,0.4712
1624570125671,-2.3703,-7.3108,5.3076,0.0809,0.4208,0.4895
1624570125680,-2.4995,-7.1792,5.1210,0.0467,0.4415,0.5116
1624570125689,-2.6406,-7.3036,4.9678,-0.0070,0.4501,0.5054
1624570125698,-2.7100,-7.5620,4.8003,-0.0803,0.4477,0.5140
1624570125707,-2.7603,-7.5931,4.8577,-0.1280,0.4391,0.5348
1624570125717,-2.8201,-7.3203,5.0157,-0.1463,0.4171,0.5421
1624570125727,-2.9685,-6.8944,5.0252,-0.1512,0.3976,0.5274
1624570125736,-3.1168,-6.8011,4.9582,-0.1671,0.3988,0.5128
1624570125747,-3.2365,-7.1361,4.9415,-0.1915,0.4025,0.5005
1624570125757,-3.2652,-7.5022,4.8817,-0.1842,0.4025,0.4944
1624570125767,-3.3370,-7.4926,4.8936,-0.1133,0.4073,0.4944
1624570125776,-3.4327,-7.2174,4.9463,0.0113,0.4098,0.4834
1624570125787,-3.4925,-6.8442,4.9965,0.1212,0.4073,0.4651
1624570125795,-3.5667,-6.5283,5.0133,0.1603,0.4037,0.4468
1624570125805,-3.7102,-6.3632,4.6448,0.1383,0.4012,0.4260
1624570125815,-3.9280,-6.4254,4.4031,0.0846,0.4061,0.4028
1624570125824,-4.1601,-6.4182,4.3792,0.0150,0.3927,0.3723
1624570125834,-4.2390,-6.2890,4.4653,-0.0278,0.3609,0.3368
1624570125844,-4.2295,-6.0689,4.5850,-0.0290,0.3414,0.3051
1624570125853,-4.2845,-5.9875,4.6591,-0.0095,0.3230,0.2647
1624570125862,-4.3898,-6.1239,4.7836,0.0320,0.3047,0.2146
1624570125872,-4.6339,-6.2220,4.6879,0.0553,0.2888,0.1768
1624570125882,-4.7822,-6.2460,4.6017,0.0736,0.2717,0.1487
1624570125892,-4.8779,-6.0833,4.5275,0.0748,0.2387,0.1218
1624570125901,-4.8660,-5.9540,4.5419,0.0809,0.2045,0.0961
1624570125911,-4.8516,-5.7243,4.6855,0.0907,0.1838,0.0595
1624570125920,-4.9402,-5.7458,4.6161,0.1090,0.1703,0.0228
1624570125930,-5.0861,-5.9995,4.6137,0.1151,0.1593,-0.0150
1624570125940,-5.2799,-6.1431,4.6065,0.0944,0.1361,-0.0443
1624570125949,-5.3445,-6.0641,4.7333,0.0577,0.0909,-0.0602
1624570125959,-5.2967,-5.9062,4.9582,0.0247,0.0445,-0.0761
1624570125969,-5.1747,-5.9636,4.9989,0.0027,0.0225,-0.0981
1624570125978,-5.1603,-6.0378,5.0564,-0.0034,0.0225,-0.1091
1624570125987,-5.3278,-6.1622,5.0205,-0.0022,0.0274,-0.1078
1624570125997,-5.4714,-6.2364,4.8625,0.0443,0.0249,-0.1152
1624570126007,-5.5240,-6.2196,4.6711,0.1139,-0.0032,-0.1201
1624570126017,-5.5096,-6.1191,4.6902,0.1518,-0.0447,-0.1213
1624570126024,-5.4594,-6.0569,4.6998,0.1481,-0.1046,-0.1286
1624570126034,-5.4235,-6.1670,4.7788,0.1371,-0.1510,-0.1335
1624570126043,-5.3445,-6.3393,4.9176,0.1127,-0.1779,-0.1323
1624570126053,-5.3158,-6.4422,5.1162,0.1090,-0.1925,-0.1299
1624570126064,-5.2345,-6.4972,5.3052,0.1396,-0.2072,-0.1237
1624570126074,-5.2034,-6.4422,5.4368,0.1811,-0.2231,-0.1066
1624570126083,-5.1340,-6.5163,5.5732,0.2593,-0.2365,-0.0859
1624570126094,-5.0359,-6.7413,5.7072,0.3643,-0.2450,-0.0724
1624570126103,-4.9928,-6.9447,5.5804,0.4658,-0.2536,-0.0602
1624570126113,-4.9330,-7.0787,5.4512,0.5464,-0.2450,-0.0333
1624570126122,-4.8253,-7.0308,5.6474,0.6319,-0.2280,0.0058
1624570126131,-4.7511,-6.7604,5.9824,0.7199,-0.2157,0.0412
1624570126140,-4.6889,-6.5786,6.3604,0.8152,-0.1925,0.0668
1624570126151,-4.6411,-6.3704,6.7122,0.8982,-0.1363,0.1059
1624570126161,-4.6745,-6.3154,6.7289,0.9337,-0.0703,0.1658
1624570126170,-4.7990,-6.4852,6.7289,0.9483,0.0115,0.2159
1624570126180,-4.9713,-6.6192,6.6978,0.9593,0.1031,0.2525
1624570126190,-5.0478,-6.4063,6.7552,0.9593,0.1691,0.2904
1624570126199,-5.0191,-5.7913,6.7935,0.9190,0.2119,0.3173
1624570126208,-5.0143,-5.2577,6.6213,0.8262,0.2534,0.3173
1624570126218,-5.0478,-5.2099,6.5136,0.6906,0.2986,0.3148
1624570126228,-5.0957,-5.2840,6.2910,0.5073,0.3389,0.3222
1624570126236,-5.2225,-5.6454,6.3222,0.3754,0.3646,0.3368
1624570126247,-5.3206,-5.9373,6.4657,0.3265,0.3743,0.3417
1624570126257,-5.3326,-5.7818,6.4250,0.3228,0.3694,0.3442
1624570126266,-5.2560,-5.4515,6.2552,0.3424,0.3560,0.3564
1624570126276,-5.2105,-5.1620,6.0781,0.3741,0.3536,0.3613
1624570126286,-5.2488,-5.0639,5.8125,0.3839,0.3524,0.3527
1624570126295,-5.3900,-5.1022,5.5612,0.3619,0.3389,0.3490
1624570126304,-5.4881,-5.1716,5.4703,0.3558,0.3071,0.3454
1624570126314,-5.4905,-5.1716,5.4081,0.3949,0.2571,0.3344
1624570126324,-5.4044,-5.0089,5.4895,0.4523,0.1898,0.3148
1624570126334,-5.3158,-4.5997,5.5828,0.4841,0.1153,0.2855
1624570126343,-5.2536,-4.1762,5.6306,0.4987,0.0445,0.2513
1624570126352,-5.2656,-3.9369,5.6330,0.4767,-0.0093,0.2122
1624570126361,-5.3613,-3.9441,5.4751,0.4413,-0.0496,0.1866
1624570126371,-5.3517,-4.0565,5.3626,0.4218,-0.1033,0.1585
1624570126380,-5.3756,-4.2551,5.3291,0.4303,-0.1693,0.1279
1624570126394,-5.3589,-4.3413,5.5086,0.4743,-0.2304,0.0864
1624570126400,-5.3852,-4.3508,5.6641,0.5769,-0.2964,0.0277
1624570126410,-5.3637,-4.5375,5.7407,0.7504,-0.3599,-0.0394
1624570126420,-5.1172,-4.9778,5.8149,0.9129,-0.4210,-0.1213
1624570126430,-4.8372,-5.3845,5.7670,1.0302,-0.4723,-0.1702
1624570126439,-4.6530,-5.4563,5.8053,1.1609,-0.5199,-0.1653
1624570126449,-4.5621,-5.3415,5.9202,1.3711,-0.5761,-0.1604
1624570126458,-4.5741,-4.8988,6.0948,1.6337,-0.6348,-0.1897
1624570126468,-4.6578,-4.3173,6.3724,1.8671,-0.7032,-0.2410
1624570126478,-4.6243,-3.7144,6.5854,1.9453,-0.7643,-0.2850
1624570126487,-4.4424,-3.4559,6.9012,1.8634,-0.8009,-0.2960
1624570126497,-4.1816,-3.4990,7.0089,1.6398,-0.8058,-0.2777
1624570126507,-4.0476,-3.7502,7.0615,1.3686,-0.7887,-0.2630
1624570126516,-3.9687,-4.2168,6.8653,1.1670,-0.7704,-0.2875
1624570126525,-3.8418,-4.4585,7.0998,1.0950,-0.7582,-0.3485
1624570126536,-3.6959,-4.4083,7.3989,1.1695,-0.7594,-0.4145
1624570126545,-3.6002,-4.3437,7.8320,1.3613,-0.7680,-0.4658
1624570126555,-3.4087,-4.1307,8.0282,1.5152,-0.7814,-0.4939
1624570126564,-3.1025,-3.7383,8.2651,1.4945,-0.7789,-0.4829
1624570126574,-2.8081,-3.2166,8.3991,1.3063,-0.7484,-0.4548
1624570126583,-2.6215,-2.8529,8.3800,1.0363,-0.7007,-0.4475
1624570126593,-2.5713,-2.8075,8.3489,0.7480,-0.6311,-0.4768
1624570126601,-2.6048,-3.0946,8.3154,0.5036,-0.5603,-0.5355
1624570126661,-2.5784,-3.5612,8.3393,0.3277,-0.5016,-0.5746
1624570126662,-2.4038,-4.1355,8.4230,0.2507,-0.4552,-0.5709
1624570126662,-2.3272,-4.6643,8.5283,0.3143,-0.4283,-0.5599
1624570126663,-2.1621,-4.9467,8.7222,0.4572,-0.4234,-0.5623
1624570126664,-1.9778,-5.1357,8.8753,0.5623,-0.4234,-0.5489
1624570126665,-1.7888,-5.1453,8.8490,0.5232,-0.4112,-0.4878
1624570126670,-1.6524,-5.0663,8.8944,0.3778,-0.3807,-0.4011
1624570126678,-1.6787,-4.8438,9.0667,0.2092,-0.3538,-0.3400
1624570126687,-1.7529,-4.6739,9.3539,0.1188,-0.3269,-0.3192
1624570126697,-1.8319,-4.5973,9.5022,0.1420,-0.2903,-0.3107
1624570126706,-1.9754,-4.6547,9.4424,0.2471,-0.2670,-0.3009
1624570126719,-1.9515,-4.7385,9.2629,0.3680,-0.2597,-0.2826
1624570126727,-1.8917,-4.6906,8.9327,0.4389,-0.2524,-0.2202
1624570126737,-1.8893,-4.4777,8.7676,0.4914,-0.2450,-0.1579
1624570126747,-1.9491,-4.2408,8.7748,0.5525,-0.2512,-0.1262
1624570126756,-2.0640,-4.0302,8.8825,0.6124,-0.2585,-0.1115
1624570126765,-2.1142,-3.9943,8.8586,0.6625,-0.2622,-0.1091
1624570126776,-2.0113,-4.2073,8.8920,0.6979,-0.2622,-0.1152
1624570126785,-1.9276,-4.2408,8.9040,0.6869,-0.2683,-0.1017
1624570126795,-1.7888,-3.9297,9.0045,0.6160,-0.2805,-0.0492
1624570126804,-1.7338,-3.3793,9.0763,0.5256,-0.2866,0.0070
1624570126814,-1.7050,-3.0276,9.2270,0.4328,-0.2793,0.0216
1624570126823,-1.7074,-3.0874,9.3371,0.3546,-0.2377,0.0131
1624570126833,-1.7960,-3.4775,9.3251,0.3228,-0.1901,-0.0004
1624570126843,-1.8989,-3.7478,9.2940,0.3607,-0.1681,-0.0150
1624570126852,-2.0185,-3.8005,9.2079,0.4682,-0.1754,-0.0052
1624570126861,-2.1238,-3.5445,8.9638,0.5733,-0.2035,0.0241
1624570126870,-2.0999,-3.0061,8.6743,0.6014,-0.2365,0.0509
1624570126882,-2.0783,-2.6304,8.5762,0.5378,-0.2512,0.0619
1624570126891,-2.0616,-2.5490,8.6193,0.3827,-0.2438,0.0534
1624570126900,-1.9659,-2.7405,8.8418,0.1652,-0.2072,0.0558
1624570126909,-2.0065,-2.8386,9.1217,-0.0119,-0.1620,0.0522
1624570126920,-2.1023,-2.9104,9.2725,-0.0803,-0.1522,0.0375
1624570126930,-2.1501,-2.8793,9.2845,-0.0559,-0.1632,0.0228
1624570126939,-2.1214,-2.8218,9.2558,-0.0107,-0.1595,0.0180
1624570126949,-2.1334,-2.8194,9.3084,0.0382,-0.1485,0.0168
1624570126958,-2.1645,-3.0013,8.9782,0.0834,-0.1351,0.0045
1624570126967,-2.2626,-2.9415,8.7198,0.1078,-0.1400,0.0009
1624570126978,-2.2769,-2.9678,8.6767,0.1420,-0.1485,0.0082
1624570126987,-2.3750,-2.9510,8.8992,0.1530,-0.1498,0.0216
1624570126995,-2.2913,-2.6878,8.9399,0.1041,-0.1681,0.0387
1624570127004,-1.9754,-2.7596,9.1935,0.0382,-0.1730,0.0461
1624570127014,-1.8606,-3.0850,9.4544,-0.0388,-0.1351,0.0351
1624570127024,-1.9850,-3.0755,9.5979,-0.0864,-0.0960,0.0216
1624570127034,-2.0664,-2.8625,9.5046,-0.0510,-0.0862,0.0180
1624570127046,-1.9874,-2.6496,9.2797,-0.0083,-0.0801,0.0143
1624570127055,-1.9324,-2.7764,9.1385,-0.0315,-0.0484,0.0192
1624570127064,-2.0137,-3.0133,9.0547,-0.1207,-0.0129,0.0302
1624570127074,-2.2458,-3.2382,9.0667,-0.1573,0.0090,0.0400
1624570127083,-2.3918,-3.2430,9.0547,-0.1158,0.0066,0.0400
1624570127092,-2.4444,-3.0156,9.1026,-0.0156,-0.0203,0.0351
1624570127103,-2.4612,-2.7788,9.1217,0.0675,-0.0471,0.0375
1624570127112,-2.4085,-2.6065,9.0284,0.0736,-0.0618,0.0436
1624570127122,-2.3631,-2.4916,8.8825,0.0113,-0.0642,0.0473
1624570127131,-2.3463,-2.5060,8.8849,-0.0632,-0.0618,0.0424
1624570127141,-2.3535,-2.6974,8.9878,-0.1035,-0.0630,0.0387
1624570127150,-2.3870,-2.8912,9.1289,-0.0889,-0.0679,0.0351
1624570127159,-2.2363,-3.2406,9.2988,-0.0095,-0.0667,0.0228
1624570127170,-2.0065,-3.5325,9.5668,0.1053,-0.0581,0.0204
1624570127179,-1.8965,-3.4200,9.6243,0.2116,-0.0691,0.0497
1624570127189,-1.8582,-3.2860,9.6530,0.3057,-0.0789,0.0949
1624570127199,-1.8869,-3.1425,9.5285,0.3509,-0.0728,0.1133
1624570127208,-2.0113,-3.0611,9.4759,0.3643,-0.0484,0.1145
1624570127216,-2.2410,-3.0204,9.4711,0.3851,-0.0398,0.1353
1624570127227,-2.4325,-2.9654,9.5931,0.4071,-0.0508,0.1646
1624570127236,-2.5401,-2.7979,9.8276,0.4144,-0.0655,0.1890
1624570127246,-2.6215,-2.6089,9.8803,0.4279,-0.0826,0.2037
1624570127256,-2.4588,-2.6208,9.8300,0.4743,-0.0789,0.2159
1624570127265,-2.3392,-2.5108,9.7176,0.5452,-0.0642,0.2086
1624570127275,-2.2363,-2.4485,9.7702,0.6221,-0.0569,0.1902
1624570127285,-2.2195,-2.2380,9.7367,0.6625,-0.0569,0.1951
1624570127295,-2.1621,-2.0226,9.6865,0.6710,-0.0569,0.1963
1624570127304,-1.9994,-2.0920,9.7965,0.6368,-0.0422,0.1792
1624570127312,-1.7003,-2.2739,10.0023,0.5598,-0.0105,0.1560
1624570127321,-1.4442,-2.3409,9.9904,0.4682,0.0371,0.1499
1624570127331,-1.4466,-2.1758,10.0526,0.4377,0.0885,0.1511
1624570127341,-1.5687,-2.0394,10.0837,0.4597,0.1214,0.1572
1624570127351,-1.6548,-2.2332,10.2177,0.5036,0.1606,0.1743
1624570127360,-1.6524,-2.4581,10.5335,0.5684,0.1996,0.1951
1624570127372,-1.5160,-2.5108,10.6603,0.6417,0.2387,0.2073
1624570127381,-1.3677,-2.3911,10.5622,0.7321,0.2815,0.2061
1624570127391,-1.3174,-2.1614,10.3349,0.8103,0.3279,0.2012
1624570127400,-1.4490,-1.7786,9.9880,0.8286,0.3658,0.2220
1624570127410,-1.5160,-1.3526,9.6410,0.7895,0.3890,0.2379
1624570127419,-1.5208,-0.9626,8.7868,0.6661,0.4000,0.2269
1624570127429,-1.7577,-1.1612,8.3178,0.4670,0.4232,0.2000
1624570127438,-2.2530,-1.3431,7.6980,0.2617,0.4171,0.1731
1624570127448,-2.6478,-1.5464,7.3798,0.1701,0.3634,0.1670
1624570127458,-2.8919,-1.9772,7.3870,0.2703,0.2803,0.1585
1624570127467,-2.9709,-1.9604,7.4899,0.4389,0.1728,0.1401
1624570127477,-2.7651,-1.6613,7.8727,0.5757,0.0640,0.1353
1624570127486,-2.6119,-1.2306,8.0713,0.5782,-0.0129,0.1523
1624570127497,-2.7052,-0.8717,8.2101,0.4902,-0.0667,0.1780
1624570127506,-2.7675,-0.6755,8.2747,0.3900,-0.1241,0.1792
1624570127516,-2.7364,-0.6444,8.1574,0.3008,-0.1742,0.1548
1624570127525,-2.5904,-0.8166,8.1144,0.2495,-0.2145,0.1267
1624570127534,-2.4181,-1.1110,8.1407,0.2312,-0.2585,0.1084
1624570127544,-2.4301,-1.2473,8.0498,0.2288,-0.3037,0.1035
1624570127554,-2.4061,-1.0703,8.2771,0.2336,-0.3513,0.0949
1624570127564,-2.3463,-0.7520,8.4135,0.2312,-0.3929,0.0803
1624570127573,-2.2028,-0.5534,8.7413,0.1872,-0.4137,0.0558
1624570127583,-2.0065,-0.5223,9.0308,0.0663,-0.4161,0.0351
1624570127593,-1.8702,-0.6491,9.1241,-0.0645,-0.4039,0.0241
1624570127602,-1.8486,-0.6731,9.1122,-0.1451,-0.4014,0.0094
1624570127612,-1.8295,-0.7209,9.0524,-0.1597,-0.4075,-0.0028
1624570127621,-1.8223,-0.6587,8.9327,-0.1280,-0.4137,-0.0248
1624570127629,-1.7936,-0.5989,8.8131,-0.1255,-0.4295,-0.0480
1624570127639,-1.6476,-0.6635,8.7628,-0.1805,-0.4405,-0.0602
1624570127649,-1.4993,-0.8262,9.0165,-0.2856,-0.4369,-0.0785
1624570127658,-1.3318,-0.7903,9.2845,-0.4151,-0.4283,-0.0932
1624570127671,-0.9920,-0.7161,9.7152,-0.5238,-0.3941,-0.1237
1624570127677,-0.6450,-0.7879,10.0717,-0.5886,-0.3257,-0.1799
1624570127688,-0.4369,-0.9459,10.3947,-0.6888,-0.2280,-0.2215
1624570127698,-0.3363,-1.1181,10.6029,-0.8134,-0.1204,-0.2288
1624570127707,-0.4273,-1.2713,10.7680,-0.9136,-0.0129,-0.2422
1624570127717,-0.6498,-1.4651,10.7776,-0.9673,0.0811,-0.2667
1624570127727,-0.9106,-1.5393,10.4570,-1.0040,0.1483,-0.2691
1624570127736,-1.0686,-1.7044,10.1148,-0.9832,0.1972,-0.2533
1624570127746,-1.1571,-1.9748,9.9305,-0.9026,0.2424,-0.2581
1624570127756,-1.2313,-2.1088,9.7917,-0.8219,0.2693,-0.2508
1624570127765,-1.2480,-2.2906,9.6865,-0.7450,0.2815,-0.2288
1624570127775,-1.2911,-2.2739,9.7295,-0.7022,0.2876,-0.2166
1624570127784,-1.3413,-2.1662,9.6553,-0.7156,0.2998,-0.2080
1624570127794,-1.4634,-2.2356,9.3778,-0.7486,0.3304,-0.1922
1624570127804,-1.6692,-2.6304,9.7654,-0.7352,0.3853,-0.1897
1624570127813,-2.0161,-2.7118,9.8731,-0.6741,0.4110,-0.1934
1624570127823,-2.1908,-2.8147,9.9640,-0.5385,0.3976,-0.1799
1624570127832,-2.2195,-2.8481,9.7487,-0.4261,0.3756,-0.1665
1624570127842,-2.2626,-2.8242,9.4065,-0.3638,0.3682,-0.1567
1624570127851,-2.4205,-2.8793,9.3156,-0.2770,0.3646,-0.1372
1624570127861,-2.6646,-2.6687,9.1816,-0.2098,0.3279,-0.1237
1624570127871,-2.7722,-2.3600,8.8562,-0.1646,0.2668,-0.1201
1624570127880,-2.7029,-2.2619,8.6647,-0.1964,0.2155,-0.1189
1624570127889,-2.5689,-2.2787,8.7700,-0.2721,0.1825,-0.1164
1624570127899,-2.4803,-2.3863,8.8968,-0.3406,0.1496,-0.1078
1624570127909,-2.4731,-2.4892,8.8873,-0.3809,0.1239,-0.1103
1624570127919,-2.4492,-2.5730,8.9590,-0.4041,0.0970,-0.1127
1624570127929,-2.4085,-2.6687,8.9973,-0.4212,0.0787,-0.1091
1624570127938,-2.3631,-2.8266,9.0380,-0.4346,0.0665,-0.1017
1624570127948,-2.3056,-2.8577,8.9901,-0.4469,0.0530,-0.1066
1624570127956,-2.1405,-2.9582,9.1122,-0.4285,0.0591,-0.1213
1624570127965,-1.9563,-2.9869,9.0571,-0.3955,0.0848,-0.1347
1624570127975,-1.8319,-3.1760,9.0284,-0.3430,0.1153,-0.1225
1624570127984,-1.8869,-3.2741,9.0260,-0.2831,0.1434,-0.1066
1624570127996,-2.0568,-3.2860,9.0260,-0.2184,0.1569,-0.0956
1624570128006,-2.1932,-3.3387,9.1194,-0.1622,0.1642,-0.0846
1624570128015,-2.2578,-3.2860,9.1170,-0.1732,0.1691,-0.0675
1624570128025,-2.2602,-3.2454,9.2151,-0.2428,0.1886,-0.0382
1624570128034,-2.1645,-3.2454,9.2079,-0.3002,0.2204,-0.0199
1624570128043,-2.0616,-3.4129,9.1026,-0.3308,0.2595,-0.0126
1624570128054,-1.9922,-3.5923,9.0213,-0.3357,0.2974,0.0033
1624570128063,-1.9898,-3.7168,8.9590,-0.3174,0.3279,0.0253
1624570128073,-2.0472,-3.7574,8.9136,-0.2917,0.3536,0.0497
1624570128082,-2.1023,-3.6761,8.8920,-0.2783,0.3719,0.0644
1624570128090,-2.1094,-3.6856,8.9973,-0.2648,0.3914,0.0766
1624570128101,-2.0712,-3.7359,9.0787,-0.2893,0.4122,0.0925
1624570128111,-2.0042,-3.7287,9.1122,-0.3174,0.4318,0.1181
1624570128119,-1.9515,-3.8651,9.0069,-0.3503,0.4562,0.1511
1624570128129,-1.8414,-4.0589,8.9112,-0.3528,0.4794,0.1792
1624570128140,-1.8175,-4.1929,8.7556,-0.3430,0.4953,0.2098
1624570128150,-1.8223,-4.2551,8.7222,-0.3198,0.5026,0.2452
1624570128159,-1.8367,-4.3126,8.7293,-0.2795,0.5100,0.2745
1624570128169,-1.9276,-4.1642,8.6743,-0.2538,0.5075,0.3051
1624570128178,-2.1836,-3.9034,8.6169,-0.2465,0.4928,0.3466
1624570128188,-2.3990,-3.7191,8.5642,-0.2502,0.4733,0.3796
1624570128198,-2.4875,-3.8125,8.4996,-0.2563,0.4623,0.4004
1624570128207,-2.4995,-4.1116,8.4853,-0.2465,0.4525,0.4211
1624570128216,-2.4731,-4.3461,8.5882,-0.2147,0.4415,0.4480
1624570128226,-2.4803,-4.4059,8.7078,-0.1659,0.4330,0.4749
1624570128236,-2.3679,-4.4131,8.7269,-0.0755,0.4281,0.4822
1624570128246,-2.1980,-4.4083,8.6623,0.0162,0.4354,0.4871
1624570128255,-2.1716,-4.2910,8.6384,0.0895,0.4452,0.4981
1624570128265,-2.3152,-4.2480,8.6456,0.1554,0.4501,0.5213
1624570128273,-2.5067,-4.1427,8.6480,0.1884,0.4440,0.5494
1624570128282,-2.6718,-3.9871,8.5714,0.2043,0.4342,0.5812
1624570128292,-2.8058,-3.9129,8.3704,0.2190,0.4281,0.5971
1624570128302,-2.8321,-3.9656,8.3130,0.2226,0.4232,0.6056
1624570128315,-2.8584,-3.9799,8.2101,0.2263,0.4232,0.6080
1624570128322,-2.8967,-3.9058,8.1742,0.2397,0.4220,0.6105
1624570128332,-2.8608,-3.8579,8.1551,0.2312,0.4122,0.6105
1624570128342,-2.7651,-3.6521,8.1933,0.1701,0.4085,0.6105
1624570128351,-2.7651,-3.3889,8.4183,0.0870,0.4159,0.6203
1624570128361,-2.9972,-3.1712,8.4446,0.0064,0.4244,0.6276
1624570128371,-3.2628,-3.0922,8.3632,-0.0327,0.4354,0.6154
1624570128380,-3.4327,-3.1616,8.1335,-0.0315,0.4391,0.5861
1624570128390,-3.6241,-3.3746,7.7794,0.0040,0.4293,0.5629
1624570128399,-3.8299,-3.3076,7.4683,0.0406,0.4049,0.5506
1624570128408,-4.0476,-2.9463,7.3798,0.0699,0.3682,0.5543
1624570128419,-4.1936,-2.5706,7.4085,0.1066,0.3291,0.5457
1624570128428,-4.2917,-2.3457,7.4635,0.1127,0.3035,0.5140
1624570128438,-4.3324,-2.3887,7.6861,0.0846,0.2864,0.4810
1624570128447,-4.3515,-2.3983,7.7100,0.0320,0.2791,0.4553
1624570128457,-4.4640,-2.4270,7.7339,0.0308,0.2791,0.4260
1624570128467,-4.7152,-2.4725,7.7291,0.1090,0.2607,0.3833
1624570128476,-5.0024,-2.3385,7.5760,0.2068,0.2192,0.3381
1624570128487,-5.2345,-2.0729,7.3965,0.2972,0.1630,0.3014
1624570128496,-5.4020,-1.8240,7.3343,0.3411,0.1227,0.2684
1624570128505,-5.5001,-1.3957,7.4324,0.3204,0.0824,0.2379
1624570128515,-5.6101,-1.0416,7.5186,0.2739,0.0506,0.2134
1624570128524,-5.7274,-1.1157,7.6334,0.2397,0.0396,0.1829
1624570128534,-5.7202,-1.4412,7.8751,0.2275,0.0445,0.1340
1624570128544,-5.7011,-1.6900,8.0881,0.2312,0.0494,0.0937
1624570128553,-5.7441,-1.7498,8.2340,0.2752,0.0543,0.0839
1624570128563,-5.8853,-1.4771,8.1862,0.3265,0.0433,0.0852
1624570128573,-5.9930,-1.2306,8.0354,0.3717,0.0249,0.0754
1624570128582,-6.0839,-1.0224,7.9182,0.3766,0.0054,0.0632
1624570128590,-6.1222,-1.0464,7.6717,0.3631,-0.0032,0.0754
1624570128599,-6.0887,-1.2450,7.7148,0.3705,-0.0093,0.0827
1624570128609,-6.0121,-1.2856,7.6956,0.4108,-0.0300,0.0522
1624570128618,-5.9930,-1.1086,7.6932,0.4743,-0.0642,0.0302
1624570128632,-6.0026,-0.7568,7.5449,0.5268,-0.1070,0.0326
1624570128640,-5.9715,-0.4960,7.3702,0.5122,-0.1522,0.0326
1624570128649,-5.9212,-0.6013,7.2147,0.4621,-0.1791,0.0277
1624570128659,-5.9044,-0.8143,7.1477,0.3974,-0.2194,0.0192
1624570128669,-5.8494,-0.9746,7.1740,0.3692,-0.2817,0.0155
1624570128678,-5.6867,-1.0679,7.6526,0.3925,-0.3391,0.0216
1624570128688,-5.5168,-0.9674,8.1407,0.4535,-0.3855,0.0241
1624570128697,-5.3326,-0.8430,8.4565,0.5073,-0.4063,0.0168
1624570128707,-5.1818,-0.7664,8.7628,0.5195,-0.4002,0.0277
1624570128716,-5.1148,-0.6348,8.9208,0.4694,-0.3746,0.0509
1624570128726,-5.1268,-0.4745,8.8825,0.4034,-0.3367,0.0546
1624570128735,-5.1292,-0.3931,8.7652,0.3228,-0.3000,0.0338
1624570128746,-5.0430,-0.3644,8.8466,0.2275,-0.2597,0.0119
1624570128755,-4.9402,-0.1251,8.6934,0.1066,-0.2255,-0.0101
1624570128765,-4.7846,-0.0916,8.8418,-0.0241,-0.1730,-0.0382
1624570128774,-4.7009,-0.2878,8.9638,-0.1671,-0.0948,-0.0614
1624570128784,-4.7080,-0.5750,9.1217,-0.3271,-0.0166,-0.0700
1624570128793,-4.7033,-0.6539,9.1074,-0.4725,0.0555,-0.0810
1624570128803,-4.7511,-0.8095,8.8968,-0.5800,0.1214,-0.1005
1624570128813,-4.8349,-1.0511,8.7461,-0.6533,0.1813,-0.1250
1624570128822,-4.9378,-0.8836,8.5092,-0.7352,0.2143,-0.1372
1624570128832,-5.0095,-0.5989,8.3465,-0.8183,0.2436,-0.1506
1624570128842,-5.0550,-0.6659,8.3560,-0.8964,0.2839,-0.1714
1624570128851,-5.1077,-0.6850,8.3393,-1.0088,0.3145,-0.2056
1624570128861,-5.1196,-0.4266,8.3393,-1.1689,0.3365,-0.2374
1624570128871,-5.1507,-0.4242,8.2962,-1.3412,0.3621,-0.2594
1624570128879,-5.2010,-0.5869,8.1120,-1.5647,0.3914,-0.2875
1624570128888,-5.2512,-0.9124,7.9158,-1.8042,0.4232,-0.3094
1624570128899,-5.3589,-1.4077,7.7363,-2.0192,0.4489,-0.3241
1624570128908,-5.5072,-2.0609,7.5999,-2.1524,0.4648,-0.3339
1624570128917,-5.5958,-2.6472,7.4970,-2.1817,0.4611,-0.3449
1624570128927,-5.6771,-3.1018,7.3367,-2.1170,0.4415,-0.3424
1624570128936,-5.7633,-3.4296,7.1381,-1.9728,0.4134,-0.3253
1624570128949,-5.8518,-3.6138,6.8534,-1.8042,0.3707,-0.3119
1624570128957,-5.9140,-3.6617,6.6500,-1.6625,0.3194,-0.3046
1624570128967,-6.0026,-3.7311,6.3987,-1.5537,0.2766,-0.2899
1624570128976,-6.0073,-3.9656,6.1858,-1.4927,0.2229,-0.2740
1624570128986,-6.1078,-4.1068,5.9178,-1.5098,0.1373,-0.2655
1624570128996,-6.0983,-4.2575,5.8914,-1.5537,0.0604,-0.2545
1624570129005,-6.0337,-4.1714,5.8532,-1.6087,-0.0105,-0.2557
1624570129015,-5.9380,-3.9129,5.9058,-1.6661,-0.0594,-0.2655
1624570129024,-5.8470,-3.7455,5.9943,-1.7284,-0.1009,-0.2936
1624570129034,-5.6795,-3.6880,5.9202,-1.8250,-0.1400,-0.3424
1624570129044,-5.4714,-3.8507,5.7718,-1.9202,-0.1656,-0.3901
1624570129053,-5.4187,-4.4059,5.7335,-1.9520,-0.1791,-0.4194
1624570129063,-5.5001,-5.0400,5.5804,-1.8824,-0.2059,-0.4402
1624570129072,-5.4953,-5.6430,5.5588,-1.7113,-0.2426,-0.4573
1624570129082,-5.3685,-6.0426,5.6761,-1.4597,-0.2841,-0.4793
1624570129091,-5.0550,-6.0043,5.7311,-1.2507,-0.3269,-0.4890
1624570129101,-4.7415,-5.6836,5.7359,-1.1225,-0.3562,-0.4707
1624570129110,-4.5525,-5.5042,5.6210,-1.0602,-0.3733,-0.4426
1624570129119,-4.4855,-5.7171,5.5397,-1.0052,-0.3770,-0.4438
1624570129129,-4.4066,-6.0354,5.5971,-0.9013,-0.3758,-0.4890
1624570129139,-4.3228,-6.2723,5.6354,-0.7058,-0.3697,-0.5513
1624570129149,-4.1888,-6.4230,5.6928,-0.4664,-0.3697,-0.6088
1624570129158,-4.0452,-6.3560,5.7383,-0.2758,-0.3782,-0.6271
1624570129166,-3.8586,-6.1622,5.6306,-0.1915,-0.3978,-0.5978
1624570129178,-3.7437,-5.9947,5.5493,-0.2062,-0.4210,-0.5733
1624570129187,-3.6193,-5.8105,5.6450,-0.2868,-0.4344,-0.5807
1624570129197,-3.5116,-5.7841,5.7311,-0.3467,-0.4320,-0.6222
1624570129207,-3.4518,-6.0497,5.9369,-0.2758,-0.4210,-0.6845
1624570129216,-3.4183,-6.3704,5.9585,-0.1207,-0.4088,-0.7713
1624570129224,-3.3513,-6.7700,5.9130,0.0296,-0.3978,-0.8617
1624570129234,-3.1288,-7.0380,5.9130,0.0797,-0.3978,-0.8690
1624570129243,-2.8297,-6.9471,5.7407,-0.0168,-0.4393,-0.7737
1624570129253,-2.6263,-6.5331,5.5923,-0.2318,-0.4931,-0.6845
1624570129263,-2.4564,-6.2507,5.3985,-0.5079,-0.5273,-0.6625
1624570129274,-2.2961,-6.4470,5.4488,-0.7584,-0.5151,-0.6759
1624570129283,-2.2028,-6.8561,5.7359,-0.8903,-0.4772,-0.7090
1624570129293,-2.0329,-7.1887,6.1953,-0.7779,-0.4442,-0.7859
1624570129302,-1.8845,-7.3802,6.4944,-0.4297,-0.4088,-0.8995
1624570129312,-1.7266,-7.5189,6.6189,0.0223,-0.3648,-0.9912
1624570129322,-1.6692,-7.5142,6.3820,0.3253,-0.3452,-1.0009
1624570129331,-1.5376,-7.1887,6.0805,0.3118,-0.3611,-0.9056
1624570129341,-1.3389,-6.7676,5.7383,-0.0217,-0.3990,-0.7578
1624570129351,-1.0566,-6.8154,5.3411,-0.5250,-0.4259,-0.6601
1624570129360,-0.8365,-7.4615,5.5014,-0.9612,-0.3892,-0.6466
1624570129370,-0.7886,-8.0358,6.0374,-1.1701,-0.3257,-0.6833
1624570129379,-0.8149,-8.3205,6.4011,-1.0003,-0.2756,-0.7468
1624570129389,-0.8149,-8.3134,6.5590,-0.5568,-0.2353,-0.8189
1624570129399,-0.8412,-8.1100,6.5016,-0.0620,-0.2059,-0.8665
1624570129408,-0.7455,-7.8563,6.3772,0.2324,-0.1999,-0.8421
1624570129418,-0.5397,-7.5237,6.2169,0.2410,-0.2169,-0.7383
1624570129428,-0.3363,-7.2868,5.9297,-0.0083,-0.2280,-0.6357
1624570129437,-0.3076,-7.3323,5.6306,-0.3454,-0.2011,-0.5819
1624570129447,-0.4345,-7.7175,5.5158,-0.5971,-0.1595,-0.5709
1624570129456,-0.5589,-8.1794,5.8029,-0.6423,-0.1351,-0.5794
1624570129466,-0.5397,-8.4306,6.1212,-0.4725,-0.1375,-0.5856
1624570129476,-0.3244,-8.4904,6.2982,-0.2013,-0.1473,-0.5623
1624570129485,-0.0732,-8.1913,6.3341,0.0137,-0.1546,-0.5013
1624570129495,0.0680,-7.7941,6.2025,0.0614,-0.1485,-0.4255
1624570129504,-0.0181,-7.7271,5.8771,-0.0315,-0.1180,-0.3840
1624570129514,-0.2359,-8.1746,5.6282,-0.1683,-0.0764,-0.3779
1624570129524,-0.4440,-8.6172,5.8221,-0.2233,-0.0471,-0.3742
1624570129533,-0.4967,-8.7536,6.0829,-0.1035,-0.0532,-0.3754
1624570129541,-0.3387,-8.5048,6.2312,0.0968,-0.0752,-0.3571
1624570129551,-0.0899,-8.0836,6.2169,0.1909,-0.0936,-0.2850
1624570129560,0.1709,-7.6769,6.0853,0.0980,-0.0972,-0.1812
1624570129570,0.3217,-7.4974,5.9967,-0.1451,-0.0764,-0.0932
1624570129580,0.2116,-7.5620,6.0087,-0.4322,-0.0374,-0.0504
1624570129591,-0.1593,-7.9855,5.8843,-0.6326,-0.0117,-0.0419
1624570129601,-0.6259,-8.7584,5.6617,-0.6521,-0.0117,-0.0578
1624570129610,-1.0016,-9.3159,5.6426,-0.4725,-0.0337,-0.0810
1624570129620,-1.0757,-9.4619,5.6474,-0.0974,-0.0789,-0.0908
1624570129630,-0.9322,-9.0312,5.9393,0.3473,-0.1217,-0.0920
1624570129639,-0.7695,-8.0693,6.1020,0.7223,-0.1473,-0.0846
1624570129649,-0.7001,-7.0811,6.1068,0.8824,-0.1449,-0.0663
1624570129658,-0.6738,-6.3895,5.8723,0.7504,-0.1375,-0.0407
1624570129668,-0.7144,-6.7150,5.7551,0.4047,-0.1229,0.0058
1624570129678,-0.7623,-7.3897,5.8316,0.0015,-0.0911,0.0461
1624570129687,-0.7168,-7.8611,6.0589,-0.2404,-0.0740,0.0729
1624570129695,-0.5900,-7.9377,6.1714,-0.2294,-0.0838,0.0571
1624570129704,-0.6307,-7.9855,6.1546,-0.0779,-0.0826,0.0277
1624570129714,-0.8269,-8.0334,6.1451,0.0956,-0.0752,0.0143
1624570129726,-1.0183,-8.1100,5.9848,0.2788,-0.0850,0.0033
1624570129735,-1.1140,-8.0382,5.8819,0.4316,-0.1021,-0.0040
1624570129745,-1.1044,-7.8826,6.0063,0.5244,-0.1180,0.0107
1624570129754,-1.0733,-7.6434,6.1858,0.5330,-0.1339,0.0436
1624570129764,-1.0207,-7.4208,6.1259,0.4535,-0.1253,0.0839
1624570129774,-0.9441,-7.3778,6.0470,0.3253,-0.1107,0.1230
1624570129783,-0.8077,-7.4280,6.0446,0.1872,-0.0960,0.1548
1624570129792,-0.6977,-7.6410,6.2097,0.1200,-0.0691,0.1743
1624570129802,-0.7025,-7.7798,6.3341,0.1469,-0.0361,0.1756
1624570129812,-0.8053,-7.7415,6.4203,0.2373,-0.0093,0.1670
1624570129822,-1.0016,-7.6577,6.4585,0.3106,0.0090,0.1621
1624570129831,-1.1762,-7.5764,6.4155,0.3350,0.0237,0.1682
1624570129841,-1.3055,-7.5022,6.2169,0.3399,0.0298,0.1780
1624570129851,-1.4347,-7.4711,5.9991,0.3473,0.0213,0.1829
1624570129860,-1.4873,-7.3586,6.0207,0.3668,0.0078,0.1829
1624570129868,-1.4586,-7.0787,5.9919,0.4267,-0.0154,0.1914
1624570129877,-1.3461,-7.0141,6.1714,0.5207,-0.0288,0.1939
1624570129888,-1.2337,-6.9925,6.2934,0.6002,-0.0410,0.1805
1624570129897,-1.1858,-7.0284,6.3509,0.6453,-0.0422,0.1792
1624570129908,-1.2696,-6.7724,6.2934,0.6600,-0.0471,0.1695
1624570129918,-1.4251,-6.4589,6.1236,0.6661,-0.0606,0.1475
1624570129927,-1.5065,-6.5283,6.1642,0.6490,-0.0740,0.1145
1624570129937,-1.5232,-6.6575,6.4298,0.6002,-0.0899,0.0949
1624570129947,-1.5208,-6.7891,6.6572,0.5684,-0.1046,0.0876
1624570129956,-1.5041,-6.7652,6.8103,0.5574,-0.1204,0.0778
1624570129966,-1.5352,-6.7006,6.8294,0.5537,-0.1363,0.0766
1624570129975,-1.5639,-6.4278,6.8103,0.5000,-0.1534,0.0815
1624570129985,-1.5950,-6.0904,6.7935,0.4083,-0.1669,0.0766
1624570129995,-1.5902,-5.9038,6.7098,0.2886,-0.1681,0.0497
1624570130004,-1.5376,-6.1239,6.7552,0.1860,-0.1656,0.0155
1624570130015,-1.5495,-6.4254,6.8103,0.1212,-0.1632,-0.0187
1624570130023,-1.6165,-6.6432,6.9275,0.1151,-0.1546,-0.0394
1624570130033,-1.6476,-6.4852,7.0807,0.1396,-0.1534,-0.0553
1624570130043,-1.5950,-6.2388,7.1309,0.1445,-0.1705,-0.0675
1624570130052,-1.5256,-6.0880,7.1405,0.0834,-0.1595,-0.0822
1624570130062,-1.5112,-5.9803,7.1309,-0.0376,-0.1388,-0.0969
1624570130071,-1.3701,-5.9732,6.9993,-0.1817,-0.1278,-0.1115
1624570130081,-1.0470,-6.2842,6.7983,-0.3296,-0.1156,-0.1152
1624570130089,-0.6857,-6.9973,6.5567,-0.4456,-0.0948,-0.0895
1624570130100,-0.4680,-7.7319,6.5782,-0.4798,-0.0557,-0.0394
1624570130110,-0.4680,-7.9042,7.0591,-0.4200,-0.0044,-0.0272
1624570130119,-0.5828,-7.6888,7.4922,-0.2587,0.0335,-0.0321
1624570130129,-0.6259,-7.4639,7.6191,-0.0742,0.0518,-0.0199
1624570130139,-0.7527,-7.3203,7.3200,0.0809,0.0738,0.0021
1624570130148,-0.9944,-7.2892,6.8916,0.1994,0.0958,0.0241
1624570130158,-1.2720,-7.1863,6.5423,0.2654,0.0958,0.0363
1624570130168,-1.4610,-6.9758,6.2145,0.3057,0.0738,0.0461
1624570130177,-1.4682,-6.6815,6.0374,0.3192,0.0323,0.0619
1624570130187,-1.3653,-6.4182,6.1140,0.2617,-0.0080,0.0791
1624570130195,-1.2935,-6.2292,6.2815,0.1738,-0.0300,0.0729
1624570130204,-1.4753,-6.2986,6.3461,0.0992,-0.0398,0.0412
1624570130214,-1.7122,-6.3752,6.6978,0.0516,-0.0459,-0.0089
1624570130223,-1.7816,-6.3512,6.9826,0.0394,-0.0789,-0.0382
1624570130233,-1.8367,-6.4613,7.0544,0.0882,-0.1168,-0.0504
1624570130245,-1.7768,-6.5905,7.2458,0.1518,-0.1436,-0.0688
1624570130254,-1.6763,-6.7173,7.3463,0.2068,-0.1681,-0.0724
1624570130264,-1.2983,-6.7532,7.2362,0.2471,-0.1669,-0.0504
1624570130273,-0.8436,-6.7724,7.2051,0.2788,-0.1461,-0.0028
1624570130283,-0.4727,-7.2533,6.6859,0.2715,-0.1180,0.0338
1624570130292,-0.3555,-8.0166,7.0472,0.2520,-0.0569,0.0583
1624570130302,-0.5469,-8.1315,7.9253,0.2886,0.0188,0.0681
1624570130311,-0.6666,-7.6936,8.1096,0.4609,0.0518,0.0619
1624570130321,-0.9346,-7.0332,7.7914,0.6661,0.0811,0.0705
1624570130329,-1.4299,-6.3608,7.1668,0.7602,0.1117,0.0803
1624570130341,-1.8630,-6.2029,6.5854,0.7480,0.1166,0.0705
1624570130350,-2.1932,-6.3417,6.3557,0.7162,0.0946,0.0534
1624570130360,-2.4038,-6.4135,6.5997,0.7614,0.0445,0.0363
1624570130369,-2.4253,-6.3465,6.9945,0.8958,-0.0361,0.0094
1624570130379,-2.1836,-5.8703,7.2218,0.9557,-0.1156,-0.0138
1624570130389,-1.8032,-5.4085,7.2051,0.8604,-0.1852,-0.0065
1624570130398,-1.6022,-4.8103,6.9299,0.6050,-0.2231,-0.0065
1624570130408,-1.6189,-4.4155,6.7744,0.3008,-0.2402,-0.0553
1624570130417,-1.6596,-4.6452,7.0017,0.0614,-0.2536,-0.1335
1624570130427,-1.6668,-5.1500,7.2386,-0.0669,-0.2756,-0.2007
1624570130437,-1.6165,-5.7195,7.5377,-0.0559,-0.3098,-0.2374
1624570130446,-1.5854,-5.9564,8.0187,0.0944,-0.3452,-0.2740
1624570130456,-1.6285,-5.7961,8.2747,0.3448,-0.3611,-0.3229
1624570130466,-1.6333,-6.0833,8.6432,0.6209,-0.3623,-0.3766
1624570130474,-1.4682,-5.7267,8.4326,0.7968,-0.3599,-0.4304
1624570130485,-1.1451,-5.6430,7.8607,0.9227,-0.3868,-0.4377
1624570130494,-1.0997,-5.5975,7.6358,0.9239,-0.3880,-0.4426
1624570130504,-1.1858,-5.1764,7.8751,0.7675,-0.3562,-0.4756
1624570130512,-1.0183,-4.0446,7.4803,0.4193,-0.3281,-0.4841
1624570130521,-0.2359,-4.0135,7.9517,-0.0791,-0.2548,-0.4719
1624570130531,0.6375,-4.5949,7.7339,-0.6374,-0.1436,-0.4756
1624570130540,1.2836,-5.9971,8.1072,-1.1225,0.0042,-0.3791
1624570130551,1.0898,-6.9423,8.2412,-1.4865,0.1703,-0.3119
1624570130562,0.7859,-6.9782,8.2316,-1.6380,0.3059,-0.2752
1624570130571,0.5562,-6.8107,7.8536,-1.5708,0.3682,-0.2398
1624570130581,0.3265,-6.5068,7.2649,-1.4560,0.4037,-0.2435
1624570130590,0.2307,-6.4613,6.9036,-1.3241,0.4354,-0.2142
1624570130600,0.2882,-6.4924,6.5040,-1.1958,0.4452,-0.1787
1624570130610,0.3791,-6.5403,6.3700,-1.0577,0.4464,-0.1421
1624570130619,0.5322,-6.5977,6.5686,-0.8855,0.4440,-0.0908
1624570130629,0.6519,-6.3895,6.8821,-0.7340,0.4391,-0.0480
1624570130638,0.7691,-6.4374,6.9610,-0.6594,0.4281,0.0021
1624570130648,0.6160,-6.6743,6.8845,-0.6765,0.4354,0.0400
1624570130658,0.2379,-6.8490,6.7361,-0.7132,0.4489,0.0485
1624570130667,0.0058,-6.7365,6.3030,-0.7205,0.4232,0.0595
1624570130677,-0.2191,-6.6838,6.1044,-0.7315,0.3792,0.0705
1624570130686,-0.3459,-6.9327,5.6546,-0.8085,0.3499,0.0815
1624570130696,-0.5062,-7.1050,5.9082,-0.8696,0.3475,0.0913
1624570130705,-0.7599,-7.1385,6.1690,-0.8341,0.3157,0.0778
1624570130715,-0.8221,-7.0930,6.2216,-0.7621,0.2632,0.0302
1624570130723,-0.8293,-7.0715,6.2193,-0.7535,0.2155,0.0253
1624570130735,-0.7719,-7.1624,6.1642,-0.7401,0.1703,0.0302
1624570130744,-0.7168,-7.0715,6.0302,-0.7242,0.1398,0.0009
1624570130754,-0.6833,-7.0643,6.1331,-0.6851,0.1190,-0.0114
1624570130763,-0.5948,-7.2844,6.0877,-0.6448,0.0921,-0.0089
1624570130773,-0.6044,-7.4352,5.9489,-0.6191,0.0775,-0.0004
1624570130783,-0.7886,-7.5524,5.7479,-0.5898,0.0714,0.0058
1624570130792,-0.9609,-7.6003,5.4440,-0.5910,0.0604,0.0045
1624570130802,-1.0805,-7.6888,5.3578,-0.6387,0.0567,0.0082
1624570130811,-1.0901,-7.5381,5.4559,-0.7083,0.0494,0.0155
1624570130821,-0.9896,-7.3945,5.5421,-0.7474,0.0371,0.0082
1624570130829,-1.0327,-7.3108,5.7144,-0.7694,0.0396,-0.0052
1624570130838,-1.1978,-7.5500,5.5349,-0.7498,0.0469,-0.0284
1624570130848,-1.5088,-7.9066,5.4918,-0.6582,0.0396,-0.0517
1624570130857,-1.7984,-8.2296,5.3219,-0.4530,0.0042,-0.0712
1624570130869,-1.9132,-8.2894,5.1999,-0.1756,-0.0337,-0.0920
1624570130878,-1.8989,-8.1841,4.9822,0.0870,-0.0826,-0.0944
1624570130888,-1.8462,-7.8946,4.8530,0.2703,-0.1412,-0.1054
1624570130898,-1.7625,-7.5453,4.8482,0.3326,-0.1742,-0.1164
1624570130907,-1.7074,-7.5165,4.8865,0.3253,-0.1937,-0.1127
1624570130917,-1.7601,-7.4615,5.3387,0.2630,-0.2084,-0.1286
1624570130927,-1.7840,-7.2294,5.7000,0.1371,-0.2255,-0.1433
1624570130936,-1.6428,-7.0404,5.8077,-0.0400,-0.2267,-0.1469
1624570130946,-1.3868,-7.1050,5.6450,-0.2575,-0.2231,-0.1665
1624570130956,-1.1858,-7.3730,5.2406,-0.5043,-0.2133,-0.1909
1624570130965,-1.1810,-7.8611,5.0540,-0.6765,-0.1925,-0.2068
1624570130975,-1.3031,-8.2320,5.0874,-0.7376,-0.1742,-0.2056
1624570130984,-1.4849,-8.3205,5.0348,-0.6765,-0.1693,-0.2056
1624570130993,-1.4921,-8.1889,4.9822,-0.5482,-0.1705,-0.2276
1624570131004,-1.1427,-7.9138,5.0898,-0.4273,-0.2035,-0.2422
1624570131013,-0.8436,-7.5429,5.1329,-0.3564,-0.2280,-0.2374
1624570131023,-0.6881,-7.3514,5.2645,-0.3418,-0.2292,-0.2398
1624570131032,-0.5326,-7.2533,5.3794,-0.4566,-0.2304,-0.2325
1624570131042,-0.3962,-7.4376,5.3100,-0.6069,-0.2145,-0.2093
1624570131051,-0.3363,-7.7128,5.2286,-0.7058,-0.2011,-0.2032
1624570131061,-0.2789,-7.9808,5.0468,-0.7413,-0.2011,-0.1995
1624570131071,-0.2359,-8.2248,5.0898,-0.7511,-0.2072,-0.1824
1624570131080,0.0010,-8.4282,5.0540,-0.7401,-0.2108,-0.1592
1624570131090,0.1733,-8.6866,4.9678,-0.7254,-0.2072,-0.1262
1624570131098,0.1781,-8.5885,4.9893,-0.7108,-0.1852,-0.1005
1624570131109,0.1542,-8.3828,5.0085,-0.6558,-0.1632,-0.0822
1624570131119,0.1877,-8.5598,4.9917,-0.5739,-0.1546,-0.0663
1624570131128,0.2906,-8.7225,5.2717,-0.5214,-0.1388,-0.0394
1624570131138,0.4030,-8.8948,5.4296,-0.4591,-0.1290,0.0021
1624570131148,0.5131,-8.8876,5.5780,-0.3723,-0.0936,0.0424
1624570131156,0.5586,-8.8709,5.4918,-0.2819,-0.0557,0.0852
1624570131166,0.4652,-8.9187,5.5947,-0.2172,-0.0178,0.1279
1624570131175,0.2642,-8.5646,5.7598,-0.1329,0.0103,0.1536
1624570131185,0.1757,-8.1674,5.5277,-0.0681,0.0115,0.1658
1624570131195,0.0776,-8.0262,5.2286,-0.1402,0.0188,0.1902
1624570131203,0.0010,-8.3301,5.0970,-0.2856,0.0384,0.2110
1624570131215,-0.0516,-8.9618,4.8553,-0.3809,0.0457,0.2220
1624570131224,-0.2335,-9.1437,5.3219,-0.3613,0.0762,0.2146
1624570131234,-0.1569,-9.2466,5.0348,-0.2721,0.0811,0.2403
1624570131244,-0.1736,-8.9929,5.0300,-0.1280,0.1007,0.2183
1624570131253,-0.2335,-8.7321,5.0874,0.0150,0.1141,0.1951
1624570131263,-0.2550,-8.5096,5.0516,0.1053,0.1202,0.1805
1624570131273,-0.2048,-8.5909,4.9511,0.1615,0.1166,0.1878
1624570131282,-0.1689,-8.5837,4.9319,0.1884,0.1153,0.1914
1624570131292,-0.2119,-8.6675,4.9559,0.2226,0.1031,0.2037
1624570131301,-0.2837,-8.8159,4.8506,0.2532,0.0836,0.2159
1624570131311,-0.3316,-8.8470,4.7596,0.3143,0.0628,0.2256
1624570131321,-0.3603,-8.8852,4.4940,0.4316,0.0347,0.2415
1624570131329,-0.4680,-8.9355,4.2763,0.6393,0.0127,0.2415
1624570131340,-0.5828,-9.0671,4.4079,0.9483,-0.0056,0.2146
1624570131349,-0.6570,-9.1365,4.6448,1.3515,-0.0325,0.1866
1624570131359,-0.6953,-9.0958,4.8362,1.8390,-0.0594,0.1695
1624570131368,-0.7647,-8.7656,5.0659,2.3582,-0.0899,0.1609
1624570131378,-0.8580,-8.3205,5.4105,2.8102,-0.1388,0.1633
1624570131388,-0.8508,-7.6314,5.5062,3.0424,-0.1999,0.1914
1624570131398,-0.9011,-7.0978,5.5708,2.9740,-0.2292,0.2415
1624570131407,-1.0303,-6.8107,5.9489,2.6074,-0.2304,0.2892
1624570131417,-1.0016,-6.6958,6.1523,2.0345,-0.2267,0.3344
1624570131427,-0.8699,-6.5139,6.2073,1.4065,-0.2121,0.3796
1624570131436,-0.7910,-6.4326,6.0063,0.8164,-0.1864,0.4004
1624570131446,-1.0087,-6.5116,5.8747,0.3277,-0.1388,0.3772
1624570131455,-1.3533,-7.0380,5.6474,0.0553,-0.1070,0.3405
1624570131465,-1.6213,-7.5572,5.8699,0.0479,-0.0862,0.2990
1624570131474,-1.5711,-7.8276,6.2336,0.3045,-0.0923,0.2611
1624570131484,-1.2791,-7.8085,6.7098,0.7810,-0.1058,0.2452
1624570131494,-0.9346,-7.2438,7.1931,1.2660,-0.1278,0.2477
1624570131501,-0.8293,-6.8466,7.0950,1.6801,-0.1583,0.2721
1624570131511,-1.0111,-6.6384,6.9802,1.9111,-0.1595,0.3344
1624570131521,-1.3701,-6.3656,6.8390,1.9330,-0.1742,0.3735
1624570131530,-1.6787,-6.1622,6.5925,1.8402,-0.2084,0.3833
1624570131540,-1.7936,-5.9086,6.1929,1.6728,-0.2475,0.3723
1624570131551,-1.6883,-5.3558,6.2839,1.3857,-0.2878,0.3319
1624570131561,-1.5495,-4.9227,6.6404,1.0400,-0.3074,0.2696
1624570131570,-1.4251,-4.8270,7.1070,0.7052,-0.3013,0.2098
1624570131580,-1.3988,-5.0137,7.4252,0.4083,-0.2903,0.1523
1624570131590,-1.4682,-5.5712,7.4372,0.2532,-0.2719,0.1108
1624570131599,-1.6740,-6.0976,7.2745,0.2507,-0.2634,0.0876
1624570131608,-1.8558,-6.2555,7.1118,0.3631,-0.2768,0.0766
1624570131666,-1.9300,-6.1455,7.2530,0.5598,-0.3061,0.0791
1624570131667,-1.8008,-5.8129,7.4922,0.7749,-0.3416,0.0900
1624570131668,-1.4825,-5.3893,7.7770,0.8873,-0.3623,0.1145
1624570131668,-1.2002,-4.9347,7.8847,0.8738,-0.3575,0.1365
1624570131669,-1.1332,-4.6882,7.8655,0.7529,-0.3367,0.1304
1624570131670,-1.2145,-4.6499,7.6071,0.5317,-0.3135,0.0998
1624570131675,-1.2911,-4.7576,7.4922,0.2617,-0.2927,0.0717
1624570131685,-1.2026,-4.9873,7.4803,0.0113,-0.2780,0.0473
1624570131695,-1.0542,-5.2386,7.5401,-0.1622,-0.2695,0.0180
1624570131704,-0.9250,-5.4611,7.8679,-0.2440,-0.2597,-0.0016
1624570131714,-0.8149,-5.7004,8.0761,-0.2624,-0.2487,-0.0138
1624570131724,-0.7695,-5.8368,8.1168,-0.2110,-0.2280,-0.0138
1624570131733,-0.7695,-6.0593,8.3967,-0.0791,-0.2059,-0.0101
1624570131743,-0.8460,-5.8416,8.2747,0.0699,-0.2011,-0.0138
1624570131754,-0.8484,-5.4707,8.2508,0.1872,-0.1937,-0.0028
1624570131763,-0.6953,-5.4085,8.2795,0.2300,-0.1925,0.0094
1624570131772,-0.5661,-5.2529,8.2603,0.1567,-0.1815,0.0204
1624570131781,-0.4249,-5.3367,8.3991,0.0699,-0.1546,0.0302
1624570131791,-0.3029,-5.5712,8.4302,0.0259,-0.1290,0.0277
1624570131801,-0.1378,-5.5879,8.4494,0.0406,-0.0911,0.0155
1624570131811,-0.0109,-5.6023,8.6049,0.1457,-0.0569,0.0180
1624570131818,0.1566,-5.4946,8.8609,0.2446,-0.0300,0.0216
1624570131828,0.2092,-5.3247,8.8466,0.2837,-0.0032,0.0228
1624570131838,0.1709,-5.3630,8.5618,0.2825,0.0188,0.0412
1624570131847,0.0274,-5.5712,8.1766,0.2556,0.0188,0.0644
1624570131858,-0.1569,-5.9086,7.8895,0.2202,0.0042,0.0852
1624570131868,-0.2909,-6.0593,7.9349,0.1958,-0.0166,0.1096
1624570131878,-0.2885,-5.7961,8.0952,0.1848,-0.0374,0.1401
1624570131887,-0.1928,-5.2003,7.6669,0.1445,-0.0630,0.1523
1624570131898,0.1207,-4.9323,7.5090,0.0406,-0.0679,0.1523
1624570131907,0.2714,-5.2099,7.7172,-0.1072,-0.0496,0.1536
1624570131917,-0.0420,-5.6836,7.9565,-0.2147,-0.0264,0.1572
1624570131926,-0.5756,-6.1407,7.7483,-0.1964,-0.0264,0.1585
1624570131936,-0.8676,-6.3369,7.9612,-0.0510,-0.0484,0.1475
1624570131945,-1.1116,-6.0785,8.1144,0.1701,-0.0777,0.1389
1624570131955,-1.1499,-5.6621,8.1503,0.4267,-0.1082,0.1438
1624570131964,-1.0973,-5.1692,8.1551,0.6050,-0.1326,0.1475
1624570131974,-1.0159,-4.7552,8.0833,0.6637,-0.1400,0.1426
1624570131983,-0.9298,-4.5638,8.0498,0.6576,-0.1326,0.1291
1624570131993,-0.8652,-4.4896,8.0928,0.6283,-0.1302,0.0974
1624570132003,-0.8963,-4.4681,8.1311,0.5867,-0.1326,0.0619
1624570132013,-0.9513,-4.4418,8.1551,0.5159,-0.1375,0.0400
1624570132022,-0.9944,-4.5566,8.0952,0.4206,-0.1534,0.0253
1624570132032,-0.9537,-4.6069,7.9469,0.3326,-0.1681,0.0033
1624570132041,-0.9035,-4.4992,8.0019,0.2630,-0.1754,-0.0211
1624570132051,-0.7886,-4.3963,8.2460,0.2226,-0.1803,-0.0431
1624570132060,-0.4512,-4.3748,8.7915,0.1811,-0.1754,-0.0639
1624570132070,-0.1378,-4.3843,8.9662,0.1102,-0.1424,-0.0675
1624570132080,-0.0085,-4.4011,9.0452,0.0210,-0.0838,-0.0724
1624570132089,0.0130,-4.3269,9.1983,-0.0718,-0.0178,-0.0810
1624570132099,0.0513,-4.3413,8.9255,-0.2269,0.0384,-0.0602
1624570132109,0.0321,-4.8485,8.6312,-0.4078,0.0946,-0.0309
1624570132118,-0.0660,-5.1740,8.5164,-0.5873,0.1422,-0.0236
1624570132128,-0.2048,-5.3080,8.7030,-0.6631,0.1764,-0.0089
1624570132138,-0.3029,-4.9586,8.7413,-0.6240,0.1862,-0.0138
1624570132145,-0.3842,-4.6069,8.6169,-0.5556,0.1911,-0.0590
1624570132155,-0.4775,-4.3748,8.3776,-0.5764,0.2033,-0.0834
1624570132164,-0.5086,-4.3484,8.0713,-0.6912,0.2082,-0.0969
1624570132177,-0.4512,-4.6021,7.8871,-0.8451,0.2094,-0.1066
1624570132188,-0.3962,-4.9849,7.9899,-0.9795,0.2033,-0.1237
1624570132193,-0.2478,-5.2673,8.0043,-1.0382,0.1838,-0.1445
1624570132205,-0.2287,-5.6023,8.1622,-1.0150,0.1776,-0.1665
1624570132214,-0.2191,-5.5903,8.0043,-0.9710,0.1825,-0.1897
1624570132223,-0.2646,-5.4731,8.0426,-0.9026,0.1838,-0.2080
1624570132233,-0.2717,-5.2505,8.0306,-0.8048,0.1776,-0.2435
1624570132243,-0.0636,-5.5879,7.9947,-0.7608,0.1764,-0.2557
1624570132253,0.2571,-5.9062,8.0115,-0.8183,0.1984,-0.2300
1624570132262,0.4581,-6.1957,8.0019,-0.8500,0.2216,-0.2044
1624570132272,0.4820,-6.3273,7.9971,-0.8366,0.2412,-0.1897
1624570132281,0.4389,-6.3871,7.8440,-0.8402,0.2583,-0.1604
1624570132291,0.3600,-6.5666,7.7698,-0.8354,0.2815,-0.1262
1624570132301,0.2619,-6.7269,7.7411,-0.7901,0.3023,-0.1127
1624570132310,0.2068,-6.8537,7.7004,-0.6802,0.3120,-0.1042
1624570132319,0.2666,-6.8346,7.6550,-0.5825,0.3218,-0.0749
1624570132330,0.3456,-6.9040,7.5784,-0.5104,0.3291,-0.0309
1624570132339,0.4748,-6.8872,7.4085,-0.4884,0.3499,0.0082
1624570132349,0.5777,-6.8681,7.2051,-0.4774,0.3780,0.0436
1624570132359,0.6136,-7.0906,7.2195,-0.4310,0.4073,0.0815
1624570132368,0.7021,-7.3323,7.2242,-0.3577,0.4318,0.1230
1624570132378,0.7883,-7.3897,7.2195,-0.2746,0.4440,0.1768
1624570132387,0.8218,-7.1600,7.1644,-0.2538,0.4415,0.2342
1624570132397,0.8385,-7.0332,7.1094,-0.3222,0.4367,0.2904
1624570132406,0.7835,-6.9303,7.0424,-0.4811,0.4342,0.3442
1624570132416,0.7619,-7.0906,6.9754,-0.6692,0.4293,0.4028
1624570132426,0.8074,-7.4137,6.8414,-0.8109,0.4257,0.4553
1624570132435,0.9438,-7.7822,6.7672,-0.8671,0.4208,0.5067
1624570132445,1.1017,-8.1219,6.6811,-0.8329,0.4195,0.5665
1624570132455,1.2214,-8.4067,6.6715,-0.6900,0.4293,0.6203
1624570132462,1.3578,-8.6747,6.6189,-0.4908,0.4477,0.6801
1624570132472,1.4224,-8.8182,6.4633,-0.2868,0.4660,0.7559
1624570132481,1.3625,-8.8015,6.3772,-0.1109,0.4843,0.8390
1624570132491,1.2190,-8.6412,6.2097,0.0088,0.4928,0.9196
1624570132505,1.0587,-8.2966,6.2599,0.0614,0.4965,0.9953
1624570132512,0.8864,-8.1147,6.3772,0.0858,0.5038,1.0552
1624570132522,0.7117,-7.8683,6.5112,0.0895,0.5246,1.0931
1624570132531,0.5035,-7.7056,6.6452,0.1078,0.5637,1.1224
1624570132541,0.2236,-7.6458,6.7050,0.1811,0.6114,1.1358
1624570132551,-0.1210,-7.5548,6.7361,0.3057,0.6602,1.1322
1624570132560,-0.5708,-7.1792,6.5327,0.4340,0.6810,1.1334
1624570132570,-0.9489,-7.0691,6.1882,0.5830,0.6896,1.1322
1624570132579,-1.2169,-7.3203,5.9106,0.7272,0.6932,1.0955
1624570132589,-1.3629,-7.5524,5.8460,0.8714,0.7030,1.0454
1624570132598,-1.6046,-7.3514,5.9321,1.0522,0.6981,1.0308
1624570132608,-1.9898,-6.9829,6.0781,1.2660,0.6834,1.0344
1624570132618,-2.4229,-6.6360,6.2288,1.4358,0.6627,1.0027
1624570132628,-2.8464,-6.0617,6.4466,1.5311,0.6578,0.9465
1624570132638,-3.2628,-5.4707,6.6260,1.5934,0.6395,0.8952
1624570132646,-3.5403,-5.0376,6.7218,1.6447,0.6101,0.8268
