1624947084167,-3.1575,-4.7672,7.5090,-0.2362,0.0453,0.0040
1624947084169,-3.3011,-4.9132,7.6191,-0.2375,0.0477,0.0052
1624947084190,-3.3848,-5.0878,7.7052,-0.1544,0.0392,-0.0119
1624947084191,-3.3274,-5.2816,7.7148,-0.0115,0.0099,-0.0327
1624947084211,-3.2747,-5.1524,7.6837,0.1584,-0.0317,-0.0486
1624947084212,-3.2843,-4.7792,7.6167,0.1791,-0.0292,-0.0437
1624947084232,-3.1384,-4.6691,7.6215,0.1229,0.0001,-0.0290
1624947084234,-3.0905,-4.8462,7.5497,0.0411,0.0135,-0.0168
1624947084248,-3.1479,-4.8485,7.4468,-0.0273,0.0135,-0.0449
1624947084249,-3.1910,-4.8414,7.4109,-0.0628,0.0074,-0.0535
1624947084250,-3.2030,-4.9538,7.5353,-0.0615,0.0074,-0.0339
1624947084266,-3.1886,-5.1955,7.5975,0.0032,-0.0085,-0.0266
1624947084267,-3.1599,-5.1644,7.5521,0.0692,-0.0280,-0.0437
1624947084280,-3.1407,-4.8773,7.5210,0.0496,-0.0256,-0.0400
1624947084286,-3.1647,-4.8725,7.5688,0.0227,-0.0170,-0.0254
1624947084297,-3.2006,-5.0807,7.5210,0.0374,-0.0231,-0.0302
1624947084306,-3.1575,-4.9993,7.4970,0.0484,-0.0317,-0.0376
1624947084316,-3.1527,-4.8366,7.5138,0.0313,-0.0256,-0.0315
1624947084325,-3.1886,-4.9443,7.5712,0.0215,-0.0219,-0.0254
1624947084334,-3.2149,-5.1094,7.5616,0.0301,-0.0231,-0.0290
1624947084347,-3.2077,-5.0495,7.5401,0.0252,-0.0219,-0.0351
1624947084354,-3.2054,-4.9084,7.5640,0.0130,-0.0146,-0.0364
1624947084365,-3.2341,-4.9873,7.5640,0.0179,-0.0121,-0.0327
1624947084373,-3.2341,-5.0854,7.5329,0.0362,-0.0121,-0.0327
1624947084383,-3.2149,-4.9658,7.5114,0.0325,-0.0121,-0.0339
1624947084397,-3.1790,-4.8820,7.4970,0.0166,-0.0048,-0.0327
1624947084402,-3.1766,-4.9849,7.4851,0.0093,0.0025,-0.0327
1624947084412,-3.1623,-5.0232,7.4875,-0.0017,0.0099,-0.0388
1624947084421,-3.1623,-4.9395,7.4803,-0.0212,0.0208,-0.0400
1624947084432,-3.1599,-4.9275,7.4827,-0.0334,0.0318,-0.0400
1624947084440,-3.1503,-5.0089,7.4444,-0.0310,0.0367,-0.0388
1624947084450,-3.1312,-4.9586,7.4085,-0.0347,0.0416,-0.0437
1624947084459,-3.1144,-4.8940,7.3822,-0.0518,0.0490,-0.0486
1624947084469,-3.1049,-4.8653,7.4037,-0.0713,0.0575,-0.0522
1624947084479,-3.0761,-4.8605,7.4085,-0.0945,0.0624,-0.0620
1624947084488,-3.0235,-4.8725,7.3678,-0.1324,0.0746,-0.0767
1624947084498,-2.9996,-4.8485,7.3654,-0.1849,0.0929,-0.0926
1624947084508,-2.9637,-4.9012,7.3941,-0.2289,0.1088,-0.1084
1624947084517,-2.9445,-4.9395,7.3582,-0.2668,0.1259,-0.1292
1624947084526,-2.9110,-4.9347,7.3559,-0.3071,0.1479,-0.1561
1624947084536,-2.9015,-4.9155,7.3152,-0.3523,0.1699,-0.1830
1624947084546,-2.8392,-4.9323,7.2865,-0.4012,0.1919,-0.2135
1624947084556,-2.7890,-4.9132,7.2075,-0.4635,0.2163,-0.2538
1624947084567,-2.7388,-4.9012,7.1118,-0.5539,0.2456,-0.2978
1624947084576,-2.7052,-4.8916,7.0304,-0.6516,0.2701,-0.3430
1624947084585,-2.7124,-4.9395,6.9610,-0.7616,0.2884,-0.3894
1624947084594,-2.6646,-5.0448,6.8629,-0.8789,0.3141,-0.4371
1624947084603,-2.6598,-5.1500,6.8031,-1.0035,0.3373,-0.4811
1624947084613,-2.6311,-5.3319,6.7170,-1.1196,0.3568,-0.5202
1624947084623,-2.6095,-5.5688,6.6213,-1.2136,0.3727,-0.5556
1624947084636,-2.6550,-5.9301,6.3676,-1.2710,0.3715,-0.5800
1624947084644,-2.6454,-6.1407,6.3820,-1.3114,0.3568,-0.5739
1624947084653,-2.7555,-6.1407,6.3820,-1.3163,0.3507,-0.5837
1624947084663,-2.8584,-6.3512,6.4274,-1.2222,0.3360,-0.6008
1624947084672,-2.9110,-6.6575,6.3030,-1.1012,0.3018,-0.5764
1624947084682,-2.9685,-6.8250,6.2049,-0.9632,0.2640,-0.5434
1624947084692,-2.9876,-6.8944,6.1475,-0.7909,0.2090,-0.5263
1624947084700,-2.9780,-6.8729,6.1140,-0.6443,0.1491,-0.5116
1624947084711,-3.0067,-6.8154,6.0805,-0.5270,0.0954,-0.4969
1624947084720,-2.9852,-6.7389,6.0709,-0.4476,0.0416,-0.4847
1624947084730,-2.9924,-6.6479,6.0709,-0.4109,-0.0121,-0.4762
1624947084740,-3.0474,-6.5905,6.0015,-0.4073,-0.0647,-0.4664
1624947084748,-3.0714,-6.6264,5.9321,-0.4158,-0.1257,-0.4530
1624947084759,-3.0618,-6.6815,5.8962,-0.4354,-0.1807,-0.4444
1624947084768,-3.0379,-6.7054,5.8795,-0.4720,-0.2369,-0.4359
1624947084778,-3.0474,-6.7628,5.8891,-0.5026,-0.2858,-0.4285
1624947084788,-3.0211,-6.8705,5.8914,-0.5295,-0.3359,-0.4163
1624947084798,-3.0355,-7.0069,5.8843,-0.5429,-0.3957,-0.4078
1624947084807,-2.9996,-7.0380,5.7957,-0.5270,-0.4520,-0.4053
1624947084817,-2.9828,-7.1098,5.7981,-0.5111,-0.5020,-0.4053
1624947084826,-2.9374,-7.1792,5.8005,-0.4965,-0.5448,-0.4016
1624947084836,-2.8871,-7.2438,5.7455,-0.4855,-0.5876,-0.3943
1624947084845,-2.8058,-7.3299,5.8292,-0.4598,-0.6047,-0.3858
1624947084855,-2.8560,-7.3897,5.8651,-0.4097,-0.6157,-0.3674
1624947084865,-2.8105,-7.4567,5.7838,-0.3645,-0.6340,-0.3418
1624947084874,-2.7100,-7.5118,5.7120,-0.3218,-0.6438,-0.3320
1624947084884,-2.6502,-7.4424,5.7144,-0.3132,-0.6413,-0.3406
1624947084893,-2.5425,-7.3969,5.6593,-0.3205,-0.6364,-0.3418
1624947084903,-2.4564,-7.4352,5.6857,-0.3303,-0.6181,-0.3271
1624947084912,-2.5114,-7.4687,5.6019,-0.3266,-0.6095,-0.3076
1624947084921,-2.4397,-7.4926,5.5158,-0.3022,-0.6193,-0.2905
1624947084930,-2.3655,-7.3706,5.5158,-0.2814,-0.6071,-0.2893
1624947084940,-2.2578,-7.2964,5.4966,-0.2851,-0.5912,-0.2856
1624947084950,-2.1453,-7.5429,5.5421,-0.2876,-0.5631,-0.2783
1624947084960,-2.0233,-7.8228,5.6665,-0.2986,-0.5265,-0.2624
1624947084969,-1.9611,-7.9568,5.7192,-0.3095,-0.4886,-0.2367
1624947084980,-1.9874,-8.0334,5.7503,-0.2680,-0.4556,-0.2086
1624947084990,-1.9659,-8.0238,5.7216,-0.1825,-0.4373,-0.1891
1624947084999,-1.9276,-7.8492,5.6737,-0.1361,-0.4214,-0.1720
1624947085009,-1.8438,-7.6769,5.6258,-0.1336,-0.3921,-0.1634
1624947085019,-1.7625,-7.6458,5.6210,-0.1996,-0.3542,-0.1561
1624947085028,-1.7218,-7.5453,5.5636,-0.3059,-0.3224,-0.1549
1624947085038,-1.6476,-7.4950,5.4105,-0.4256,-0.2968,-0.1622
1624947085047,-1.6285,-7.5333,5.3531,-0.5441,-0.2724,-0.1756
1624947085057,-1.5639,-7.5740,5.4009,-0.6687,-0.2491,-0.1927
1624947085067,-1.6022,-7.5548,5.5325,-0.7677,-0.2308,-0.2013
1624947085076,-1.6740,-7.7080,5.4607,-0.8153,-0.2198,-0.1830
1624947085086,-1.6428,-8.0478,5.4559,-0.7750,-0.2088,-0.1585
1624947085095,-1.6692,-8.3684,5.4631,-0.6577,-0.1893,-0.1439
1624947085105,-1.6117,-8.4234,5.4727,-0.4867,-0.1917,-0.1317
1624947085114,-1.6333,-8.3325,5.3866,-0.2704,-0.2101,-0.1243
1624947085124,-1.5711,-8.1411,5.4679,-0.0725,-0.2333,-0.1231
1624947085134,-1.5065,-7.9879,5.6330,0.0362,-0.2308,-0.1133
1624947085143,-1.3988,-7.8635,5.7838,0.0557,-0.2198,-0.1011
1624947085153,-1.3725,-7.8802,5.8484,0.0264,-0.2076,-0.0889
1624947085163,-1.3725,-7.9496,5.9202,-0.0066,-0.1978,-0.0755
1624947085172,-1.3533,-7.7606,5.9393,-0.0530,-0.1929,-0.0657
1624947085182,-1.2337,-7.4735,5.9752,-0.0786,-0.1844,-0.0571
1624947085191,-1.1164,-7.5955,5.9919,-0.0652,-0.1612,-0.0437
1624947085201,-1.0135,-7.9401,6.0470,-0.0322,-0.1355,-0.0241
1624947085211,-0.9609,-8.1698,6.2145,-0.0115,-0.1086,-0.0095
1624947085220,-1.0016,-8.3612,6.4705,0.0044,-0.0818,0.0113
1624947085230,-0.9776,-8.4665,6.5208,0.0276,-0.0744,0.0614
1624947085238,-0.9633,-8.5790,6.5399,0.0753,-0.0806,0.1163
1624947085248,-0.9417,-8.5215,6.2958,0.1400,-0.0964,0.1505
1624947085257,-0.8652,-8.3205,6.2528,0.2219,-0.0964,0.1628
1624947085266,-0.8412,-8.0765,6.0278,0.2805,-0.0830,0.1652
1624947085277,-0.6953,-7.9185,6.0470,0.3050,-0.0463,0.1750
1624947085286,-0.7575,-7.8707,6.2863,0.3098,0.0123,0.1921
1624947085297,-0.8676,-7.9042,6.4992,0.2952,0.0612,0.1970
1624947085307,-0.9274,-7.7917,6.5686,0.2744,0.1015,0.1994
1624947085317,-0.9178,-7.7151,6.6811,0.2500,0.1650,0.2006
1624947085326,-1.0733,-7.6793,6.8821,0.2769,0.2420,0.2031
1624947085336,-1.1356,-7.4615,6.8390,0.3208,0.2798,0.1848
1624947085345,-1.0494,-7.2557,6.6715,0.4039,0.3275,0.1469
1624947085354,-1.0757,-7.1050,6.7648,0.5078,0.4020,0.1090
1624947085364,-1.1044,-6.9375,6.6524,0.5518,0.4558,0.0711
1624947085373,-1.0518,-6.9638,6.3939,0.5579,0.4985,0.0382
1624947085383,-0.9848,-6.9327,6.2839,0.5126,0.5596,0.0052
1624947085393,-0.9250,-6.7102,6.3700,0.4577,0.6317,-0.0461
1624947085403,-0.9346,-6.4158,6.4585,0.4333,0.7087,-0.1170
1624947085412,-0.9848,-6.3177,6.6189,0.4724,0.7795,-0.1891
1624947085422,-0.9465,-6.3321,6.5854,0.5212,0.8308,-0.2612
1624947085431,-0.9657,-6.3704,6.5184,0.5750,0.8895,-0.3308
1624947085441,-0.9992,-6.3106,6.4849,0.6019,0.9469,-0.3992
1624947085450,-1.0781,-6.1120,6.3437,0.6568,0.9860,-0.4847
1624947085460,-1.1547,-5.7889,6.1546,0.6752,1.0080,-0.5800
1624947085470,-1.1834,-5.5329,5.9465,0.6593,1.0239,-0.6875
1624947085479,-1.1284,-5.5544,5.7933,0.5933,1.0398,-0.7853
1624947085489,-1.0087,-5.8129,5.6498,0.5066,1.0605,-0.8696
1624947085499,-0.9585,-6.2699,5.5062,0.4552,1.0630,-0.9380
1624947085508,-0.9082,-6.5690,5.4392,0.4784,1.0471,-0.9930
1624947085518,-1.0016,-6.5187,5.2191,0.5835,0.9946,-1.0431
1624947085527,-1.0135,-6.1311,5.0228,0.7607,0.9054,-1.1029
1624947085537,-1.0997,-5.5544,4.8147,0.9671,0.7942,-1.1848
1624947085547,-1.1404,-5.0615,4.6256,1.1003,0.6708,-1.2850
1624947085555,-1.0805,-4.8940,4.5706,1.0905,0.5511,-1.3839
1624947085565,-0.9824,-4.9347,4.6041,0.8999,0.4460,-1.4755
1624947085574,-0.8125,-5.1213,4.8003,0.5750,0.3605,-1.5721
1624947085584,-0.6474,-5.6549,5.0611,0.2195,0.2933,-1.6661
1624947085593,-0.4057,-6.6599,5.4057,-0.0860,0.2530,-1.7224
1624947085602,-0.2071,-7.7128,5.5373,-0.2778,0.2249,-1.7126
1624947085614,0.0058,-8.3780,5.5876,-0.3279,0.1809,-1.6539
1624947085624,0.0656,-8.7082,5.6474,-0.1996,0.1259,-1.5928
1624947085632,0.0800,-8.8063,5.7503,0.0557,0.0355,-1.5415
1624947085643,0.0943,-8.7823,5.7957,0.2915,-0.0598,-1.4731
1624947085653,0.1757,-8.6364,5.8579,0.3697,-0.1331,-1.3912
1624947085662,0.3360,-8.5096,5.8962,0.2732,-0.1661,-1.3155
1624947085672,0.4700,-8.6483,6.1212,0.1022,-0.1587,-1.2336
1624947085681,0.4557,-9.1078,6.2552,-0.0750,-0.1477,-1.1335
1624947085691,0.4413,-9.5002,6.2910,-0.2216,-0.1429,-1.0174
1624947085700,0.2547,-9.6031,6.2647,-0.2827,-0.1477,-0.9050
1624947085710,0.1063,-9.5457,6.2145,-0.2643,-0.1624,-0.8048
1624947085719,-0.0660,-9.3638,6.1499,-0.2020,-0.1844,-0.7108
1624947085729,-0.1880,-9.1149,6.0924,-0.1324,-0.2076,-0.6154
1624947085739,-0.2933,-8.7991,6.0877,-0.0799,-0.2161,-0.5275
1624947085749,-0.3794,-8.4498,6.0302,-0.0261,-0.2308,-0.4542
1624947085758,-0.4775,-8.1602,5.9919,0.0154,-0.2406,-0.3968
1624947085768,-0.5350,-7.8539,5.9561,0.0374,-0.2504,-0.3503
1624947085777,-0.5828,-7.5740,5.9345,0.0386,-0.2601,-0.3222
1624947085787,-0.5972,-7.3730,5.9752,0.0325,-0.2638,-0.3137
1624947085797,-0.6187,-7.2797,6.0231,0.0276,-0.2638,-0.3100
1624947085806,-0.5637,-7.3897,6.1020,0.0411,-0.2650,-0.3100
1624947085816,-0.4105,-7.5213,6.2216,0.0753,-0.2516,-0.3076
1624947085826,-0.0109,-7.3873,5.9632,0.1034,-0.2333,-0.2990
1624947085835,0.2499,-7.9760,6.7098,0.2060,-0.1844,-0.2954
1624947085845,0.0513,-9.1173,7.3008,0.2195,-0.1221,-0.2196
1624947085854,0.1709,-9.2705,7.3941,0.0594,-0.0537,-0.1133
1624947085864,0.1207,-9.1891,7.1812,0.0252,-0.0060,-0.0412
1624947085873,0.4174,-9.3566,6.8007,0.0472,-0.0060,0.0174
1624947085881,0.6351,-9.9955,6.7552,-0.0689,0.0514,0.1432
1624947085891,0.5633,-9.9716,6.6715,-0.2814,0.1271,0.3033
1624947085901,0.6973,-9.5576,6.5758,-0.3829,0.1797,0.4169
1624947085910,0.5107,-9.2298,6.5040,-0.2497,0.2127,0.4792
1624947085920,0.3073,-9.1221,6.3652,-0.0396,0.1919,0.5684
1624947085931,0.0441,-8.8517,6.1906,0.0618,0.1394,0.6881
1624947085941,-0.2502,-8.5096,6.0446,-0.0273,0.1051,0.7846
1624947085950,-0.4704,-8.4904,6.0470,-0.2656,0.1100,0.8653
1624947085960,-0.6833,-8.7560,6.0661,-0.5588,0.1271,0.9691
1624947085969,-0.8915,-8.9953,6.0374,-0.7689,0.1259,1.0717
1624947085979,-1.0949,-9.0647,5.8555,-0.7811,0.0807,1.1560
1624947085989,-1.2169,-8.8996,5.5564,-0.6528,0.0025,1.2379
1624947085998,-1.1930,-8.5431,5.2167,-0.4916,-0.0891,1.3136
1624947086008,-1.1188,-8.0860,4.9008,-0.3706,-0.1770,1.3637
1624947086017,-0.9848,-7.7343,4.7405,-0.3450,-0.2675,1.3930
1624947086027,-0.8939,-7.4256,4.5658,-0.4452,-0.3567,1.4016
1624947086036,-0.7958,-7.2342,4.3648,-0.6125,-0.4434,1.4004
1624947086046,-0.7407,-7.1552,4.2236,-0.8105,-0.5326,1.3943
1624947086056,-0.6570,-7.1911,4.1040,-0.9680,-0.6315,1.3710
1624947086066,-0.5230,-7.2079,4.0322,-1.0646,-0.7268,1.3283
1624947086075,-0.4536,-7.2868,4.1830,-1.0878,-0.8038,1.3039
1624947086085,-0.4680,-7.4089,4.1686,-1.0084,-0.9028,1.2867
1624947086095,-0.3459,-7.3443,4.0705,-0.8777,-1.0017,1.2269
1624947086104,-0.3627,-7.1122,4.0322,-0.7555,-1.0689,1.1536
1624947086114,-0.2646,-6.8609,3.9772,-0.6602,-1.1300,1.0962
1624947086123,-0.2670,-6.5163,4.0346,-0.5893,-1.1776,1.0314
1624947086132,-0.3053,-6.2388,4.1136,-0.5466,-1.2167,0.9471
1624947086143,-0.2263,-6.2244,4.3457,-0.5111,-1.2351,0.8530
1624947086152,-0.3363,-6.3465,4.4534,-0.4928,-1.2241,0.7712
1624947086161,-0.3268,-6.3656,4.7572,-0.4647,-1.2241,0.6942
1624947086194,-0.3435,-6.2627,4.8913,-0.4036,-1.2119,0.5940
1624947086195,-0.4153,-6.1861,4.9415,-0.3425,-1.2009,0.4755
1624947086196,-0.3459,-6.1622,4.9176,-0.3169,-1.1886,0.3558
1624947086207,-0.2526,-6.4278,5.0133,-0.2998,-1.1385,0.2544
1624947086208,-0.2574,-6.7676,5.1760,-0.2534,-1.0921,0.1750
1624947086219,-0.1665,-7.0882,5.2071,-0.1739,-1.0811,0.0931
1624947086227,0.0202,-7.4065,5.3219,-0.0847,-1.0567,0.0272
1624947086237,0.1470,-7.5094,5.6330,-0.0029,-1.0030,-0.0290
1624947086247,0.2044,-7.5094,6.0183,0.0838,-0.9480,-0.0901
1624947086256,0.2762,-7.3586,6.3078,0.1413,-0.9028,-0.1451
1624947086266,0.3097,-7.1887,6.5590,0.1266,-0.8515,-0.2001
1624947086280,0.2499,-7.2390,6.6930,0.0435,-0.7977,-0.2489
1624947086285,0.2882,-7.4591,6.6404,-0.1006,-0.7513,-0.2746
1624947086296,0.3193,-8.0047,6.5830,-0.2252,-0.6926,-0.2795
1624947086305,0.3001,-8.6196,6.7576,-0.3071,-0.6352,-0.2636
1624947086314,0.5562,-8.9403,6.4203,-0.3548,-0.6230,-0.2428
1624947086324,0.8983,-9.2370,6.4825,-0.2692,-0.5717,-0.2147
1624947086333,1.0108,-9.4882,6.9347,-0.0933,-0.4813,-0.1683
1624947086345,0.9845,-9.6222,7.3630,0.0631,-0.4006,-0.1084
1624947086353,1.0874,-9.7299,7.5616,0.1632,-0.3212,-0.0266
1624947086362,1.0874,-9.6916,7.6550,0.2219,-0.2137,0.0589
1624947086374,0.9797,-9.4284,7.8081,0.2708,-0.0976,0.1225
1624947086381,0.6926,-9.0360,7.7914,0.3123,-0.0121,0.1677
1624947086391,0.5633,-8.7417,7.6621,0.3123,0.0807,0.2104
1624947086400,0.3958,-8.5000,7.4492,0.2585,0.1968,0.2471
1624947086410,0.3958,-8.2942,7.2745,0.1730,0.3324,0.2605
1624947086420,0.3145,-8.0956,7.2386,0.1156,0.4753,0.2483
1624947086430,0.1829,-7.9425,7.2362,0.1303,0.6097,0.2312
1624947086438,0.0321,-7.8228,7.0855,0.1962,0.7245,0.2214
1624947086449,-0.1066,-7.7319,6.8055,0.2989,0.8284,0.2068
1624947086460,-0.2359,-7.6314,6.5662,0.3893,0.9225,0.1811
1624947086468,-0.2789,-7.5022,6.5255,0.4601,1.0141,0.1493
1624947086478,-0.2717,-7.1959,6.6787,0.5090,1.0996,0.0919
1624947086486,-0.2359,-6.6623,6.8270,0.5432,1.1851,-0.0058
1624947086497,-0.2574,-6.1933,6.8007,0.5652,1.2658,-0.1194
1624947086511,-0.3053,-6.0067,6.5327,0.5603,1.3342,-0.2184
1624947086517,-0.3124,-6.0833,6.1618,0.5066,1.3806,-0.2941
1624947086525,-0.3053,-6.1861,5.8364,0.4161,1.4283,-0.3650
1624947086536,-0.3507,-6.1120,5.5229,0.3184,1.4539,-0.4664
1624947086546,-0.3220,-6.0234,5.3004,0.2255,1.4588,-0.5874
1624947086556,-0.2837,-5.9851,5.0755,0.1144,1.4588,-0.7059
1624947086564,-0.2646,-6.0665,4.7620,-0.0041,1.4417,-0.8048
1624947086573,-0.1425,-6.3345,4.4845,-0.0860,1.3989,-0.8867
1624947086583,-0.0827,-6.6216,4.3170,-0.1324,1.3525,-0.9502
1624947086592,-0.0420,-6.8585,4.2308,-0.1226,1.2963,-1.0064
1624947086603,0.0202,-7.0691,4.2380,-0.0322,1.2291,-1.0492
1624947086613,-0.0157,-7.2103,4.2189,0.1339,1.1448,-1.0846
1624947086623,-0.1066,-7.3084,4.0849,0.3465,1.0337,-1.1237
1624947086633,-0.2215,-7.3897,4.0203,0.5017,0.9090,-1.1530
1624947086642,-0.2071,-7.2055,3.9389,0.4833,0.7991,-1.1665
1624947086652,-0.2048,-6.8083,3.8121,0.3257,0.7013,-1.2031
1624947086661,-0.1880,-6.6432,3.8001,0.1278,0.6097,-1.2666
1624947086671,-0.1186,-6.9686,3.7212,-0.0982,0.5205,-1.3155
1624947086681,-0.1880,-7.4615,3.7499,-0.2863,0.4424,-1.3204
1624947086690,-0.3053,-7.9736,3.8384,-0.3352,0.3544,-1.3033
1624947086700,-0.4871,-8.3804,3.9221,-0.2265,0.2456,-1.2837
1624947086710,-0.6211,-8.6460,3.9892,-0.0310,0.1259,-1.2508
1624947086719,-0.6402,-8.8302,4.1088,0.1461,0.0037,-1.2043
1624947086729,-0.4560,-9.0097,4.2954,0.2317,-0.0891,-1.1493
1624947086738,-0.1856,-9.2083,4.5395,0.1950,-0.1441,-1.0919
1624947086747,0.0034,-9.5241,4.8290,0.1254,-0.1710,-1.0333
1624947086758,0.1542,-10.0314,5.0874,0.0741,-0.1868,-0.9453
1624947086767,0.3241,-10.5602,5.0659,0.0618,-0.1905,-0.8158
1624947086777,0.8218,-10.8497,4.9152,0.0765,-0.1991,-0.6485
1624947086786,1.4343,-11.7399,5.3483,0.0961,-0.1819,-0.4346
1624947086796,1.0443,-12.9435,5.9034,-0.0005,-0.1147,-0.1610
1624947086806,0.2619,-12.9435,6.3126,-0.1678,-0.0867,0.0369
1624947086815,-0.2813,-11.9026,6.1427,-0.1251,-0.1025,0.1640
1624947086825,-0.3483,-10.5052,5.7096,0.0753,-0.1050,0.2519
1624947086835,-0.1282,-9.6151,5.3842,0.2549,-0.0952,0.3717
1624947086844,0.0297,-9.0384,5.1401,0.1804,-0.0744,0.5268
1624947086854,-0.1114,-8.6029,5.1736,-0.0713,-0.0134,0.5965
1624947086863,-0.4847,-8.4378,5.3315,-0.3340,0.0587,0.6197
1624947086873,-0.8412,-8.6723,5.4201,-0.5087,0.1088,0.6857
1624947086881,-1.0829,-9.1102,5.3842,-0.5221,0.1198,0.7822
1624947086890,-1.3007,-9.3064,5.2215,-0.4342,0.1088,0.8640
1624947086900,-1.4107,-9.2513,5.0468,-0.3010,0.0746,0.9202
1624947086909,-1.4562,-9.0838,4.8290,-0.1874,0.0306,0.9728
1624947086922,-1.4131,-8.8517,4.6950,-0.1434,-0.0146,1.0265
1624947086931,-1.3198,-8.5598,4.6759,-0.1739,-0.0512,1.0656
1624947086940,-1.2959,-8.4210,4.5467,-0.2289,-0.0952,1.0852
1624947086950,-1.2791,-8.3636,4.3289,-0.2961,-0.1538,1.1035
1624947086959,-1.1978,-8.2607,4.1854,-0.3596,-0.2186,1.1255
1624947086969,-1.1834,-7.9999,4.1566,-0.4109,-0.2846,1.1206
1624947086979,-1.1906,-7.7032,4.0011,-0.4794,-0.3738,1.0925
1624947086988,-1.0997,-7.5596,3.8863,-0.5747,-0.4715,1.0778
1624947086998,-1.1140,-7.6171,3.7068,-0.7066,-0.5570,1.0840
1624947087008,-1.0542,-7.6888,3.5608,-0.8752,-0.6389,1.0827
1624947087017,-1.0183,-7.6984,3.5154,-1.0096,-0.7109,1.0510
1624947087027,-1.0255,-7.8156,3.4867,-1.0487,-0.7879,1.0131
1624947087036,-1.0111,-7.9688,3.4268,-0.9864,-0.8722,0.9862
1624947087046,-0.9226,-8.0454,3.6613,-0.8544,-0.9467,0.9605
1624947087056,-1.0446,-7.8898,3.5393,-0.6553,-1.0225,0.9337
1624947087065,-0.9082,-7.6290,3.6207,-0.4427,-1.1080,0.8982
1624947087075,-0.9513,-7.2294,3.6518,-0.2399,-1.1703,0.8359
1624947087084,-0.9035,-6.8250,3.7212,-0.1263,-1.2216,0.7565
1624947087094,-0.8484,-6.4924,3.8121,-0.1153,-1.2668,0.6844
1624947087104,-0.8963,-6.3058,3.8958,-0.1703,-1.2913,0.6075
1624947087113,-0.8699,-6.3919,3.9820,-0.2204,-1.3047,0.5158
1624947087123,-0.7862,-6.5977,4.1949,-0.2301,-1.2998,0.4254
1624947087132,-0.7168,-6.7843,4.4845,-0.1959,-1.2766,0.3424
1624947087142,-0.6139,-6.8729,4.8099,-0.0945,-1.2485,0.2544
1624947087152,-0.4943,-7.0739,5.0803,0.0118,-1.2033,0.1640
1624947087159,-0.3986,-7.2940,5.2406,0.1217,-1.1434,0.0907
1624947087171,-0.3363,-7.5070,5.3674,0.2402,-1.0836,0.0247
1624947087180,-0.3459,-7.6027,5.3913,0.3208,-1.0408,-0.0376
1624947087190,-0.1473,-7.6649,5.4416,0.3465,-1.0066,-0.0962
1624947087198,0.0202,-7.9209,5.6163,0.3123,-0.9467,-0.1341
1624947087207,0.1733,-8.1770,5.7622,0.2305,-0.9015,-0.1585
1624947087217,0.4054,-8.4138,5.9034,0.1498,-0.8527,-0.1805
1624947087226,0.4916,-8.5502,6.0805,0.0802,-0.7904,-0.1866
1624947087239,0.4700,-8.6125,6.3389,0.0142,-0.7244,-0.1830
1624947087248,0.4389,-8.6866,6.4227,-0.0200,-0.6731,-0.1769
1624947087257,0.5083,-8.8565,6.4825,-0.0115,-0.6083,-0.1500
1624947087267,0.4772,-9.1197,6.6643,0.0362,-0.5204,-0.1035
1624947087277,0.4030,-9.3901,6.6739,0.1131,-0.4446,-0.0498
1624947087286,0.4341,-9.4571,6.5901,0.1974,-0.3762,0.0027
1624947087296,0.3767,-9.2394,6.6548,0.2659,-0.3053,0.0418
1624947087305,0.2786,-8.8613,6.7074,0.3135,-0.2369,0.0614
1624947087315,0.2690,-8.5383,6.7074,0.3380,-0.1624,0.0711
1624947087324,0.2116,-8.2559,6.8797,0.3367,-0.0610,0.0931
1624947087334,0.0848,-8.0430,7.1644,0.3392,0.0465,0.1066
1624947087344,0.0585,-7.7606,7.2338,0.3587,0.1345,0.0980
1624947087353,-0.0085,-7.6529,7.1333,0.3783,0.2334,0.0785
1624947087363,-0.0708,-7.7199,7.0759,0.3758,0.3324,0.0687
1624947087373,-0.1114,-7.6410,6.9515,0.3551,0.4265,0.0443
1624947087382,-0.1042,-7.4472,6.8462,0.3172,0.5254,-0.0046
1624947087392,-0.1736,-7.3275,6.8318,0.3074,0.6232,-0.0620
1624947087401,-0.1449,-7.2773,6.8510,0.3306,0.7160,-0.1145
1624947087411,-0.1808,-7.1289,6.8462,0.3722,0.8125,-0.1634
1624947087421,-0.2239,-6.9518,6.8318,0.4381,0.9005,-0.2196
1624947087430,-0.1976,-6.8011,6.6165,0.4870,0.9787,-0.2807
1624947087440,-0.2598,-6.7341,6.3676,0.4882,1.0434,-0.3418
1624947087448,-0.2598,-6.7772,6.0398,0.4455,1.0850,-0.4078
1624947087507,-0.1832,-6.8250,5.7814,0.3673,1.1338,-0.4762
1624947087508,-0.2454,-6.8633,5.6187,0.2866,1.1644,-0.5483
1624947087508,-0.1976,-7.0619,5.4057,0.2231,1.1644,-0.6142
1624947087509,-0.1258,-7.1193,5.3124,0.2048,1.1693,-0.6655
1624947087510,-0.0995,-7.0667,5.3196,0.2451,1.1705,-0.7193
1624947087511,-0.0444,-7.0882,5.2741,0.3318,1.1570,-0.7694
1624947087516,-0.0229,-7.1648,5.2023,0.4613,1.1338,-0.8036
1624947087524,-0.0396,-7.2342,5.0659,0.5970,1.1033,-0.8354
1624947087534,-0.0301,-7.3562,4.8601,0.7350,1.0495,-0.8732
1624947087543,-0.0420,-7.3395,4.7214,0.8596,0.9982,-0.9087
1624947087553,-0.0755,-7.0452,4.7261,0.9561,0.9384,-0.9563
1624947087562,-0.1521,-6.6240,4.7644,1.0172,0.8614,-1.0235
1624947087572,-0.1306,-6.3656,4.7549,0.9842,0.7869,-1.0932
1624947087584,-0.1330,-6.3010,4.7190,0.8279,0.7245,-1.1493
1624947087593,-0.1473,-6.3393,4.6400,0.5909,0.6537,-1.2141
1624947087603,-0.1545,-6.5953,4.6759,0.3270,0.6036,-1.2837
1624947087612,-0.1760,-6.8202,4.7333,0.0777,0.5535,-1.3265
1624947087622,-0.1114,-7.2462,4.8434,-0.0786,0.5010,-1.3448
1624947087631,-0.0420,-7.8228,4.9941,-0.1165,0.4484,-1.3461
1624947087641,0.0393,-8.3158,5.0994,-0.0957,0.3861,-1.3131
1624947087651,0.1255,-8.5479,5.0707,-0.0469,0.3067,-1.2617
1624947087660,0.2499,-8.7034,4.9511,-0.0115,0.2237,-1.2019
1624947087670,0.4030,-8.8135,4.8697,-0.0396,0.1662,-1.1286
1624947087680,0.4987,-8.8541,4.9630,-0.0982,0.1284,-1.0614
1624947087688,0.4892,-9.1580,5.1832,-0.1177,0.1015,-0.9942
1624947087698,0.4485,-9.5696,5.3172,-0.0933,0.0758,-0.8977
1624947087708,0.4892,-9.9381,5.4225,-0.0383,0.0453,-0.7706
1624947087718,0.5035,-10.2898,5.5995,0.0814,0.0306,-0.6411
1624947087727,0.5992,-10.4023,5.6522,0.1852,0.0050,-0.5018
1624947087736,0.6615,-10.3138,5.5636,0.2414,-0.0182,-0.3601
1624947087747,0.6638,-10.0386,5.4895,0.2463,-0.0378,-0.2428
1624947087756,0.5873,-9.6222,5.4201,0.1791,-0.0500,-0.1487
1624947087767,0.4533,-9.3279,5.4201,0.0716,-0.0585,-0.0620
1624947087776,0.3073,-9.2131,5.4057,-0.0506,-0.0585,0.0296
1624947087786,0.1853,-9.2011,5.4895,-0.1568,-0.0573,0.1176
1624947087795,0.0345,-9.2250,5.5756,-0.2069,-0.0549,0.2006
1624947087805,-0.0612,-9.3112,5.6426,-0.1984,-0.0537,0.2923
1624947087813,-0.1114,-9.3471,5.6617,-0.1214,-0.0549,0.3949
1624947087824,-0.1258,-9.1341,5.5923,-0.0566,-0.0598,0.4877
1624947087834,-0.1880,-8.7871,5.5876,-0.0237,-0.0598,0.5513
1624947087842,-0.2694,-8.5981,5.6378,-0.0175,-0.0585,0.6038
1624947087851,-0.2837,-8.5790,5.6067,-0.0847,-0.0561,0.6734
1624947087861,-0.2741,-8.6747,5.5493,-0.2252,-0.0524,0.7553
1624947087870,-0.2598,-8.8039,5.4727,-0.3853,-0.0561,0.8323
1624947087882,-0.3148,-8.9259,5.2885,-0.5441,-0.0708,0.9117
1624947087891,-0.4464,-8.9379,5.0922,-0.6736,-0.1111,0.9887
1624947087899,-0.5972,-8.8470,4.8338,-0.7604,-0.1807,1.0497
1624947087911,-0.7120,-8.7082,4.6376,-0.8544,-0.2528,1.0974
1624947087919,-0.7958,-8.6172,4.5562,-0.9338,-0.3249,1.1414
1624947087930,-0.8269,-8.5431,4.5395,-1.0243,-0.3921,1.1829
1624947087939,-0.8891,-8.4378,4.5012,-1.0890,-0.4654,1.2098
1624947087949,-0.9513,-8.3373,4.3553,-1.1086,-0.5411,1.2269
1624947087959,-0.9776,-8.2894,4.2787,-1.0866,-0.6108,1.2477
1624947087968,-1.0829,-8.1291,4.0538,-1.0133,-0.6816,1.2587
1624947087978,-1.1021,-7.9855,3.7212,-0.9021,-0.7733,1.2550
1624947087987,-1.1092,-8.0190,3.4675,-0.7811,-0.8588,1.2525
1624947087997,-1.0757,-8.0143,3.3838,-0.6443,-0.9370,1.2220
1624947088007,-1.0518,-7.8659,3.5417,-0.5038,-1.0017,1.1621
1624947088016,-1.0375,-7.5859,3.7570,-0.3706,-1.0555,1.1108
1624947088026,-0.9752,-7.3275,3.9126,-0.2594,-1.0921,1.0815
1624947088036,-0.9250,-7.0284,4.2595,-0.1703,-1.0982,1.0448
1624947088045,-1.0375,-6.8705,4.3050,-0.1214,-1.1202,1.0058
1624947088054,-0.9705,-6.6025,4.2787,-0.1214,-1.1544,0.9349
1624947088064,-0.9920,-6.2794,4.4175,-0.1861,-1.1373,0.8372
1624947088074,-0.9298,-6.1431,4.4988,-0.2436,-1.1263,0.7468
1624947088083,-0.7647,-6.1861,4.6376,-0.2802,-1.1007,0.6405
1624947088093,-0.8101,-6.1431,4.7381,-0.2802,-1.0665,0.5195
1624947088103,-0.7264,-6.2818,4.7549,-0.2326,-1.0457,0.4010
1624947088112,-0.6235,-6.6647,4.8601,-0.1544,-1.0152,0.3045
1624947088122,-0.4536,-7.1002,5.0420,-0.0689,-0.9626,0.2336
1624947088131,-0.2502,-7.6075,5.2813,0.0447,-0.9015,0.1738
1624947088141,-0.0516,-7.9808,5.5134,0.1694,-0.8392,0.1261
1624947088151,0.1685,-8.1459,5.7311,0.2708,-0.7806,0.0882
1624947088159,0.3265,-8.2153,5.9513,0.3624,-0.7159,0.0577
1624947088168,0.4174,-8.0884,6.1546,0.4198,-0.6560,0.0357
1624947088178,0.4628,-7.8515,6.3365,0.4418,-0.6034,0.0101
1624947088188,0.4628,-7.6936,6.5136,0.4247,-0.5375,-0.0205
1624947088197,0.4772,-7.7774,6.6811,0.3599,-0.4544,-0.0376
1624947088207,0.4892,-7.9305,6.7744,0.2683,-0.3762,-0.0400
1624947088218,0.5346,-8.0741,6.8007,0.1828,-0.3090,-0.0510
1624947088228,0.6112,-8.3253,6.7552,0.1461,-0.2345,-0.0693
1624947088237,0.6232,-8.5215,6.9156,0.1584,-0.1380,-0.0767
1624947088245,0.4916,-8.6149,7.1405,0.2011,-0.0427,-0.0657
1624947088257,0.3911,-8.5622,7.2697,0.2964,0.0343,-0.0535
1624947088266,0.2714,-8.3110,7.2865,0.3990,0.1015,-0.0522
1624947088276,0.1901,-7.9520,7.2051,0.4748,0.1638,-0.0632
1624947088286,0.1542,-7.6673,7.2290,0.5163,0.2359,-0.0816
1624947088295,0.0848,-7.3490,7.2434,0.5004,0.3177,-0.1048
1624947088305,-0.0349,-7.0475,7.2314,0.4430,0.3971,-0.1439
1624947088314,-0.1880,-6.8729,7.1979,0.3709,0.4680,-0.1976
1624947088324,-0.2454,-6.8681,7.0950,0.2793,0.5340,-0.2551
1624947088333,-0.2239,-7.0069,7.0472,0.1718,0.6232,-0.3064
1624947088343,-0.2789,-7.1074,7.0926,0.1131,0.7233,-0.3528
1624947088353,-0.3507,-7.1528,7.0304,0.1095,0.7991,-0.4053
1624947088362,-0.3483,-7.1600,6.8055,0.1400,0.8675,-0.4701
1624947088372,-0.2694,-7.1887,6.6308,0.1816,0.9408,-0.5287
1624947088381,-0.2478,-7.1457,6.5543,0.2305,1.0227,-0.5800
1624947088389,-0.1976,-7.0499,6.5016,0.2744,1.0972,-0.6387
1624947088401,-0.1880,-6.9423,6.4466,0.3184,1.1668,-0.7010
1624947088410,-0.1665,-6.9375,6.4059,0.3709,1.2303,-0.7547
1624947088420,-0.1497,-7.0595,6.2647,0.4051,1.2829,-0.8024
1624947088429,-0.0971,-7.1696,6.0350,0.4283,1.3195,-0.8439
1624947088439,-0.0971,-7.3132,5.7646,0.4528,1.3391,-0.8793
1624947088448,-0.0205,-7.4041,5.5158,0.4577,1.3354,-0.9111
1624947088458,0.0321,-7.3754,5.3052,0.4540,1.3159,-0.9539
1624947088468,0.0130,-7.1528,5.0659,0.4308,1.2841,-1.0064
1624947088476,-0.0061,-6.9112,4.8099,0.3746,1.2242,-1.0602
1624947088485,0.0489,-6.8083,4.6304,0.3013,1.1729,-1.1151
1624947088495,0.0585,-6.7245,4.5467,0.2195,1.1290,-1.1725
1624947088504,0.0656,-6.7126,4.4653,0.1596,1.0703,-1.2251
1624947088517,0.0680,-6.8059,4.3553,0.1364,0.9958,-1.2666
1624947088526,0.0776,-7.1074,4.3002,0.1645,0.9176,-1.2984
1624947088535,0.0704,-7.4735,4.3098,0.2353,0.8345,-1.3167
1624947088545,0.1231,-7.9855,4.3959,0.3184,0.7453,-1.3179
1624947088554,0.1518,-8.3947,4.5347,0.4247,0.6525,-1.3021
1624947088563,0.2164,-8.4641,4.5874,0.4833,0.5535,-1.2801
1624947088573,0.2307,-8.3325,4.5156,0.5175,0.4570,-1.2740
1624947088583,0.3528,-8.2751,4.4510,0.5249,0.3727,-1.2520
1624947088592,0.4246,-8.3445,4.5778,0.4894,0.3153,-1.2019
1624947088602,0.4102,-8.6316,4.8003,0.4174,0.2762,-1.1469
1624947088610,0.4198,-9.1030,5.0181,0.3257,0.2346,-1.0724
1624947088621,0.4533,-9.6414,5.3794,0.2133,0.2139,-0.9673
1624947088631,0.4317,-10.0601,5.5564,0.1046,0.1968,-0.8427
1624947088639,0.5322,-10.2348,5.5134,0.0020,0.1699,-0.7022
1624947088650,0.5227,-10.3951,5.4727,-0.0652,0.1589,-0.5580
1624947088660,0.3647,-10.3831,5.4129,-0.1116,0.1454,-0.4200
1624947088669,0.1661,-10.1391,5.2861,-0.1397,0.1076,-0.2880
1624947088679,-0.0755,-9.8328,5.2143,-0.1678,0.0783,-0.1793
1624947088689,-0.3148,-9.5648,5.1904,-0.2033,0.0538,-0.0828
1624947088698,-0.4895,-9.3638,5.1042,-0.2558,0.0269,0.0174
1624947088708,-0.6139,-9.3088,5.0779,-0.3254,0.0050,0.1151
1624947088718,-0.6833,-9.3207,5.0540,-0.3963,-0.0158,0.2128
1624947088727,-0.6546,-9.2896,4.9367,-0.4769,-0.0390,0.3167
1624947088737,-0.5804,-9.2513,4.8434,-0.5514,-0.0622,0.4169
1624947088746,-0.5996,-9.1748,4.8171,-0.5856,-0.0867,0.4939
1624947088756,-0.6738,-9.1078,4.7955,-0.5893,-0.1233,0.5684
1624947088766,-0.7647,-9.0312,4.7740,-0.5930,-0.1661,0.6466
1624947088775,-0.8053,-8.9522,4.7357,-0.5918,-0.2101,0.7186
1624947088785,-0.8389,-8.9259,4.7405,-0.6174,-0.2491,0.7797
1624947088793,-0.8197,-8.9092,4.6687,-0.6944,-0.2931,0.8408
1624947088802,-0.8436,-8.8206,4.6376,-0.8068,-0.3396,0.8946
1624947088812,-0.8819,-8.7345,4.6280,-0.9143,-0.3799,0.9361
1624947088821,-0.9776,-8.8015,4.4869,-0.9754,-0.4422,0.9740
1624947088834,-0.9298,-8.7776,4.2165,-0.9949,-0.5240,0.9996
1624947088843,-0.9226,-8.6771,3.9437,-0.9839,-0.6047,1.0143
1624947088852,-0.8652,-8.5335,3.7140,-0.9473,-0.6902,1.0351
1624947088862,-0.7934,-8.3636,3.5560,-0.9192,-0.7904,1.0632
1624947088872,-0.7719,-8.2655,3.5800,-0.8532,-0.8844,1.0791
1624947088881,-0.7886,-8.2248,3.7044,-0.7897,-0.9846,1.0742
1624947088891,-0.6761,-8.0334,3.7379,-0.7628,-1.0885,1.0620
1624947088900,-0.5397,-7.8946,3.8384,-0.7579,-1.1666,1.0522
1624947088910,-0.4225,-7.8013,4.1160,-0.7726,-1.2045,1.0265
1624947088919,-0.4608,-7.7774,4.2500,-0.7506,-1.2400,0.9972
1624947088929,-0.3986,-7.6960,4.3385,-0.6932,-1.2766,0.9679
1624947088939,-0.4919,-7.5333,4.3553,-0.6003,-1.2827,0.9202
1624947088948,-0.4704,-7.4687,4.4031,-0.4488,-1.2815,0.8701
1624947088958,-0.4488,-7.3921,4.3217,-0.3095,-1.2742,0.8201
1624947088967,-0.4177,-7.1792,4.2715,-0.2106,-1.2595,0.7614
1624947088977,-0.3890,-7.0571,4.2619,-0.1080,-1.2473,0.6832
1624947088987,-0.3675,-7.0021,4.2476,-0.0334,-1.2216,0.5855
1624947088996,-0.3220,-6.9231,4.3241,-0.0102,-1.1960,0.4865
1624947089006,-0.2263,-6.9399,4.4797,-0.0139,-1.1630,0.3973
1624947089016,-0.1066,-7.0978,4.8027,-0.0359,-1.1080,0.3118
1624947089025,-0.0133,-7.3323,5.1497,-0.0554,-1.0408,0.2251
1624947089035,0.0609,-7.6625,5.4464,-0.0408,-0.9590,0.1591
1624947089044,0.1398,-7.9544,5.5349,0.0020,-0.8747,0.1053
1624947089054,0.1877,-8.1411,5.4966,0.0851,-0.8014,0.0638
1624947089064,0.2810,-8.2631,5.4512,0.2121,-0.7317,0.0394
1624947089073,0.3097,-8.1817,5.4272,0.3135,-0.6670,0.0101
1624947089083,0.3360,-8.0238,5.4488,0.3734,-0.6083,-0.0376
1624947089092,0.3384,-7.9496,5.5636,0.4015,-0.5472,-0.0816
1624947089102,0.3934,-8.0406,5.7287,0.3758,-0.4813,-0.1060
1624947089110,0.4150,-8.2487,5.9297,0.3367,-0.4067,-0.1194
1624947089119,0.4102,-8.3851,6.0446,0.3050,-0.3310,-0.1292
1624947089129,0.4581,-8.5144,6.1355,0.3025,-0.2626,-0.1317
1624947089138,0.4652,-8.6603,6.1738,0.3416,-0.1929,-0.1280
1624947089150,0.4676,-8.7273,6.2025,0.4088,-0.1343,-0.1231
1624947089160,0.5633,-8.8254,6.2552,0.4699,-0.0854,-0.1170
1624947089169,0.7285,-8.8876,6.3150,0.5078,-0.0256,-0.0987
1624947089179,0.8648,-8.8709,6.5016,0.5273,0.0502,-0.0742
1624947089189,0.7954,-8.9546,6.6691,0.5273,0.1332,-0.0474
1624947089198,0.6662,-8.9140,6.8151,0.5114,0.2029,-0.0107
1624947089208,0.5442,-8.7512,6.8653,0.4833,0.2774,0.0223
1624947089217,0.4270,-8.4593,6.8558,0.4406,0.3507,0.0394
1624947089226,0.3145,-8.2607,6.8151,0.4027,0.4191,0.0418
1624947089237,0.2260,-8.1339,6.7170,0.3355,0.4937,0.0455
1624947089246,0.1446,-7.9233,6.6332,0.2305,0.5633,0.0418
1624947089256,0.0106,-7.7534,6.6691,0.1461,0.6378,0.0150
1624947089266,-0.0636,-7.5788,6.5949,0.0912,0.7135,-0.0302
1624947089275,-0.1282,-7.4376,6.5327,0.0289,0.8064,-0.0864
1624947089285,-0.2287,-7.3514,6.3437,0.0154,0.8907,-0.1341
1624947089294,-0.2646,-7.4065,6.0948,0.0362,0.9604,-0.1805
1624947089304,-0.3220,-7.4232,5.9919,0.0741,1.0300,-0.2245
1624947089313,-0.3268,-7.2940,5.9249,0.1180,1.0923,-0.2758
1624947089323,-0.3723,-7.0571,5.8938,0.1767,1.1485,-0.3442
1624947089333,-0.3627,-6.8011,5.6593,0.2305,1.1790,-0.4175
1624947089342,-0.2239,-6.5929,5.5086,0.2732,1.2059,-0.4957
1624947089352,-0.2167,-6.4900,5.4631,0.3123,1.2487,-0.5861
1624947089361,-0.2837,-6.4900,5.3459,0.2891,1.2841,-0.6717
1624947089371,-0.1928,-6.5666,5.2238,0.1901,1.3061,-0.7376
1624947089379,-0.2000,-6.7197,5.0994,0.0899,1.3354,-0.8036
1624947089390,-0.2000,-7.0117,4.9487,-0.0017,1.3550,-0.8732
1624947089400,-0.1521,-7.4711,4.7309,-0.0579,1.3440,-0.9184
1624947089409,-0.0325,-7.9138,4.5275,-0.0970,1.3195,-0.9258
1624947089419,0.0154,-8.0478,4.4294,-0.0713,1.2817,-0.9356
1624947089427,-0.0540,-8.0262,4.4007,0.0435,1.2328,-0.9649
1624947089437,-0.0492,-7.8180,4.2452,0.1999,1.1522,-0.9905
1624947089446,-0.1114,-7.6434,4.1447,0.3392,1.0618,-1.0076
1624947089456,-0.0684,-7.6218,4.1279,0.4125,0.9738,-1.0211
1624947089465,-0.0109,-7.7343,4.1423,0.3758,0.9115,-1.0223
1624947089476,-0.0612,-7.9353,4.2236,0.2952,0.8577,-1.0235
1624947089486,-0.0253,-8.1315,4.2021,0.2072,0.7844,-1.0223
1624947089496,-0.0396,-8.3110,4.0825,0.1303,0.7050,-1.0296
1624947089506,0.0106,-8.3134,4.0059,0.0411,0.6146,-1.0272
1624947089515,0.0896,-8.4330,3.9030,-0.0249,0.5364,-1.0076
1624947089525,0.1542,-8.6460,3.8719,-0.0383,0.4656,-0.9685
1624947089534,0.1613,-8.9451,3.8839,-0.0029,0.3910,-0.9172
1624947089544,0.1398,-9.3782,3.9604,0.0826,0.3128,-0.8561
1624947089554,0.1470,-9.7419,4.0250,0.1669,0.2334,-0.7743
1624947089563,0.1374,-9.8280,4.1973,0.2085,0.1601,-0.6912
1624947089573,0.0585,-9.8783,4.4223,0.2451,0.1003,-0.6167
1624947089582,0.0321,-9.9213,4.5634,0.2500,0.0490,-0.5250
1624947089592,0.0250,-10.1247,4.6687,0.2365,0.0123,-0.4175
1624947089601,-0.0014,-10.2635,4.7477,0.2036,-0.0243,-0.2966
1624947089611,-0.0133,-10.2611,4.7381,0.1559,-0.0561,-0.1842
1624947089621,-0.1258,-10.1821,4.7429,0.1205,-0.0806,-0.0779
1624947089630,-0.2024,-9.9907,4.7118,0.0728,-0.1086,0.0284
1624947089640,-0.3076,-9.7897,4.6280,0.0056,-0.1319,0.1249
1624947089649,-0.4201,-9.6198,4.5515,-0.0835,-0.1453,0.2153
1624947089659,-0.5517,-9.5313,4.5132,-0.1874,-0.1551,0.3033
1624947089669,-0.6594,-9.4715,4.5012,-0.2717,-0.1697,0.3900
1624947089678,-0.7647,-9.3806,4.4390,-0.3596,-0.1893,0.4719
1624947089688,-0.8771,-9.3255,4.3935,-0.4195,-0.2125,0.5427
1624947089698,-0.9872,-9.2489,4.3648,-0.4622,-0.2381,0.6087
1624947089707,-1.0614,-9.2346,4.2811,-0.5111,-0.2675,0.6796
1624947089717,-1.0973,-9.1867,4.2117,-0.5441,-0.3066,0.7516
1624947089726,-1.1427,-9.1556,4.1638,-0.5514,-0.3505,0.8091
1624947089736,-1.1547,-8.9929,4.0466,-0.5380,-0.4092,0.8543
1624947089744,-1.1164,-8.8302,3.9892,-0.5087,-0.4703,0.8946
1624947089754,-1.1332,-8.7680,3.9365,-0.4745,-0.5326,0.9300
1624947089764,-1.1092,-8.6914,3.9628,-0.4635,-0.5973,0.9667
1624947089773,-1.0877,-8.6077,3.9221,-0.4855,-0.6633,1.0045
1624947089782,-1.0135,-8.4641,3.8934,-0.5270,-0.7256,1.0314
1624947089794,-0.9585,-8.4186,3.8599,-0.5673,-0.7818,1.0436
1624947089803,-0.9609,-8.4234,3.8934,-0.5905,-0.8331,1.0510
1624947089813,-0.9322,-8.3660,3.8863,-0.5893,-0.8893,1.0595
1624947089823,-0.8771,-8.3421,3.8145,-0.5576,-0.9443,1.0620
1624947089832,-0.8269,-8.3038,3.7212,-0.4953,-0.9956,1.0595
1624947089842,-0.7575,-8.1937,3.6757,-0.4183,-1.0457,1.0558
1624947089851,-0.7216,-8.0573,3.7164,-0.3340,-1.0958,1.0412
1624947089861,-0.7168,-7.9353,3.7475,-0.2448,-1.1459,1.0143
1624947089871,-0.6905,-7.7869,3.8049,-0.1886,-1.1935,0.9838
1624947089880,-0.6402,-7.5596,3.8599,-0.1727,-1.2277,0.9508
1624947089890,-0.6355,-7.3012,3.9604,-0.1691,-1.2509,0.8982
1624947089899,-0.6594,-7.1122,4.0801,-0.1837,-1.2681,0.8359
1624947089909,-0.6881,-6.9160,4.1949,-0.2191,-1.2791,0.7700
1624947089918,-0.6905,-6.9136,4.3313,-0.2375,-1.2778,0.6967
1624947089928,-0.7048,-6.9160,4.4151,-0.2448,-1.2656,0.6197
1624947089938,-0.6642,-6.9471,4.4294,-0.2314,-1.2546,0.5330
1624947089948,-0.5661,-7.1241,4.5610,-0.2008,-1.2265,0.4474
1624947089957,-0.5039,-7.2605,4.7644,-0.1544,-1.1850,0.3680
1624947089967,-0.4105,-7.4519,5.0492,-0.1043,-1.1337,0.2935
1624947089977,-0.2765,-7.7654,5.3076,-0.0261,-1.0701,0.2361
1624947089986,-0.1402,-8.0023,5.4990,0.0741,-0.9895,0.1970
1624947089996,-0.0444,-8.1267,5.6833,0.2097,-0.9089,0.1615
1624947090005,-0.0301,-8.1626,5.7718,0.4027,-0.8417,0.1212
1624947090015,0.0561,-8.1483,5.8771,0.5872,-0.7769,0.0968
1624947090024,0.1685,-8.2105,5.9273,0.6825,-0.7048,0.0919
1624947090034,0.3193,-8.2942,6.0374,0.7057,-0.6352,0.0846
1624947090044,0.4963,-8.5502,6.1786,0.6825,-0.5472,0.0760
1624947090053,0.5897,-8.6053,6.4227,0.6287,-0.4581,0.0760
1624947090061,0.5849,-8.6053,6.7146,0.5909,-0.3750,0.0760
1624947090071,0.5562,-8.4904,6.8988,0.5811,-0.3004,0.0760
1624947090080,0.4868,-8.3421,7.0328,0.5750,-0.2211,0.0809
1624947090090,0.3934,-8.2799,7.0807,0.5566,-0.1392,0.0870
1624947090099,0.3887,-8.2200,7.1118,0.5102,-0.0585,0.0919
1624947090111,0.3528,-8.1124,7.1333,0.4442,0.0318,0.0907
1624947090121,0.2403,-7.9114,7.1166,0.3880,0.1210,0.0736
1624947090130,0.1590,-7.6697,7.0424,0.3673,0.1870,0.0406
1624947090140,0.0728,-7.4400,6.9563,0.3208,0.2542,-0.0022
1624947090150,0.0250,-7.3443,6.8797,0.2720,0.3312,-0.0510
1624947090159,0.0656,-7.2055,6.9563,0.2060,0.4240,-0.0999
1624947090168,0.0154,-7.1169,6.9371,0.1425,0.5169,-0.1487
1624947090178,-0.0038,-7.1265,6.9515,0.1522,0.5999,-0.2001
1624947090188,-0.0444,-7.1863,6.9874,0.1828,0.6916,-0.2465
1624947090197,-0.1042,-7.1217,7.0352,0.2195,0.7808,-0.2978
1624947090207,-0.1473,-7.0811,6.8558,0.2585,0.8565,-0.3540
1624947090217,-0.1449,-7.1217,6.7218,0.2756,0.9359,-0.4065
1624947090226,-0.1449,-7.1815,6.5734,0.2646,1.0190,-0.4542
1624947090236,-0.1712,-7.1863,6.4035,0.2488,1.0899,-0.5079
1624947090246,-0.2215,-7.1911,6.2360,0.2573,1.1400,-0.5605
1624947090255,-0.2909,-7.1409,6.1236,0.2842,1.1754,-0.6191
1624947090265,-0.2909,-7.0835,5.9441,0.3013,1.2084,-0.6802
1624947090274,-0.2550,-7.0428,5.7598,0.2964,1.2401,-0.7291
1624947090284,-0.2071,-7.0404,5.6498,0.2842,1.2658,-0.7767
1624947090293,-0.2454,-7.1528,5.4942,0.2915,1.2792,-0.8280
1624947090303,-0.2502,-7.3012,5.2550,0.2989,1.2646,-0.8683
1624947090312,-0.1808,-7.4878,5.0372,0.2866,1.2462,-0.8952
1624947090322,-0.1449,-7.6314,4.9798,0.2830,1.2316,-0.9184
1624947090332,-0.1617,-7.7056,4.9582,0.2695,1.2108,-0.9429
1624947090340,-0.2000,-7.6218,4.9271,0.2842,1.1790,-0.9637
1624947090351,-0.3053,-7.4256,4.8219,0.3318,1.1253,-0.9893
1624947090361,-0.4034,-7.3299,4.7166,0.4198,1.0569,-1.0247
1624947090370,-0.4201,-7.3251,4.5084,0.4821,0.9799,-1.0638
1624947090378,-0.3651,-7.3490,4.4486,0.4858,0.9151,-1.0956
1624947090388,-0.3746,-7.3945,4.4246,0.4174,0.8761,-1.1225
1624947090397,-0.4034,-7.4926,4.4103,0.3245,0.8260,-1.1371
1624947090407,-0.4727,-7.5405,4.3361,0.2402,0.7551,-1.1432
1624947090418,-0.5158,-7.6529,4.2595,0.1926,0.6818,-1.1506
1624947090428,-0.5708,-7.7199,4.2571,0.1779,0.6036,-1.1493
1624947090438,-0.5708,-7.8731,4.2691,0.1791,0.5230,-1.1396
1624947090447,-0.4536,-8.1435,4.3313,0.1791,0.4484,-1.1151
1624947090456,-0.2454,-8.3205,4.4318,0.1498,0.3800,-1.0748
1624947090466,-0.0684,-8.3947,4.4510,0.0985,0.3128,-1.0321
1624947090476,0.0585,-8.5670,4.5491,0.0472,0.2554,-0.9954
1624947090486,0.0417,-8.7800,4.6256,0.0118,0.2090,-0.9551
1624947090495,0.0250,-9.1461,4.6998,0.0020,0.1638,-0.8879
1624947090505,0.0178,-9.4380,4.7381,0.0105,0.1161,-0.8048
1624947090514,0.0656,-9.6103,4.7453,0.0569,0.0648,-0.7193
1624947090524,0.0967,-9.6821,4.8482,0.1535,0.0159,-0.6411
1624947090534,0.1374,-9.8137,5.0157,0.2475,-0.0207,-0.5495
1624947090543,0.1470,-9.8184,5.1138,0.2708,-0.0500,-0.4383
1624947090552,0.1781,-9.7179,5.2095,0.2365,-0.0659,-0.3345
1624947090563,0.0991,-9.6103,5.2932,0.1791,-0.0671,-0.2465
1624947090572,0.0609,-9.4667,5.2956,0.0814,-0.0757,-0.1500
1624947090582,-0.0277,-9.3542,5.2645,-0.0237,-0.0757,-0.0571
1624947090591,-0.1210,-9.4930,5.2789,-0.0860,-0.0683,0.0333
1624947090601,-0.1186,-9.6462,5.2669,-0.1507,-0.0720,0.1420
1624947090611,-0.2000,-9.6222,5.2119,-0.2008,-0.0781,0.2458
1624947090620,-0.2981,-9.4691,5.2454,-0.1923,-0.0879,0.3301
1624947090630,-0.4440,-9.2466,5.1832,-0.1629,-0.1111,0.4071
1624947090639,-0.5134,-9.0862,5.2119,-0.1483,-0.1282,0.4877
1624947090649,-0.5876,-8.9881,5.3028,-0.1654,-0.1306,0.5635
1624947090659,-0.6690,-8.8135,5.3196,-0.2179,-0.1245,0.6148
1624947090668,-0.7766,-8.7225,5.1951,-0.2472,-0.1367,0.6612
1624947090678,-0.8508,-8.6842,5.1042,-0.2607,-0.1612,0.7284
1624947090688,-0.9370,-8.6316,5.0659,-0.2485,-0.1844,0.7932
1624947090696,-1.0063,-8.5144,5.0157,-0.2277,-0.2149,0.8506
1624947090705,-1.0183,-8.4474,5.0013,-0.2167,-0.2516,0.9141
1624947090715,-1.0040,-8.4617,4.9893,-0.2106,-0.2858,0.9752
1624947090724,-0.9681,-8.4282,4.9606,-0.2069,-0.3249,1.0290
1624947090734,-0.9393,-8.2870,4.9487,-0.2106,-0.3713,1.0644
1624947090743,-0.9776,-8.1147,4.9176,-0.2045,-0.4214,1.0840
1624947090755,-0.9441,-8.0214,4.9582,-0.1959,-0.4690,1.1035
1624947090764,-0.9465,-7.9616,4.8649,-0.2020,-0.5179,1.1169
1624947090774,-0.9393,-7.8707,4.8075,-0.1959,-0.5717,1.1194
1624947090784,-0.9968,-7.8204,4.6615,-0.1923,-0.6376,1.1267
1624947090793,-0.9729,-7.8133,4.5036,-0.2069,-0.7000,1.1353
1624947090803,-0.9752,-7.8492,4.4462,-0.2436,-0.7561,1.1377
1624947090812,-0.9370,-7.9233,4.4940,-0.2937,-0.8099,1.1377
1624947090822,-0.8389,-7.8635,4.5921,-0.3340,-0.8673,1.1218
1624947090830,-0.7575,-7.7080,4.8027,-0.3401,-0.9077,1.0913
1624947090841,-0.7479,-7.4711,4.8171,-0.3193,-0.9406,1.0558
1624947090851,-0.7838,-7.2701,4.8003,-0.2729,-0.9748,1.0351
1624947090859,-0.8173,-7.1863,4.6687,-0.1947,-1.0201,1.0155
1624947090870,-0.7647,-7.0212,4.6376,-0.1287,-1.0604,0.9630
1624947090880,-0.7814,-6.8681,4.6615,-0.1116,-1.0775,0.8970
1624947090889,-0.6977,-6.8920,4.7214,-0.1006,-1.0982,0.8384
1624947090899,-0.5278,-6.8824,5.0228,-0.1238,-1.0848,0.7663
1624947090908,-0.6642,-7.0188,5.1018,-0.1214,-1.0726,0.7089
1624947090917,-0.5613,-7.1098,5.2215,-0.0762,-1.0995,0.6563
1624947090928,-0.6259,-6.9255,5.3196,-0.0237,-1.1031,0.5806
1624947090935,-0.5230,-6.8466,5.3961,0.0337,-1.0909,0.5122
1624947090945,-0.4345,-6.8298,5.4871,0.0887,-1.0689,0.4621
1624947090955,-0.3459,-6.8633,5.4823,0.1413,-1.0457,0.4059
1624947090966,-0.1976,-7.0547,5.5804,0.2146,-1.0115,0.3399
1624947090976,-0.1378,-7.2725,5.8268,0.3160,-0.9700,0.2898
1624947090985,-0.0827,-7.3682,6.0542,0.4125,-0.9370,0.2617
1624947090995,-0.0755,-7.2988,6.1882,0.4833,-0.9089,0.2287
1624947091005,0.0417,-7.2533,6.4705,0.5188,-0.8661,0.1811
1624947091012,-0.0014,-7.0954,6.7313,0.4699,-0.7940,0.1310
1624947091022,0.0489,-6.9853,6.8605,0.3722,-0.7195,0.0773
1624947091032,0.0609,-7.0547,6.8869,0.2744,-0.6389,0.0357
1624947091041,0.0776,-7.2294,6.9682,0.1864,-0.5509,-0.0107
1624947091051,0.0752,-7.3251,7.0328,0.1278,-0.4690,-0.0620
1624947091062,0.1159,-7.3802,6.9132,0.0741,-0.4043,-0.1048
1624947091072,0.2020,-7.5692,6.8510,0.0264,-0.3334,-0.1182
1624947091081,0.2427,-7.7534,6.8988,0.0056,-0.2687,-0.1158
1624947091090,0.2906,-7.8013,6.9419,-0.0078,-0.2137,-0.1243
1624947091101,0.3336,-7.7989,6.9060,-0.0261,-0.1685,-0.1268
1624947091110,0.4078,-7.9257,6.9730,-0.0200,-0.1123,-0.1207
1624947091120,0.4916,-8.0190,7.2075,-0.0054,-0.0427,-0.1121
1624947091129,0.5107,-8.0358,7.5018,0.0008,0.0355,-0.0987
1624947091139,0.5203,-7.9425,7.6908,0.0179,0.1149,-0.0779
1624947091148,0.5059,-7.8085,7.7435,0.0399,0.1980,-0.0620
1624947091158,0.4198,-7.7128,7.6765,0.0496,0.2896,-0.0535
1624947091167,0.3456,-7.6290,7.4970,-0.0041,0.3764,-0.0498
1624947091178,0.2236,-7.5668,7.4516,-0.0799,0.4704,-0.0583
1624947091186,0.1039,-7.4184,7.1979,-0.1495,0.5437,-0.0901
1624947091197,0.0800,-7.3012,7.1070,-0.1678,0.6207,-0.1353
1624947091206,-0.0875,-7.2079,7.1333,-0.1691,0.7123,-0.1878
1624947091216,-0.1689,-7.1361,7.0448,-0.1959,0.8003,-0.2294
1624947091226,-0.1689,-7.1265,6.9084,-0.2411,0.8883,-0.2526
1624947091234,-0.3029,-7.2246,6.9921,-0.2350,0.9848,-0.2758
1624947091245,-0.3555,-7.1696,6.8893,-0.2143,1.0459,-0.3100
1624947091254,-0.3962,-7.0667,6.7218,-0.1825,1.1033,-0.3540
1624947091264,-0.3651,-7.0475,6.4346,-0.1581,1.1558,-0.3968
1624947091273,-0.3100,-7.2079,6.2169,-0.1544,1.2145,-0.4383
1624947091283,-0.3076,-7.1815,5.9895,-0.1568,1.2572,-0.4811
1624947091293,-0.4751,-7.0787,5.8747,-0.1141,1.2853,-0.5275
1624947091302,-0.4632,-7.0045,5.6665,-0.0689,1.2780,-0.5788
1624947091312,-0.3363,-6.8920,5.4727,-0.0957,1.2878,-0.6277
1624947091322,-0.2598,-6.8059,5.5134,-0.1776,1.3110,-0.6717
1624947091330,-0.2119,-6.8561,5.4918,-0.2350,1.3318,-0.7083
1624947091339,-0.2550,-7.1169,5.5277,-0.2204,1.3464,-0.7340
1624947091348,-0.4440,-7.2390,5.1449,-0.1263,1.3208,-0.7560
1624947091358,-0.4440,-7.4663,4.7166,0.0386,1.2536,-0.7828
1624947091371,-0.4775,-7.5644,4.4055,0.1864,1.1790,-0.8134
1624947091379,-0.4871,-7.5165,4.2117,0.2561,1.0960,-0.8513
1624947091389,-0.5374,-7.4902,4.1303,0.2708,1.0178,-0.8818
1624947091398,-0.5493,-7.6625,4.0944,0.2610,0.9298,-0.9062
1624947091408,-0.5565,-7.9377,4.0705,0.2805,0.8479,-0.9123
1624947091418,-0.5708,-8.1195,4.0681,0.3282,0.7636,-0.9087
1624947091427,-0.6594,-8.0382,4.0298,0.4235,0.6671,-0.9123
1624947091437,-0.6355,-7.7654,3.9126,0.5273,0.5560,-0.9258
1624947091447,-0.6259,-7.4854,3.8815,0.6238,0.4558,-0.9392
1624947091456,-0.6091,-7.3778,3.8958,0.6861,0.3654,-0.9502
1624947091466,-0.5493,-7.4328,3.9461,0.7228,0.2750,-0.9661
1624947091475,-0.5110,-7.7487,4.0944,0.7167,0.1955,-0.9661
1624947091485,-0.4201,-8.0023,4.2906,0.6690,0.1186,-0.9441
1624947091495,-0.3172,-8.3780,4.5610,0.6043,0.0575,-0.9111
1624947091504,-0.2741,-8.6795,4.7788,0.5395,-0.0048,-0.8696
1624947091513,-0.1832,-8.8781,4.8984,0.4528,-0.0659,-0.8158
1624947091523,-0.1425,-9.1245,4.9965,0.3624,-0.1074,-0.7560
1624947091533,-0.1473,-9.2370,5.0205,0.2598,-0.1416,-0.6802
1624947091543,-0.1330,-9.3518,5.0564,0.1645,-0.1636,-0.5959
1624947091552,-0.1880,-9.5217,5.1234,0.1193,-0.1844,-0.4994
1624947091562,-0.1330,-9.7969,5.2358,0.0948,-0.1991,-0.3797
1624947091570,-0.2167,-10.1630,5.4512,0.0887,-0.1954,-0.2551
1624947091581,-0.3124,-10.3233,5.5636,0.0936,-0.2039,-0.1243
1624947091591,-0.4321,-10.2157,5.5947,0.1022,-0.2186,-0.0107
1624947091600,-0.5828,-9.9812,5.6378,0.1217,-0.2186,0.0992
1624947091610,-0.7192,-9.6653,5.6952,0.1254,-0.2101,0.2104
1624947091619,-0.8269,-9.3279,5.7120,0.0997,-0.1917,0.3155
1624947091629,-0.8867,-9.0264,5.6904,0.0569,-0.1673,0.4169
1624947091639,-1.0087,-8.7680,5.6498,0.0105,-0.1355,0.5085
1624947091648,-1.1882,-8.5431,5.7168,-0.0273,-0.1147,0.5855
1624947091656,-1.4371,-8.3756,5.7335,-0.0396,-0.1111,0.6380
1624947091665,-1.5687,-8.3612,5.5397,-0.0420,-0.1416,0.6844
1624947091675,-1.5711,-8.4880,5.2980,-0.0579,-0.1661,0.7443
1624947091685,-1.5734,-8.5526,5.1377,-0.0982,-0.1880,0.8201
1624947091695,-1.4945,-8.5933,5.1114,-0.1458,-0.2186,0.8897
1624947091706,-1.3725,-8.5215,5.1377,-0.1715,-0.2516,0.9410
1624947091716,-1.2839,-8.3875,5.1162,-0.1801,-0.2907,0.9825
1624947091725,-1.1786,-8.2511,5.0659,-0.1458,-0.3481,1.0229
1624947091734,-1.1236,-8.0382,4.9391,-0.0847,-0.4190,1.0534
1624947091744,-1.0781,-7.7893,4.8458,-0.0481,-0.4947,1.0730
1624947091754,-1.0255,-7.5620,4.7907,-0.0249,-0.5680,1.0852
1624947091764,-0.9346,-7.3658,4.8195,-0.0530,-0.6303,1.0840
1624947091773,-0.8365,-7.2868,4.8410,-0.1177,-0.6816,1.0803
1624947091783,-0.6905,-7.2055,4.7955,-0.2020,-0.7391,1.0632
1624947091792,-0.7144,-7.1744,4.8577,-0.2790,-0.7855,1.0375
1624947091802,-0.7336,-7.3323,4.8219,-0.3157,-0.8576,1.0265
1624947091811,-0.6953,-7.2390,4.8242,-0.3853,-0.9235,1.0082
1624947091820,-0.6833,-7.0811,4.9080,-0.4806,-0.9638,0.9752
1624947091831,-0.5661,-7.0188,5.1425,-0.5478,-0.9980,0.9435
1624947091840,-0.6618,-6.9423,4.9654,-0.5832,-1.0420,0.8982
1624947091849,-0.5732,-6.9279,4.9941,-0.5844,-1.0872,0.8347
1624947091860,-0.5637,-6.8537,4.9965,-0.5661,-1.1178,0.7785
1624947091869,-0.4799,-6.8418,4.9654,-0.5392,-1.1471,0.7272
1624947091879,-0.4177,-6.8968,5.0181,-0.4989,-1.1642,0.6698
1624947091888,-0.4225,-6.9710,5.2119,-0.3999,-1.1703,0.6111
1624947091898,-0.3962,-7.0021,5.4105,-0.2631,-1.1789,0.5623
1624947091908,-0.3292,-6.9949,5.6689,-0.0945,-1.1716,0.5171
1624947091917,-0.2694,-7.0093,5.8221,0.0582,-1.1532,0.4609
1624947091926,-0.1066,-7.0499,5.9465,0.1425,-1.1215,0.4169
1624947091936,-0.0301,-7.0452,6.0398,0.1571,-1.0714,0.3754
1624947091946,0.0010,-6.9423,6.1044,0.1425,-1.0176,0.3167
1624947091956,0.0417,-7.0236,6.1882,0.1364,-0.9663,0.2581
1624947091965,0.0417,-7.2916,6.3437,0.1608,-0.9101,0.2165
1624947091973,0.0393,-7.3897,6.4083,0.1840,-0.8637,0.1750
1624947091983,0.0824,-7.2557,6.3987,0.1742,-0.8295,0.1212
1624947091992,0.1590,-7.1720,6.5327,0.1498,-0.7855,0.0638
1624947092002,0.2044,-7.2103,6.7050,0.0936,-0.7219,0.0113
1624947092012,0.2427,-7.3634,6.8749,0.0166,-0.6474,-0.0144
1624947092022,0.2930,-7.5955,7.0089,-0.0334,-0.5839,-0.0156
1624947092033,0.2427,-7.7558,7.0687,-0.0163,-0.5228,-0.0315
1624947092042,0.2977,-7.8563,7.1237,0.0411,-0.4630,-0.0461
1624947092052,0.3743,-7.8970,7.1166,0.1022,-0.4067,-0.0437
1624947092061,0.4557,-7.9042,7.1429,0.1767,-0.3505,-0.0412
1624947092071,0.4796,-7.7080,7.1644,0.2170,-0.2919,-0.0498
1624947092080,0.4844,-7.5261,7.1979,0.2341,-0.2320,-0.0645
1624947092090,0.5131,-7.5788,7.2027,0.2329,-0.1734,-0.0571
1624947092100,0.5968,-7.7654,7.2242,0.1962,-0.0989,-0.0388
1624947092109,0.6232,-7.8779,7.3367,0.1449,-0.0341,-0.0254
1624947092119,0.5968,-7.8922,7.4037,0.1046,0.0282,-0.0205
1624947092128,0.5418,-7.8109,7.4707,0.0472,0.0966,-0.0180
1624947092138,0.5059,-7.7845,7.4420,-0.0054,0.1650,-0.0046
1624947092147,0.4317,-7.8970,7.4731,-0.0383,0.2408,0.0137
1624947092157,0.3432,-8.0262,7.4229,-0.0420,0.3116,0.0296
1624947092167,0.2595,-8.0047,7.3535,-0.0285,0.3715,0.0418
1624947092177,0.2020,-7.8779,7.2817,0.0142,0.4314,0.0467
1624947092186,0.1494,-7.7750,7.2410,0.0606,0.4912,0.0479
1624947092196,0.1063,-7.5740,7.1812,0.0863,0.5511,0.0357
1624947092205,0.0441,-7.4591,7.0926,0.0875,0.6158,0.0247
1624947092215,0.0226,-7.5381,7.0998,0.0887,0.6806,0.0284
1624947092224,-0.0038,-7.6099,7.1046,0.0765,0.7490,0.0272
1624947092234,-0.0085,-7.6529,7.1429,0.0582,0.8174,0.0174
1624947092244,-0.0660,-7.7319,7.0544,0.0521,0.8822,0.0210
1624947092253,-0.1258,-7.7654,6.9945,0.0753,0.9494,0.0247
1624947092263,-0.2215,-7.6601,6.8964,0.1107,1.0104,0.0174
1624947092273,-0.3172,-7.5094,6.7457,0.1535,1.0630,0.0076
1624947092282,-0.3938,-7.3251,6.5662,0.1791,1.1069,-0.0058
1624947092290,-0.4464,-7.1815,6.4179,0.1852,1.1509,-0.0351
1624947092300,-0.5206,-7.0619,6.3054,0.1571,1.1986,-0.0742
1624947092309,-0.5972,-7.0188,6.1666,0.1217,1.2426,-0.1072
1624947092319,-0.6642,-6.9542,6.0111,0.0851,1.2743,-0.1402
1624947092330,-0.7240,-6.8250,5.8460,0.0606,1.2975,-0.1915
1624947092340,-0.7599,-6.7293,5.6067,0.0374,1.3085,-0.2526
1624947092349,-0.7551,-6.7054,5.4177,0.0020,1.3220,-0.3125
1624947092359,-0.7982,-6.7197,5.3196,-0.0506,1.3366,-0.3723
1624947092369,-0.8867,-6.7221,5.1521,-0.0884,1.3415,-0.4383
1624947092378,-0.9322,-6.6815,5.0372,-0.1129,1.3415,-0.5018
1624947092388,-1.0231,-6.6743,4.9846,-0.1336,1.3415,-0.5568
1624947092398,-1.0733,-6.5116,4.8601,-0.1300,1.3256,-0.6130
1624947092407,-1.1356,-6.3560,4.7644,-0.1177,1.3085,-0.6765
1624947092416,-1.1834,-6.2388,4.6591,-0.1153,1.2829,-0.7511
1624947092427,-1.3437,-6.2292,4.5969,-0.1202,1.2316,-0.8244
1624947092436,-1.2863,-6.1646,4.1806,-0.1336,1.1302,-0.8940
1624947092446,-1.2648,-6.2005,4.0896,-0.1385,1.0581,-0.9588
1624947092454,-1.2528,-6.3130,3.7068,-0.1605,0.9640,-1.0308
1624947092511,-0.8484,-6.8346,3.6589,-0.1984,0.9359,-1.0956
1624947092512,-0.9537,-7.2605,3.9389,-0.2240,0.9494,-1.1298
1624947092513,-1.0638,-7.2701,4.2547,-0.2338,0.9066,-1.1506
1624947092514,-1.2408,-7.0930,4.3505,-0.2094,0.8235,-1.2080
1624947092514,-1.2959,-7.1792,4.3935,-0.1898,0.7429,-1.2605
1624947092515,-1.1978,-7.3012,4.0490,-0.2020,0.6439,-1.2752
1624947092522,-0.9322,-7.4472,4.0035,-0.2020,0.5828,-1.2935
1624947092530,-0.9465,-7.5477,4.1279,-0.1849,0.5535,-1.3289
1624947092542,-0.8699,-7.6864,4.0896,-0.2240,0.5010,-1.3424
1624947092551,-0.6977,-7.9520,3.9604,-0.2802,0.4509,-1.3265
1624947092561,-0.5756,-8.4258,3.7738,-0.3230,0.4057,-1.2850
1624947092570,-0.4249,-8.8924,3.8432,-0.2949,0.3519,-1.2373
1624947092580,-0.3794,-9.3375,4.1016,-0.2167,0.3080,-1.1762
1624947092590,-0.2957,-9.5600,4.2141,-0.1141,0.2383,-1.1066
1624947092599,-0.1569,-9.7036,4.4246,-0.0029,0.1845,-1.0431
1624947092607,-0.1784,-9.7036,4.5443,0.1046,0.1369,-0.9747
1624947092616,-0.1641,-9.6127,4.5969,0.1706,0.0868,-0.9038
1624947092626,-0.1593,-9.5480,4.5778,0.1864,0.0465,-0.8244
1624947092636,-0.0827,-9.5217,4.6879,0.1522,0.0269,-0.7450
1624947092650,-0.1019,-9.4428,4.7261,0.0936,0.0111,-0.6668
1624947092657,-0.1449,-9.4332,4.8721,0.0350,-0.0011,-0.5922
1624947092667,-0.2789,-9.4045,5.0013,-0.0041,-0.0121,-0.5189
1624947092676,-0.3555,-9.3255,4.9223,-0.0188,-0.0317,-0.4554
1624947092686,-0.3507,-9.2250,4.9678,-0.0347,-0.0463,-0.3980
1624947092695,-0.3914,-9.0743,4.9702,-0.0432,-0.0500,-0.3503
1624947092705,-0.3699,-9.0408,5.0300,-0.0481,-0.0439,-0.3064
1624947092714,-0.3651,-9.0575,5.0994,-0.0310,-0.0402,-0.2563
1624947092724,-0.3531,-8.9594,5.1329,-0.0017,-0.0427,-0.2184
1624947092732,-0.3244,-8.7536,5.1856,0.0264,-0.0475,-0.1891
1624947092744,-0.2933,-8.6388,5.2215,0.0643,-0.0451,-0.1561
1624947092753,-0.2574,-8.5024,5.2741,0.0826,-0.0378,-0.1280
1624947092763,-0.2550,-8.4474,5.3004,0.0753,-0.0256,-0.1097
1624947092773,-0.0420,-8.2751,5.1138,0.0741,-0.0243,-0.0889
1624947092782,0.1805,-9.0982,5.7431,0.0924,0.0318,-0.0400
1624947092792,-0.3699,-9.6844,5.8867,0.0337,0.0893,0.0687
1624947092801,-0.4201,-8.7800,5.4966,-0.0298,0.0404,0.0809
1624947092811,-0.3340,-8.2487,5.4416,0.1608,0.0184,0.0040
1624947092820,-0.1784,-8.2320,5.4559,0.2512,0.0477,0.0333
1624947092829,-0.0014,-8.2200,5.5158,0.1571,0.0770,0.1151
1624947092840,0.1207,-8.4258,5.5876,0.0936,0.1174,0.1115
1624947092849,0.2092,-8.8135,5.6737,0.0533,0.1552,0.1188
1624947092859,0.3576,-9.2585,5.6522,0.0191,0.1895,0.1970
1624947092868,0.4198,-9.4978,5.6115,0.0863,0.2065,0.2801
1624947092878,0.3863,-9.2633,5.6306,0.2231,0.1845,0.3289
1624947092888,0.2642,-8.8374,5.6139,0.3709,0.1589,0.3546
1624947092897,0.1063,-8.5335,5.6617,0.4711,0.1418,0.3937
1624947092907,0.0010,-8.5311,5.7407,0.4662,0.1528,0.4462
1624947092916,-0.0923,-8.5191,5.7909,0.4039,0.1687,0.4951
1624947092924,-0.1617,-8.4378,5.8053,0.3465,0.1833,0.5232
1624947092934,-0.2502,-8.3373,5.8388,0.3233,0.1955,0.5366
1624947092944,-0.3483,-8.1722,5.8436,0.3343,0.2053,0.5549
1624947092953,-0.4129,-8.0454,5.8819,0.3685,0.2151,0.5769
1624947092963,-0.4871,-8.0310,5.9680,0.4418,0.2346,0.5916
1624947092974,-0.5852,-8.1937,5.9991,0.5591,0.2420,0.6099
1624947092984,-0.6666,-8.2535,5.9034,0.6947,0.2273,0.6490
1624947092993,-0.6450,-8.1363,5.8125,0.8205,0.1907,0.6930
1624947093003,-0.6474,-7.9712,5.8125,0.9378,0.1626,0.7113
1624947093013,-0.7072,-7.7893,5.8508,1.0184,0.1345,0.7260
1624947093022,-0.7240,-7.6003,5.8603,1.0319,0.1076,0.7455
1624947093032,-0.7455,-7.4830,6.0159,1.0099,0.1027,0.7602
1624947093041,-0.7790,-7.4400,6.1379,1.0050,0.1076,0.7761
1624947093051,-0.8293,-7.4424,6.2575,1.0331,0.1051,0.7981
1624947093061,-0.9035,-7.4878,6.3437,1.1052,0.0917,0.8164
1624947093070,-1.0135,-7.5405,6.4059,1.2152,0.0856,0.8237
1624947093080,-1.0829,-7.4424,6.4920,1.3092,0.0783,0.8298
1624947093089,-1.1786,-7.2103,6.5184,1.3544,0.0660,0.8323
1624947093099,-1.2074,-6.9040,6.4442,1.3618,0.0526,0.8262
1624947093108,-1.2432,-6.6815,6.4274,1.3214,0.0502,0.8152
1624947093118,-1.2648,-6.6503,6.4609,1.2518,0.0599,0.8029
1624947093128,-1.3126,-6.5738,6.4585,1.1932,0.0563,0.7956
1624947093138,-1.3055,-6.6432,6.5160,1.1638,0.0428,0.7993
1624947093147,-1.3509,-6.5044,6.6021,1.1431,0.0269,0.7944
1624947093156,-1.3772,-6.3608,6.6859,1.1541,0.0135,0.7724
1624947093166,-1.4035,-6.2292,6.7911,1.1431,0.0111,0.7529
1624947093176,-1.4729,-6.0689,6.9036,1.1137,0.0086,0.7333
1624947093186,-1.5352,-5.8464,7.0041,1.0685,0.0099,0.7016
1624947093195,-1.5998,-5.5449,7.1333,1.0001,0.0147,0.6625
1624947093205,-1.6692,-5.3726,7.1405,0.9085,0.0306,0.6270
1624947093214,-1.6835,-5.2505,7.2027,0.8095,0.0428,0.5916
1624947093224,-1.7481,-5.2912,7.2554,0.7106,0.0612,0.5513
1624947093233,-1.7816,-5.2793,7.2434,0.6263,0.0734,0.5171
1624947093241,-1.8343,-5.2146,7.2338,0.5664,0.0795,0.4865
1624947093251,-1.8702,-5.1453,7.2625,0.5322,0.0880,0.4438
1624947093261,-1.8869,-5.1548,7.3343,0.5114,0.0966,0.4059
1624947093270,-1.8989,-5.1022,7.3702,0.4809,0.1015,0.3790
1624947093280,-1.9419,-4.9586,7.3367,0.4516,0.1039,0.3448
1624947093291,-1.9419,-4.8438,7.3271,0.4210,0.1027,0.2996
1624947093301,-1.9515,-4.8892,7.3319,0.3770,0.1051,0.2569
1624947093310,-1.9539,-4.9730,7.4109,0.3111,0.1113,0.2275
1624947093320,-2.0065,-5.0113,7.4420,0.2463,0.1125,0.2043
1624947093330,-2.0544,-5.0232,7.4731,0.2133,0.1076,0.1848
1624947093339,-2.0735,-5.0471,7.4827,0.1877,0.0990,0.1664
1624947093349,-2.0472,-5.0256,7.4085,0.1657,0.0893,0.1505
1624947093358,-2.0377,-4.9730,7.4181,0.1351,0.0795,0.1298
1624947093368,-2.0544,-4.9467,7.4420,0.0887,0.0697,0.1066
1624947093378,-2.0735,-4.9443,7.4970,0.0081,0.0587,0.0895
1624947093387,-2.0879,-4.9993,7.5473,-0.0762,0.0502,0.0699
1624947093397,-2.1023,-5.0902,7.5449,-0.1727,0.0441,0.0516
1624947093406,-2.0855,-5.2482,7.5210,-0.2485,0.0379,0.0382
1624947093416,-2.0735,-5.4922,7.5449,-0.2741,0.0392,0.0296
1624947093426,-2.0712,-5.6430,7.5569,-0.2717,0.0404,0.0296
1624947093435,-2.0664,-5.7650,7.5186,-0.2338,0.0331,0.0479
1624947093445,-2.0807,-5.8392,7.5401,-0.1434,0.0331,0.0601
1624947093454,-2.0999,-5.8440,7.5616,-0.0457,0.0282,0.0699
1624947093463,-2.0927,-5.7626,7.5569,0.0411,0.0221,0.0821
1624947093474,-2.0903,-5.5736,7.5640,0.0936,0.0233,0.0895
1624947093483,-2.1070,-5.4396,7.5927,0.0997,0.0331,0.0882
1624947093493,-2.1238,-5.3798,7.6047,0.0545,0.0514,0.0821
1624947093502,-2.1382,-5.3510,7.5210,-0.0115,0.0636,0.0785
1624947093512,-2.1238,-5.3175,7.4300,-0.0970,0.0709,0.0675
1624947093521,-2.1166,-5.3319,7.3822,-0.1715,0.0831,0.0491
1624947093531,-2.1525,-5.3965,7.3798,-0.2228,0.0978,0.0345
1624947093541,-2.2267,-5.4515,7.3941,-0.2656,0.1051,0.0272
1624947093551,-2.2937,-5.5999,7.4181,-0.2863,0.1125,0.0308
1624947093559,-2.3200,-5.7100,7.4276,-0.2876,0.1161,0.0418
1624947093568,-2.3798,-5.7243,7.4252,-0.2900,0.1186,0.0540
1624947093578,-2.4181,-5.6932,7.4061,-0.2766,0.1149,0.0516
1624947093587,-2.4564,-5.5831,7.4061,-0.2668,0.1125,0.0382
1624947093599,-2.4516,-5.4779,7.3415,-0.2668,0.1161,0.0259
1624947093608,-2.4301,-5.4444,7.2912,-0.2766,0.1235,0.0162
1624947093618,-2.4229,-5.4994,7.2601,-0.2888,0.1296,0.0052
1624947093627,-2.4397,-5.5688,7.2362,-0.3120,0.1345,-0.0046
1624947093637,-2.4564,-5.6621,7.2578,-0.3193,0.1345,-0.0022
1624947093647,-2.4660,-5.6956,7.2530,-0.3193,0.1357,0.0015
1624947093656,-2.5019,-5.7961,7.2649,-0.3071,0.1332,0.0101
1624947093666,-2.5401,-5.9205,7.3032,-0.2839,0.1210,0.0210
1624947093676,-2.5497,-5.9205,7.3319,-0.2594,0.1125,0.0296
1624947093686,-2.5784,-5.9397,7.3822,-0.2424,0.1039,0.0394
1624947093694,-2.6095,-5.9086,7.3774,-0.2167,0.0929,0.0479
1624947093704,-2.6454,-5.8511,7.3702,-0.2155,0.0856,0.0565
1624947093713,-2.6957,-5.8057,7.3582,-0.2240,0.0807,0.0614
1624947093724,-2.7196,-5.7746,7.2841,-0.2228,0.0746,0.0687
1624947093733,-2.7148,-5.8416,7.2578,-0.1947,0.0709,0.0773
1624947093743,-2.7124,-5.9277,7.2769,-0.1666,0.0636,0.0870
1624947093752,-2.7316,-5.9229,7.2769,-0.1165,0.0526,0.0956
1624947093762,-2.7220,-5.8703,7.2530,-0.0518,0.0392,0.1017
1624947093772,-2.6765,-5.8176,7.2362,0.0008,0.0306,0.1029
1624947093781,-2.6406,-5.7794,7.2290,0.0240,0.0269,0.1029
1624947093791,-2.6071,-5.7411,7.2266,0.0337,0.0269,0.1005
1624947093800,-2.3631,-5.8655,7.2554,0.0130,0.0245,0.0895
1624947093810,-2.5090,-5.4922,7.1860,-0.0005,0.0001,-0.0107
1624947093819,-2.5306,-5.5736,7.3750,0.0008,-0.0134,-0.0474
1624947093829,-2.1621,-5.3319,7.4994,-0.0909,-0.0512,-0.1011
1624947093838,-2.5019,-5.8870,7.1668,-0.1861,-0.0573,-0.1781
1624947093849,-2.7914,-6.7197,7.4420,-0.1422,0.0343,0.0040
1624947093858,-2.3487,-6.2771,7.1812,0.0227,-0.0243,0.0137
1624947093868,-2.2434,-5.4372,7.0974,0.0838,-0.0427,-0.0962
1624947093876,-2.4851,-5.4850,7.0567,0.1156,-0.0280,-0.0559
1624947093885,-2.4971,-5.6382,7.0831,0.0826,0.0123,0.0308
1624947093894,-2.3463,-5.5497,7.1285,0.0081,0.0551,0.0418
1624947093904,-2.3368,-5.6047,7.2195,-0.1006,0.0941,0.0467
1624947093918,-2.4133,-5.9110,7.2242,-0.1825,0.1113,0.0491
1624947093926,-2.5138,-6.1814,7.2266,-0.1849,0.1235,0.0516
1624947093935,-2.4277,-6.1263,7.1549,-0.1153,0.1113,0.0553
1624947093944,-2.3918,-5.8942,7.0855,-0.0285,0.0844,0.0430
1624947093954,-2.4540,-5.7674,7.0233,0.0276,0.0697,0.0382
1624947093964,-2.4779,-5.7482,7.0113,0.0337,0.0734,0.0345
1624947093973,-2.4731,-5.7985,7.0974,0.0179,0.0783,0.0296
1624947093983,-2.4923,-5.7650,7.0998,-0.0005,0.0734,0.0296
1624947093993,-2.5760,-5.8846,7.0926,0.0081,0.0660,0.0418
1624947094002,-2.5330,-5.9492,7.1094,0.0056,0.0660,0.0577
1624947094012,-2.5665,-5.9421,7.0855,-0.0041,0.0648,0.0565
1624947094022,-2.5952,-5.9780,7.1190,0.0105,0.0660,0.0626
1624947094031,-2.5617,-6.0521,7.1261,0.0313,0.0587,0.0663
1624947094041,-2.5856,-6.0378,7.0831,0.0728,0.0441,0.0626
1624947094050,-2.6048,-5.9588,7.1046,0.1058,0.0331,0.0528
1624947094060,-2.5952,-5.9157,7.1166,0.1107,0.0269,0.0406
1624947094070,-2.5713,-5.8583,7.0926,0.0899,0.0233,0.0284
1624947094079,-2.6024,-5.6669,7.0591,0.0435,0.0233,0.0076
1624947094089,-2.6191,-5.5975,7.0376,-0.0750,0.0416,0.0223
1624947094098,-2.6622,-5.7195,7.0113,-0.1532,0.0575,0.0198
1624947094108,-2.6933,-5.8176,7.0352,-0.1947,0.0660,0.0174
1624947094118,-2.7076,-5.9756,7.0472,-0.2008,0.0722,0.0357
1624947094127,-2.7794,-6.0880,7.0424,-0.1788,0.0697,0.0528
1624947094137,-2.7842,-6.1167,7.0400,-0.1458,0.0697,0.0589
1624947094146,-2.7459,-6.0785,6.9874,-0.1116,0.0624,0.0528
1624947094156,-2.7340,-6.0091,6.9945,-0.0847,0.0502,0.0430
1624947094166,-2.7483,-5.9469,6.9610,-0.0750,0.0441,0.0394
1624947094175,-2.7722,-5.9277,6.9227,-0.0774,0.0428,0.0333
1624947094185,-2.8010,-5.8990,6.9347,-0.0750,0.0428,0.0333
1624947094193,-2.8058,-5.9253,6.9371,-0.0615,0.0465,0.0418
1624947094202,-2.8058,-5.9660,6.9706,-0.0432,0.0428,0.0333
1624947094212,-2.8058,-6.0426,7.0113,-0.0371,0.0416,0.0272
1624947094221,-2.8512,-6.0115,7.0233,-0.0347,0.0428,0.0259
1624947094236,-2.7507,-5.8775,6.3676,-0.0200,0.0490,0.0296
1624947094242,-3.2293,-7.2629,8.3393,0.0985,0.1406,0.0430
1624947094252,-2.8847,-5.2984,6.2504,0.3098,-0.0243,0.0259
1624947094261,-2.4038,-5.3104,7.2099,0.1266,-0.0415,0.0748
1624947094275,-3.3035,-6.0067,7.3774,-0.0285,0.0099,0.0418
1624947094279,-2.8536,-6.3034,7.1908,-0.1006,0.0123,0.0540
1624947094294,-2.6765,-5.9995,7.0974,-0.0738,0.0221,0.0284
1624947094298,-2.9206,-5.7841,7.0567,-0.0493,0.0147,0.0357
1624947094309,-2.9828,-5.8942,7.0352,-0.0298,0.0099,0.0638
1624947094317,-2.8273,-5.9995,6.9921,-0.0127,0.0208,0.0418
1624947094328,-2.7555,-5.8535,7.0304,0.0105,0.0294,0.0272
