1623960613942,-0.0325,0.7818,9.8683,0.0145,-0.0127,0.0054
1623960613943,0.0824,0.8799,9.9353,0.0511,-0.0188,0.0066
1623960613944,0.1925,0.8559,10.0143,0.0535,-0.0017,-0.0093
1623960613945,0.3217,0.6956,10.1052,0.0340,0.0154,-0.0179
1623960613946,0.2451,0.9325,10.0717,0.0157,0.0374,-0.0264
1623960613947,0.0513,0.8105,10.1028,-0.0185,0.0533,-0.0851
1623960613948,0.0297,0.6884,10.0310,-0.0405,0.0814,-0.1107
1623960613949,0.1135,0.7602,9.9736,-0.0527,0.0997,-0.0753
1623960613950,0.1494,0.7794,10.0693,-0.0393,0.1144,-0.0924
1623960613951,0.1183,0.7746,10.0215,-0.0051,0.1327,-0.1083
1623960613952,0.1279,0.8105,10.0621,0.0071,0.1400,-0.1046
1623960613953,0.1446,0.9229,10.1626,-0.0051,0.1535,-0.1144
1623960613985,0.1781,1.0569,10.1148,-0.0210,0.1706,-0.1339
1623960613986,0.1972,1.0593,10.0741,-0.0466,0.1901,-0.1498
1623960613988,0.2188,1.0067,10.0262,-0.0698,0.2219,-0.1779
1623960613989,0.1901,0.8129,9.9616,-0.0918,0.2512,-0.2133
1623960614018,0.1685,0.7148,9.9856,-0.0992,0.2818,-0.2414
1623960614019,0.1063,0.8033,10.0789,-0.0857,0.3037,-0.2659
1623960614020,0.0704,1.0306,10.0406,-0.0613,0.3172,-0.2854
1623960614021,0.0369,1.1096,9.8683,-0.0356,0.3294,-0.3001
1623960614048,-0.0516,0.9684,9.7941,-0.0320,0.3441,-0.3306
1623960614049,-0.1784,0.7387,9.7559,-0.0552,0.3661,-0.3758
1623960614050,-0.2574,0.5497,9.8205,-0.1089,0.3831,-0.3978
1623960614060,-0.3651,0.6502,9.8779,-0.1505,0.3966,-0.4039
1623960614066,-0.4225,0.8823,9.7726,-0.1492,0.4015,-0.4161
1623960614077,-0.4010,0.9277,9.6530,-0.1309,0.4064,-0.4381
1623960614085,-0.4584,0.8081,9.5429,-0.1138,0.4198,-0.4626
1623960614094,-0.5374,0.6238,9.5381,-0.1309,0.4369,-0.4894
1623960614107,-0.6642,0.3917,9.5860,-0.1700,0.4467,-0.4992
1623960614114,-0.7503,0.3487,9.7271,-0.1859,0.4467,-0.4907
1623960614124,-0.7120,0.5162,9.7200,-0.1651,0.4308,-0.4797
1623960614135,-0.6355,0.5808,9.6865,-0.1199,0.4113,-0.4785
1623960614145,-0.5708,0.5305,9.6697,-0.0747,0.4100,-0.4907
1623960614152,-0.5613,0.4204,9.6458,-0.0735,0.4235,-0.5065
1623960614162,-0.6187,0.2769,9.4735,-0.1236,0.4442,-0.5175
1623960614171,-0.6809,0.1022,9.5166,-0.1712,0.4638,-0.5310
1623960614181,-0.7671,0.1644,9.5573,-0.1895,0.4772,-0.5530
1623960614192,-0.7838,0.1381,9.5214,-0.1969,0.4821,-0.5713
1623960614200,-0.7910,0.0137,9.6027,-0.2091,0.5005,-0.5896
1623960614210,-0.8293,-0.0797,9.6601,-0.2225,0.5408,-0.6189
1623960614219,-0.9154,-0.2878,9.5860,-0.2592,0.5835,-0.6470
1623960614229,-1.0590,-0.3357,9.6027,-0.2824,0.6251,-0.6617
1623960614239,-1.1404,-0.1849,9.5907,-0.2983,0.6507,-0.6800
1623960614249,-1.2074,0.0400,9.4855,-0.2983,0.6617,-0.6776
1623960614260,-1.1691,0.2266,9.4759,-0.3178,0.6691,-0.6580
1623960614268,-1.0686,0.1644,9.6099,-0.3691,0.6874,-0.6678
1623960614278,-1.0973,0.0783,9.6601,-0.4241,0.7252,-0.6947
1623960614287,-1.0733,-0.0486,9.5309,-0.4754,0.7692,-0.7106
1623960614297,-1.0877,-0.1371,9.4256,-0.4877,0.8132,-0.7387
1623960614306,-1.2576,-0.1658,9.2677,-0.4547,0.8523,-0.8022
1623960614316,-1.6069,-0.1514,9.1337,-0.4449,0.8914,-0.8792
1623960614326,-2.0137,-0.3524,9.0691,-0.4987,0.9220,-0.9342
1623960614335,-2.2171,-0.8501,9.1409,-0.5891,0.9574,-0.9720
1623960614345,-2.3511,-1.3167,9.4591,-0.6746,1.0013,-0.9965
1623960614354,-2.4684,-1.4268,9.7941,-0.7259,1.0478,-1.0123
1623960614365,-2.5545,-1.1732,9.7056,-0.7186,1.0795,-1.0001
1623960614374,-2.4181,-0.8334,9.6506,-0.6489,1.0905,-0.9867
1623960614384,-2.3750,-0.4218,9.5333,-0.5622,1.1174,-0.9940
1623960614392,-2.3487,-0.2854,9.2845,-0.5658,1.1651,-1.0246
1623960614404,-2.4660,-0.4242,9.0595,-0.6856,1.2286,-1.0527
1623960614413,-2.6311,-0.7209,8.9160,-0.9238,1.3007,-1.0807
1623960614423,-2.8225,-1.0272,9.1864,-1.2402,1.3801,-1.0979
1623960614433,-3.0067,-1.7187,9.0165,-1.5493,1.4546,-1.0918
1623960614443,-3.0474,-2.3289,9.2701,-1.7509,1.4986,-1.0746
1623960614452,-3.2388,-2.7859,9.3945,-1.8645,1.5462,-1.0588
1623960614462,-3.3633,-3.0683,9.3778,-1.8584,1.5780,-1.0160
1623960614471,-3.4518,-2.8601,9.1217,-1.7436,1.5756,-0.9708
1623960614481,-3.3202,-2.4151,8.8035,-1.5897,1.5401,-0.9415
1623960614491,-3.3752,-1.9748,8.5427,-1.4614,1.5084,-0.9158
1623960614500,-3.4422,-1.6637,7.9469,-1.4272,1.5010,-0.9146
1623960614508,-3.4566,-1.9293,7.4922,-1.5603,1.4778,-0.9317
1623960614519,-3.6337,-2.4533,7.3439,-1.8609,1.4827,-0.9280
1623960614529,-3.7629,-2.9128,7.4420,-2.2665,1.5047,-0.9134
1623960614539,-3.9352,-3.7766,8.1479,-2.6868,1.5145,-0.8926
1623960614548,-4.3276,-4.5207,8.5116,-2.9067,1.5304,-0.8669
1623960614557,-4.6339,-4.8916,8.7341,-2.9189,1.5242,-0.8535
1623960614568,-4.8396,-5.3152,8.7485,-2.7869,1.4852,-0.8217
1623960614577,-5.1053,-5.5353,8.5547,-2.4742,1.4424,-0.7631
1623960614587,-5.3086,-5.4420,7.9182,-2.0649,1.3740,-0.7130
1623960614596,-5.2369,-5.3845,7.3606,-1.6373,1.2494,-0.6580
1623960614606,-5.3637,-5.1405,6.7600,-1.1938,1.1235,-0.5945
1623960614616,-5.4211,-4.8629,6.4729,-0.8432,1.0270,-0.5578
1623960614623,-5.5431,-4.8916,6.3245,-0.5292,0.9207,-0.5456
1623960614632,-5.6843,-4.8007,6.3389,-0.2702,0.7973,-0.5163
1623960614642,-5.7370,-4.6787,6.4753,-0.1150,0.6776,-0.4907
1623960614652,-5.5958,-4.6069,6.6045,-0.0540,0.5603,-0.4601
1623960614664,-5.5336,-4.8055,6.8079,-0.0320,0.4626,-0.4442
1623960614673,-5.3685,-4.8868,6.6619,-0.0136,0.3990,-0.4601
1623960614683,-5.1507,-4.9562,6.6619,-0.0100,0.3343,-0.4870
1623960614693,-5.3278,-5.1548,6.8151,-0.0454,0.3111,-0.4760
1623960614702,-5.3565,-5.1070,6.6500,-0.0368,0.3001,-0.4565
1623960614712,-5.1986,-5.0998,6.3533,-0.0210,0.2536,-0.4577
1623960614721,-5.1005,-5.2266,6.3245,-0.0161,0.2280,-0.4369
1623960614731,-5.1651,-5.2266,6.3700,0.0193,0.2536,-0.4235
1623960614738,-5.2249,-5.0232,6.3868,0.1183,0.2781,-0.4369
1623960614748,-5.2512,-4.6380,6.1834,0.2515,0.2708,-0.4552
1623960614759,-5.2943,-4.3461,6.1092,0.3663,0.2512,-0.4845
1623960614769,-5.1483,-4.2456,5.4009,0.4103,0.2353,-0.5102
1623960614778,-4.9019,-4.4202,5.0922,0.3492,0.2036,-0.5249
1623960614788,-4.7750,-4.5758,5.3339,0.2197,0.2366,-0.5249
1623960614798,-4.8732,-4.4944,5.5852,0.1195,0.2818,-0.5554
1623960614808,-5.0119,-4.1762,5.6450,0.0804,0.2646,-0.6165
1623960614817,-4.8205,-3.8220,5.5014,0.0694,0.2329,-0.6605
1623960614827,-4.6506,-3.9560,5.1305,-0.0320,0.1975,-0.7020
1623960614836,-4.7679,-4.4322,4.9917,-0.2543,0.2109,-0.7436
1623960614845,-5.0024,-4.9299,5.1257,-0.4938,0.2549,-0.7558
1623960614856,-4.9593,-5.6238,4.6568,-0.5927,0.2549,-0.7582
1623960614865,-4.3946,-6.5451,5.0109,-0.4718,0.1962,-0.7704
1623960614875,-4.0428,-6.9207,5.5158,-0.2348,0.2219,-0.7472
1623960614884,-4.0237,-6.9207,6.3868,0.1012,0.2634,-0.7594
1623960614894,-4.3754,-6.7293,6.6906,0.5728,0.2610,-0.8059
1623960614903,-4.7033,-5.9780,6.3748,1.0199,0.1877,-0.8144
1623960614913,-4.8325,-5.2362,6.1475,1.2020,0.1180,-0.7778
1623960614923,-4.6745,-4.5638,6.0446,1.1384,0.0948,-0.7460
1623960614930,-4.4688,-3.9991,5.2358,0.8916,0.1132,-0.7546
1623960614940,-4.1649,-3.9201,4.7405,0.5422,0.1168,-0.7961
1623960614949,-4.1481,-4.4729,4.7907,0.1660,0.1144,-0.8205
1623960614959,-4.2773,-5.3486,5.1018,-0.1443,0.1132,-0.8303
1623960614969,-4.1122,-6.2962,5.7479,-0.3313,0.1217,-0.8572
1623960614981,-3.7054,-7.0739,6.1570,-0.3423,0.1608,-0.8853
1623960614989,-3.4016,-7.3203,6.4418,-0.1468,0.2036,-0.9048
1623960615000,-3.3657,-7.0835,6.4107,0.1562,0.2048,-0.9060
1623960615009,-3.5356,-6.8490,6.3915,0.3883,0.1180,-0.8621
1623960615019,-3.7198,-6.6384,6.0159,0.4201,0.0166,-0.7814
1623960615028,-3.5284,-6.8777,5.9249,0.2563,-0.0615,-0.7301
1623960615038,-3.6767,-7.3395,6.1499,-0.0100,-0.0701,-0.6849
1623960615047,-3.9304,-7.1863,6.4107,-0.1981,-0.0481,-0.6140
1623960615057,-4.0141,-6.8824,6.3652,-0.2018,-0.0676,-0.5896
1623960615067,-4.0045,-6.6408,6.1618,0.0560,-0.1299,-0.6055
1623960615077,-3.7892,-6.3871,5.8029,0.3724,-0.2094,-0.6067
1623960615086,-3.5332,-6.3058,5.5636,0.5178,-0.2851,-0.5640
1623960615096,-3.4733,-6.3177,5.9369,0.5361,-0.3169,-0.4919
1623960615105,-3.5308,-6.3010,6.2791,0.5080,-0.3083,-0.4516
1623960615115,-3.4709,-6.3488,6.5447,0.5190,-0.3401,-0.4565
1623960615124,-3.5140,-6.2172,7.0520,0.6155,-0.3621,-0.4565
1623960615134,-3.3681,-6.3704,7.5425,0.8208,-0.3731,-0.4565
1623960615144,-3.1001,-6.6815,7.5903,1.1042,-0.4024,-0.4552
1623960615153,-2.7483,-7.1074,7.6669,1.3547,-0.4183,-0.4381
1623960615163,-2.5952,-7.3227,7.5545,1.5196,-0.3987,-0.3721
1623960615172,-2.6143,-6.8753,7.6310,1.5856,-0.3914,-0.2573
1623960615182,-2.5713,-6.1502,7.7698,1.5856,-0.4061,-0.1877
1623960615192,-2.5593,-5.4444,7.9732,1.5990,-0.4109,-0.1657
1623960615201,-2.6071,-4.9754,8.0378,1.6332,-0.3987,-0.1523
1623960615211,-2.7627,-5.0065,8.0402,1.6565,-0.3828,-0.1388
1623960615220,-2.7627,-5.2075,7.9684,1.6442,-0.3755,-0.1254
1623960615230,-2.6167,-5.5233,7.7961,1.5392,-0.3682,-0.1083
1623960615238,-2.4755,-5.6789,7.7578,1.3669,-0.3523,-0.0728
1623960615247,-2.5760,-5.3558,7.9397,1.1763,-0.3303,-0.0288
1623960615257,-2.6478,-4.6810,8.2867,1.0187,-0.3303,0.0029
1623960615267,-2.6526,-4.0254,8.5355,0.9173,-0.3560,-0.0056
1623960615276,-2.5114,-3.7096,8.6910,0.8611,-0.3706,-0.0423
1623960615288,-2.3774,-3.7024,8.6934,0.7890,-0.3535,-0.0777
1623960615298,-2.0999,-3.9034,8.6480,0.6583,-0.3120,-0.0985
1623960615307,-1.8965,-4.2168,8.4829,0.4506,-0.2655,-0.1095
1623960615317,-1.8247,-4.6787,8.1216,0.1879,-0.2167,-0.1083
1623960615327,-1.8558,-5.3941,7.8440,-0.0772,-0.1922,-0.0887
1623960615336,-1.9563,-5.7578,7.9373,-0.2897,-0.1825,-0.0472
1623960615346,-2.1334,-5.7363,8.3178,-0.4070,-0.1739,-0.0142
1623960615355,-2.3272,-5.3917,8.4972,-0.3301,-0.1752,-0.0142
1623960615365,-2.3918,-4.8557,8.7006,-0.1187,-0.1959,-0.0154
1623960615374,-2.3176,-4.4226,8.6910,0.1122,-0.2057,-0.0117
1623960615384,-2.0855,-4.1833,8.7293,0.2625,-0.2142,0.0029
1623960615393,-1.9970,-4.1092,8.8394,0.2441,-0.1849,0.0176
1623960615403,-2.0448,-4.3126,8.5929,0.1122,-0.1336,0.0298
1623960615413,-2.0927,-4.6117,8.1694,-0.0149,-0.0811,0.0432
1623960615422,-2.2722,-4.8677,8.0498,-0.0381,-0.0298,0.0310
1623960615432,-2.4181,-4.7696,8.0689,0.0511,-0.0066,0.0017
1623960615442,-2.5162,-4.4681,8.0426,0.1696,-0.0322,-0.0093
1623960615451,-2.4636,-4.0446,7.9565,0.2515,-0.0554,-0.0166
1623960615460,-2.3846,-3.6952,7.9565,0.2503,-0.0579,-0.0374
1623960615470,-2.2722,-3.8101,8.1431,0.1452,-0.0432,-0.0667
1623960615481,-2.1956,-4.2073,8.2292,-0.0222,-0.0139,-0.0985
1623960615490,-2.3033,-4.4777,8.1909,-0.2299,0.0276,-0.0936
1623960615499,-2.2410,-4.6834,8.3728,-0.4217,0.0399,-0.0606
1623960615509,-2.3822,-4.5997,8.2867,-0.5133,0.0276,-0.0533
1623960615518,-2.4109,-4.4035,8.1886,-0.5231,-0.0053,-0.0667
1623960615528,-2.5043,-4.5399,8.0737,-0.5353,-0.0285,-0.0851
1623960615538,-2.5114,-4.8414,7.8679,-0.5329,-0.0298,-0.0936
1623960615547,-2.5593,-5.2027,7.8153,-0.5329,-0.0273,-0.0899
1623960615555,-2.5689,-5.4061,7.8990,-0.5035,0.0044,-0.0802
1623960615564,-2.3822,-5.1668,8.0617,-0.3655,0.0191,-0.0777
1623960615574,-2.3655,-5.0184,8.2220,-0.1835,-0.0066,-0.0838
1623960615583,-2.4085,-4.7792,8.3250,-0.0271,-0.0298,-0.0814
1623960615593,-2.3559,-4.7361,8.4877,0.0169,-0.0518,-0.0508
1623960615605,-2.5880,-4.8509,8.5594,-0.0222,-0.0542,-0.0191
1623960615615,-2.5569,-4.9754,8.5044,-0.0918,-0.0493,-0.0044
1623960615624,-2.3320,-5.1261,8.3632,-0.2018,-0.0518,0.0066
1623960615634,-2.0592,-5.0065,8.3489,-0.3252,-0.0310,0.0115
1623960615643,-1.9874,-4.8462,8.2412,-0.4815,-0.0005,0.0066
1623960615653,-2.1334,-4.6906,8.0737,-0.6819,0.0215,0.0188
1623960615663,-2.2482,-4.8198,7.8871,-0.9030,0.0484,0.0322
1623960615672,-2.5114,-5.1788,7.7626,-1.0399,0.0875,0.0163
1623960615682,-2.7507,-5.4180,7.6119,-1.0814,0.1119,0.0005
1623960615692,-2.7172,-5.5616,7.4970,-1.0729,0.0875,0.0041
1623960615701,-2.5425,-5.8607,7.5927,-1.0277,0.0496,0.0041
1623960615711,-2.4875,-6.0473,7.7626,-0.9360,0.0472,0.0176
1623960615720,-2.4588,-5.8009,7.6262,-0.8041,0.0643,0.0396
1623960615730,-2.3679,-5.4683,7.3295,-0.6196,0.0496,0.0273
1623960615738,-2.2195,-5.1979,6.9826,-0.4449,0.0362,0.0078
1623960615747,-2.1190,-4.9060,6.8845,-0.3679,0.0447,-0.0093
1623960615758,-2.1597,-4.6715,7.0544,-0.4046,0.0728,-0.0252
1623960615768,-2.2195,-4.5040,7.5186,-0.5097,0.0863,-0.0594
1623960615778,-2.3176,-4.2599,7.6621,-0.6673,0.0961,-0.1168
1623960615786,-2.3487,-4.1929,7.5927,-0.8981,0.0973,-0.1559
1623960615797,-2.1334,-4.6906,7.3104,-1.1413,0.1119,-0.1755
1623960615807,-1.9491,-5.6310,6.8988,-1.3429,0.1474,-0.1987
1623960615816,-1.9013,-6.6479,6.6978,-1.4186,0.2146,-0.2378
1623960615826,-1.9683,-7.3562,6.5471,-1.3245,0.2536,-0.2561
1623960615835,-2.0520,-7.6099,6.6045,-1.0655,0.2451,-0.2451
1623960615843,-1.9898,-7.1433,6.7289,-0.6526,0.2011,-0.2280
1623960615855,-1.9395,-6.3584,6.6500,-0.1932,0.1303,-0.2219
1623960615862,-1.9371,-5.6741,6.3078,0.1965,0.0545,-0.2292
1623960615872,-1.7912,-5.2649,6.0996,0.4017,-0.0102,-0.2378
1623960615882,-1.7601,-5.2170,6.1188,0.3663,-0.0420,-0.2365
1623960615891,-1.7816,-5.7530,6.7170,0.1562,-0.0176,-0.2256
1623960615901,-2.0089,-6.0330,6.7696,-0.1211,0.0007,-0.2256
1623960615913,-1.8199,-6.1072,6.6404,-0.3814,0.0069,-0.2182
1623960615922,-1.6596,-6.2747,6.5495,-0.5597,-0.0005,-0.2146
1623960615949,-1.9204,-6.6169,6.4083,-0.5671,0.0179,-0.2268
1623960615950,-1.9252,-6.9590,6.5471,-0.4547,0.0081,-0.2512
1623960615951,-1.7050,-7.1145,6.6332,-0.3349,0.0020,-0.2622
1623960615962,-1.4706,-7.2270,6.8677,-0.2067,0.0203,-0.2304
1623960615968,-1.3868,-7.1744,6.8079,-0.0222,0.0606,-0.2280
1623960615978,-1.4347,-6.5594,6.7194,0.1635,0.0875,-0.2341
1623960615987,-1.4083,-6.0378,6.7959,0.2808,0.0961,-0.2268
1623960616001,-1.3748,-6.0139,6.7385,0.3089,0.1168,-0.2256
1623960616007,-1.2839,-6.5259,7.1955,0.1684,0.1645,-0.2292
1623960616018,-1.3988,-6.5618,7.5066,-0.0918,0.2793,-0.1987
1623960616026,-1.5734,-6.5355,7.5497,-0.2861,0.3648,-0.1681
1623960616036,-1.7314,-6.4182,7.2434,-0.2519,0.3807,-0.1828
1623960616045,-1.7697,-6.2866,6.7888,-0.1224,0.3551,-0.1962
1623960616054,-1.7984,-6.3991,6.3963,-0.0600,0.3343,-0.1681
1623960616067,-1.9156,-6.7341,6.3724,-0.0271,0.3282,-0.1364
1623960616074,-2.1238,-6.9997,6.4418,-0.0002,0.3123,-0.1156
1623960616085,-2.2937,-7.1505,6.7361,0.0462,0.2683,-0.1022
1623960616093,-2.5043,-6.8753,6.8270,0.1476,0.2219,-0.0777
1623960616103,-2.6048,-6.2627,6.7840,0.3016,0.1608,-0.0521
1623960616112,-2.6478,-5.8152,6.5136,0.4604,0.0826,-0.0533
1623960616123,-2.6741,-5.8942,6.1427,0.5618,0.0179,-0.0679
1623960616132,-2.5736,-6.2675,5.9991,0.5752,-0.0224,-0.0802
1623960616141,-2.5425,-6.8130,6.0039,0.5288,-0.0530,-0.0716
1623960616153,-2.6454,-7.1887,6.2671,0.5190,-0.0823,-0.0521
1623960616160,-2.7029,-7.2844,6.1666,0.5752,-0.1263,-0.0386
1623960616170,-2.5401,-7.2318,6.5399,0.6278,-0.2204,-0.0337
1623960616179,-2.6287,-7.0380,6.8223,0.6375,-0.2814,-0.0313
1623960616190,-2.6454,-6.8154,6.8223,0.5923,-0.3108,-0.0032
1623960616199,-2.3631,-6.5857,6.7768,0.5092,-0.3462,0.0188
1623960616209,-2.1453,-6.3919,6.9036,0.4286,-0.3548,0.0322
1623960616218,-2.2315,-6.2962,6.9826,0.3639,-0.3022,0.0505
1623960616228,-2.2099,-6.3704,7.3702,0.3785,-0.2607,0.0457
1623960616238,-2.2722,-6.2914,7.6358,0.4213,-0.2313,0.0322
1623960616247,-2.3128,-5.9995,7.6430,0.4347,-0.1947,0.0444
1623960616259,-2.2386,-5.8631,7.5497,0.4298,-0.1715,0.0689
1623960616267,-2.2985,-5.7722,7.4085,0.4543,-0.1629,0.0811
1623960616277,-2.3631,-5.6741,7.3606,0.4787,-0.1593,0.0799
1623960616287,-2.3750,-5.5305,7.2075,0.4702,-0.1678,0.0799
1623960616297,-2.2626,-5.3726,7.0926,0.4457,-0.1800,0.0799
1623960616305,-2.1573,-5.3032,7.2266,0.3651,-0.1971,0.0628
1623960616316,-2.0329,-5.1955,7.4994,0.2393,-0.1947,0.0628
1623960616325,-2.0448,-5.1835,7.5090,0.1012,-0.1715,0.0591
1623960616336,-1.9683,-5.3056,7.6262,-0.0161,-0.1532,0.0334
1623960616344,-2.0401,-5.3965,7.7243,-0.0955,-0.1177,0.0066
1623960616355,-2.0353,-5.4898,7.6023,-0.1480,-0.0823,-0.0056
1623960616364,-1.9491,-5.6286,7.4922,-0.1663,-0.0786,-0.0154
1623960616374,-1.8510,-5.5736,7.4922,-0.1835,-0.0750,-0.0228
1623960616383,-1.7864,-5.6214,7.4922,-0.2458,-0.0542,-0.0301
1623960616393,-1.8271,-5.4946,7.4396,-0.2726,-0.0261,-0.0398
1623960616404,-1.7673,-5.5449,7.3822,-0.2775,-0.0163,-0.0582
1623960616410,-1.6069,-5.8033,7.2984,-0.2763,-0.0212,-0.0582
1623960616422,-1.5112,-6.0234,7.3582,-0.2775,-0.0102,-0.0496
1623960616431,-1.4825,-6.0689,7.3917,-0.2824,0.0007,-0.0496
1623960616441,-1.4203,-6.0139,7.3535,-0.2616,-0.0066,-0.0679
1623960616451,-1.3437,-5.9469,7.3559,-0.2494,-0.0200,-0.0765
1623960616460,-1.2624,-6.0043,7.3247,-0.2787,-0.0237,-0.0802
1623960616470,-1.1619,-6.2053,7.3822,-0.3545,-0.0017,-0.0753
1623960616477,-1.1906,-6.3967,7.4276,-0.4364,0.0399,-0.0618
1623960616487,-1.2289,-6.4972,7.3032,-0.4657,0.0741,-0.0496
1623960616497,-1.3198,-6.4613,7.3343,-0.4620,0.0887,-0.0350
1623960616506,-1.3748,-6.4446,7.4444,-0.4547,0.1046,-0.0228
1623960616516,-1.3413,-6.4805,7.5042,-0.4571,0.1266,-0.0142
1623960616528,-1.1930,-6.6575,7.5042,-0.4657,0.1547,-0.0105
1623960616537,-0.9776,-7.0380,7.5712,-0.4877,0.1962,0.0054
1623960616547,-0.7719,-7.3179,7.4875,-0.5414,0.2439,0.0371
1623960616556,-0.5661,-7.4089,7.3535,-0.6306,0.2842,0.0835
1623960616566,-0.4201,-7.6434,7.3152,-0.7638,0.3135,0.1519
1623960616576,-0.2885,-8.1147,7.2984,-0.9006,0.3502,0.2228
1623960616585,-0.2167,-8.5909,7.2554,-1.0081,0.4052,0.2986
1623960616594,-0.2861,-8.8733,7.1764,-1.0948,0.4687,0.3926
1623960616602,-0.3387,-8.8135,7.0639,-1.1291,0.4980,0.4965
1623960616612,-0.4177,-8.6651,6.7505,-1.0875,0.4870,0.5967
1623960616621,-0.4273,-8.5550,6.4322,-1.0142,0.4711,0.6895
1623960616631,-0.4823,-8.4498,6.2097,-0.9861,0.4650,0.7811
1623960616640,-0.6570,-8.1554,6.1236,-1.0423,0.4723,0.8716
1623960616650,-0.8843,-7.8587,6.2264,-1.1645,0.4675,0.9559
1623960616660,-1.1810,-7.4663,6.1331,-1.3026,0.4467,1.0072
1623960616669,-1.3796,-7.2677,5.9202,-1.4479,0.4149,1.0328
1623960616679,-1.5974,-7.1289,5.6378,-1.6324,0.3758,1.0634
1623960616689,-1.8295,-7.1002,5.1904,-1.8548,0.3355,1.0902
1623960616698,-1.9874,-7.3706,4.7955,-2.0845,0.2915,1.1061
1623960616708,-2.1405,-7.4854,4.6687,-2.2555,0.2500,1.1147
1623960616717,-2.3918,-7.3945,4.6568,-2.3691,0.2109,1.1171
1623960616727,-2.6383,-7.4926,4.5778,-2.3593,0.1596,1.1061
1623960616737,-2.7914,-7.6386,4.3720,-2.1846,0.0948,1.0621
1623960616746,-2.9039,-7.5524,4.0705,-1.9342,0.0313,0.9937
1623960616756,-3.0355,-7.6242,3.9341,-1.7106,-0.0212,0.9412
1623960616765,-3.2771,-7.4783,3.8360,-1.4895,-0.0567,0.8972
1623960616775,-3.6432,-7.2438,3.8934,-1.2830,-0.0884,0.8324
1623960616785,-4.0692,-7.1672,3.8145,-1.0777,-0.1226,0.7860
1623960616794,-4.3467,-6.9542,3.5489,-0.8530,-0.1678,0.7298
1623960616804,-4.3898,-6.6121,3.2976,-0.6465,-0.2338,0.6577
1623960616814,-4.2343,-6.1335,3.2139,-0.4889,-0.3071,0.5967
1623960616823,-4.0524,-5.9732,3.3646,-0.4034,-0.3706,0.5356
1623960616833,-4.0069,-5.9636,3.4173,-0.3398,-0.4122,0.4439
1623960616842,-4.2917,-6.1933,3.5034,-0.3435,-0.4305,0.3315
1623960616855,-4.7080,-6.3393,3.4795,-0.3887,-0.4268,0.2363
1623960616864,-5.0526,-6.3369,3.2043,-0.4314,-0.4415,0.1678
1623960616874,-5.3302,-6.1814,2.8143,-0.4290,-0.4818,0.1092
1623960616883,-5.3828,-5.9732,2.6157,-0.3618,-0.5466,0.0322
1623960616893,-5.1747,-5.9971,2.8789,-0.2812,-0.6284,-0.0643
1623960616902,-4.7559,-6.4589,3.6565,-0.2067,-0.7066,-0.1571
1623960616911,-4.4448,-7.1672,4.0920,-0.1676,-0.7555,-0.2133
1623960616922,-4.3348,-7.5285,4.4175,-0.1468,-0.7494,-0.2341
1623960616931,-4.4640,-7.7151,4.4534,-0.1016,-0.6834,-0.2292
1623960616941,-4.6937,-7.5764,4.2428,0.0426,-0.6150,-0.2231
1623960616950,-4.8899,-7.2462,3.8145,0.2246,-0.5759,-0.2316
1623960616960,-5.0095,-6.7628,3.5321,0.4054,-0.5624,-0.2268
1623960616968,-4.8325,-6.3847,4.0633,0.5276,-0.5795,-0.2268
1623960616979,-4.4688,-6.4206,4.6807,0.5496,-0.5930,-0.2646
1623960616989,-4.1601,-6.5522,5.1090,0.4824,-0.5783,-0.2903
1623960616998,-4.0333,-6.6456,5.2693,0.3284,-0.5038,-0.2769
1623960617008,-4.0692,-7.0428,5.1760,0.1342,-0.4073,-0.2634
1623960617018,-4.2367,-7.3945,5.0898,0.0022,-0.3071,-0.2524
1623960617027,-4.4209,-7.4663,4.7429,-0.0906,-0.2179,-0.2329
1623960617037,-4.5908,-7.4543,4.4845,-0.1211,-0.1629,-0.2133
1623960617046,-4.6051,-7.2797,4.7955,-0.0613,-0.1507,-0.2048
1623960617056,-4.3778,-7.3251,5.2669,0.0487,-0.1727,-0.2182
1623960617066,-4.1721,-7.2509,5.5110,0.1501,-0.2020,-0.2304
1623960617076,-4.0596,-7.4567,5.7479,0.2050,-0.2008,-0.2256
1623960617085,-4.0524,-7.7415,5.6880,0.2344,-0.1593,-0.2072
1623960617092,-4.1027,-7.8826,5.6234,0.2588,-0.1116,-0.1755
1623960617102,-4.1864,-7.7104,5.5780,0.3016,-0.0725,-0.1327
1623960617112,-4.2319,-7.2270,5.2502,0.4005,-0.0530,-0.1131
1623960617121,-4.2008,-6.8035,4.9343,0.5202,-0.0786,-0.1302
1623960617131,-4.1242,-6.6456,4.9104,0.5813,-0.1177,-0.1474
1623960617142,-3.9591,-6.8226,5.1018,0.5325,-0.1446,-0.1571
1623960617152,-3.8107,-6.9518,5.3889,0.4140,-0.1519,-0.1693
1623960617162,-3.8514,-7.3179,5.6067,0.2503,-0.1397,-0.1608
1623960617171,-3.7653,-7.5835,5.6019,0.1403,-0.1214,-0.1510
1623960617181,-3.6169,-7.6960,5.4703,0.0621,-0.1226,-0.1657
1623960617191,-3.4973,-7.8850,5.2454,-0.0149,-0.1190,-0.1486
1623960617200,-3.3537,-8.0262,5.1616,-0.0576,-0.1190,-0.1095
1623960617210,-3.2915,-8.1961,5.3028,-0.0882,-0.1226,-0.1022
1623960617219,-3.2197,-8.3995,5.5062,-0.1224,-0.1238,-0.0973
1623960617228,-3.2412,-8.6101,5.5947,-0.1553,-0.1177,-0.0630
1623960617239,-3.2341,-8.7728,5.5900,-0.1627,-0.1031,-0.0130
1623960617248,-3.2604,-8.6507,5.5038,-0.1211,-0.0799,0.0310
1623960617258,-3.2245,-8.1961,5.4272,-0.0381,-0.0444,0.0615
1623960617267,-3.2293,-7.9640,5.3961,0.0450,-0.0163,0.0957
1623960617277,-3.2795,-7.6745,5.3650,0.1293,0.0117,0.1153
1623960617286,-3.2484,-7.5500,5.3626,0.1342,0.0362,0.1251
1623960617296,-3.2915,-7.5189,5.3626,0.0401,0.0618,0.1507
1623960617306,-3.3082,-7.4687,5.2143,-0.0906,0.0887,0.1752
1623960617315,-3.2867,-7.5931,5.2358,-0.2103,0.1070,0.1898
1623960617325,-3.3561,-7.7080,5.3985,-0.2995,0.1278,0.2020
1623960617335,-3.4183,-7.7654,5.5134,-0.3521,0.1498,0.2155
1623960617344,-3.4422,-7.6458,5.5636,-0.3716,0.1633,0.2301
1623960617354,-3.5308,-7.5309,5.4775,-0.3911,0.1828,0.2436
1623960617364,-3.5619,-7.3873,5.3459,-0.3801,0.1987,0.2570
1623960617373,-3.6337,-7.3586,5.2813,-0.3850,0.2133,0.2692
1623960617383,-3.8131,-7.3730,5.1951,-0.4119,0.2414,0.2741
1623960617392,-3.9184,-7.4711,5.1592,-0.4424,0.2732,0.2717
1623960617402,-3.9998,-7.3754,5.0540,-0.4596,0.2952,0.2717
1623960617410,-3.9998,-7.3897,5.0061,-0.4742,0.3013,0.2778
1623960617419,-4.1003,-7.5453,4.9415,-0.4473,0.3123,0.2802
1623960617429,-4.2893,-7.6960,4.9223,-0.3801,0.3343,0.2692
1623960617438,-4.3683,-7.6817,4.8841,-0.2861,0.3636,0.2595
1623960617448,-4.3060,-7.5811,4.9152,-0.1553,0.3758,0.2583
1623960617460,-4.2032,-7.1887,4.9128,-0.0063,0.3709,0.2521
1623960617469,-4.1409,-6.8968,4.9535,0.1159,0.3709,0.2326
1623960617478,-4.2510,-6.7748,4.8506,0.2270,0.3856,0.2069
1623960617487,-4.3970,-6.6599,4.6352,0.3150,0.3978,0.1813
1623960617496,-4.5645,-6.7054,4.6352,0.3492,0.3966,0.1605
1623960617507,-4.6817,-6.6312,4.5515,0.3871,0.3966,0.1348
1623960617515,-4.6913,-6.4063,4.5347,0.4359,0.3831,0.0957
1623960617527,-4.6506,-6.3201,4.6639,0.4873,0.3575,0.0481
1623960617537,-4.5381,-6.2101,4.8410,0.5887,0.3441,-0.0154
1623960617545,-4.3252,-6.0473,4.8530,0.6913,0.3392,-0.0948
1623960617556,-4.1744,-6.1120,4.7405,0.7304,0.3404,-0.1742
1623960617565,-4.1697,-6.4015,4.6232,0.7389,0.3538,-0.2329
1623960617575,-4.2869,-6.7102,4.3672,0.7389,0.3758,-0.2756
1623960617585,-4.3802,-6.8130,4.3600,0.7841,0.3905,-0.3159
1623960617594,-4.4353,-6.7461,4.3792,0.8782,0.3661,-0.3685
1623960617604,-4.3850,-6.3943,4.5850,0.9955,0.3245,-0.4247
1623960617613,-4.2845,-6.0737,4.8553,1.0859,0.2940,-0.4675
1623960617623,-4.1194,-5.7482,4.9893,1.1555,0.2671,-0.5151
1623960617632,-3.9423,-5.5784,4.9511,1.1555,0.2427,-0.5835
1623960617642,-3.8036,-5.6980,4.8769,1.1018,0.2292,-0.6544
1623960617652,-3.7509,-6.0043,4.8147,1.0102,0.2353,-0.7130
1623960617662,-3.7198,-6.5187,4.6711,0.9283,0.2512,-0.7655
1623960617671,-3.6169,-7.0691,4.7429,0.9075,0.2585,-0.8266
1623960617681,-3.3609,-7.2151,4.8649,0.9747,0.2610,-0.8804
1623960617690,-3.0809,-7.1385,4.8266,1.0627,0.2366,-0.9183
1623960617700,-2.8464,-6.9853,4.7070,1.1397,0.1828,-0.9439
1623960617707,-2.6885,-6.7006,4.7357,1.1543,0.1156,-0.9476
1623960617717,-2.6454,-6.5020,4.7237,1.0578,0.0704,-0.9280
1623960617726,-2.6813,-6.6192,4.7429,0.9637,0.0484,-0.9280
1623960617736,-2.6263,-6.9351,4.9056,0.9271,0.0276,-0.9512
1623960617748,-2.5760,-7.3179,5.1162,0.9247,0.0252,-0.9903
1623960617757,-2.4014,-7.8587,5.3578,0.9967,0.0313,-1.0209
1623960617767,-2.0042,-8.2703,5.6402,1.0993,0.0203,-1.0502
1623960617777,-1.6692,-8.2535,5.7694,1.1067,0.0142,-1.0465
1623960617786,-1.4490,-7.6817,5.7479,0.9405,-0.0041,-0.9598
1623960617796,-1.4012,-7.1313,5.5445,0.6168,-0.0493,-0.8511
1623960617806,-1.3796,-7.1289,5.2789,0.2393,-0.0933,-0.7827
1623960617815,-1.5328,-7.6003,5.3028,-0.1101,-0.0860,-0.7387
1623960617825,-1.7338,-8.1483,5.4966,-0.3276,-0.0310,-0.7191
1623960617833,-1.8127,-8.9116,5.7527,-0.3264,-0.0066,-0.7301
1623960617844,-1.6692,-9.2394,6.0422,-0.1016,-0.0237,-0.7216
1623960617853,-1.3868,-8.8302,6.2599,0.2038,-0.0615,-0.6580
1623960617862,-1.2217,-7.9114,6.3198,0.4372,-0.1104,-0.5408
1623960617872,-1.2576,-7.2318,6.2097,0.5483,-0.1593,-0.4369
1623960617880,-1.4179,-7.0691,6.0877,0.5386,-0.1715,-0.3844
1623960617890,-1.7673,-7.6027,6.0733,0.4445,-0.1251,-0.3673
1623960617899,-1.9587,-8.0621,6.2743,0.4213,-0.0493,-0.3551
1623960617911,-1.8845,-8.1507,6.4083,0.5630,-0.0249,-0.3721
1623960617921,-1.6357,-7.8348,6.5447,0.8074,-0.0505,-0.3795
1623960617930,-1.4012,-6.9734,6.5567,1.0358,-0.1006,-0.3331
1623960617940,-1.3461,-6.2196,6.3341,1.0761,-0.1605,-0.2732
1623960617949,-1.2767,-5.9110,6.3006,0.9210,-0.2045,-0.2353
1623960617959,-1.3581,-6.0713,6.2719,0.6168,-0.2057,-0.2292
1623960617969,-1.4562,-6.5211,6.4849,0.2894,-0.1764,-0.2390
1623960617978,-1.5184,-6.9614,6.6763,0.0462,-0.1495,-0.2659
1623960617988,-1.5543,-7.2605,6.8438,-0.0478,-0.1556,-0.2817
1623960617997,-1.6069,-7.1624,6.9251,-0.0063,-0.1837,-0.2708
1623960618005,-1.6046,-6.8226,6.9299,0.0694,-0.2228,-0.2402
1623960618015,-1.5184,-6.5116,6.7552,0.1378,-0.2631,-0.2158
1623960618024,-1.5328,-6.4541,6.5710,0.1525,-0.2839,-0.2048
1623960618034,-1.4825,-6.6934,6.6045,0.1134,-0.2692,-0.2072
1623960618044,-1.3772,-6.9136,6.7959,0.0841,-0.2289,-0.2353
1623960618056,-1.2074,-6.9662,6.9945,0.0939,-0.1898,-0.2708
1623960618065,-1.0614,-6.7604,7.0520,0.1122,-0.1813,-0.2610
1623960618075,-1.0207,-6.6025,7.0185,0.0829,-0.1862,-0.2268
1623960618084,-0.9896,-6.6599,6.9563,-0.0185,-0.1739,-0.1999
1623960618093,-1.0279,-6.9399,6.7864,-0.1480,-0.1519,-0.1779
1623960618103,-1.0686,-7.1815,6.7242,-0.2641,-0.1153,-0.1571
1623960618113,-1.2145,-7.3132,6.7935,-0.2751,-0.0701,-0.1547
1623960618122,-1.3389,-7.2916,6.9036,-0.1786,-0.0518,-0.1693
1623960618132,-1.3581,-7.0906,6.9012,-0.0197,-0.0567,-0.1596
1623960618142,-1.3437,-6.7724,6.9180,0.0963,-0.0725,-0.1339
1623960618151,-1.2959,-6.5929,6.8055,0.1183,-0.0762,-0.1083
1623960618161,-1.2313,-6.6360,6.8007,0.0450,-0.0725,-0.0863
1623960618171,-1.2002,-6.8753,6.7959,-0.0662,-0.0554,-0.0802
1623960618180,-1.2050,-7.0739,6.7624,-0.1529,-0.0285,-0.0851
1623960618190,-1.1882,-7.1528,6.5543,-0.1676,-0.0041,-0.0924
1623960618200,-1.1906,-7.1385,6.4753,-0.0808,-0.0005,-0.1009
1623960618209,-1.2863,-6.8872,6.6356,0.0670,-0.0102,-0.1070
1623960618219,-1.3222,-6.5809,6.8510,0.1867,-0.0090,-0.1058
1623960618228,-1.2600,-6.2794,6.9419,0.2710,-0.0115,-0.1083
1623960618238,-1.2265,-6.1981,6.9419,0.2759,-0.0041,-0.1119
1623960618247,-1.1212,-6.2771,6.8055,0.1977,-0.0005,-0.1144
1623960618258,-1.1332,-6.6671,6.5806,0.0621,0.0130,-0.1192
1623960618267,-1.2145,-6.9231,6.6380,-0.0258,0.0374,-0.1229
1623960618276,-1.2313,-6.7772,6.6906,-0.0466,0.0545,-0.1180
1623960618285,-1.2097,-6.5522,6.6763,0.0083,0.0374,-0.1107
1623960618296,-1.1021,-6.4900,6.5878,0.1110,0.0093,-0.1070
1623960618303,-1.0925,-6.6719,6.5806,0.1378,-0.0029,-0.1009
1623960618312,-1.1882,-6.9925,6.5662,0.0865,0.0093,-0.0887
1623960618322,-1.2600,-7.1074,6.5830,0.0328,0.0130,-0.0777
1623960618332,-1.3413,-7.1528,6.5447,0.0108,-0.0029,-0.0741
1623960618341,-1.1092,-7.1815,6.8653,0.0658,-0.0176,-0.0582
1623960618353,-1.1451,-7.1241,6.9634,0.1452,-0.0285,-0.0447
1623960618363,-1.1834,-6.9829,7.0089,0.2050,-0.0310,-0.0288
1623960618372,-1.2002,-6.7676,6.8749,0.2356,-0.0237,-0.0069
1623960618382,-1.2887,-6.5905,6.7648,0.2735,-0.0176,0.0029
1623960618392,-1.3342,-6.6264,6.8414,0.3028,-0.0151,0.0041
1623960618401,-1.4921,-6.8107,6.6069,0.3126,-0.0163,0.0066
1623960618411,-1.4347,-6.9758,6.5327,0.3162,-0.0188,0.0127
1623960618420,-1.3342,-6.9806,6.7792,0.3358,-0.0127,0.0127
1623960618429,-1.4107,-6.7269,6.8558,0.3736,-0.0127,0.0249
1623960618439,-1.3581,-6.3656,6.9969,0.4201,-0.0322,0.0237
1623960618449,-1.3581,-6.0450,7.0400,0.4347,-0.0481,0.0163
1623960618459,-1.4251,-5.9038,6.9658,0.4225,-0.0542,0.0224
1623960618467,-1.4107,-5.9349,6.8749,0.3651,-0.0567,0.0212
1623960618478,-1.2791,-6.1096,6.9682,0.2979,-0.0505,0.0176
1623960618488,-1.2193,-6.2125,7.0089,0.2429,-0.0347,0.0115
1623960618497,-1.0686,-6.2077,7.0328,0.2258,-0.0249,-0.0020
1623960618507,-0.9944,-6.4398,7.0711,0.2307,-0.0237,-0.0154
1623960618516,-1.2600,-6.6049,7.1190,0.2515,-0.0127,-0.0228
1623960618526,-1.2528,-6.5307,6.9921,0.2649,-0.0053,-0.0228
1623960618536,-1.1260,-6.2794,6.9515,0.2441,-0.0237,-0.0117
1623960618545,-1.0614,-6.2148,7.0567,0.1672,-0.0383,0.0054
1623960618555,-1.1667,-6.1766,7.2051,0.0645,-0.0261,0.0090
1623960618564,-1.2074,-6.1335,7.2912,-0.0515,-0.0029,0.0017
1623960618574,-1.1547,-6.1742,7.3056,-0.1211,0.0093,-0.0093
1623960618584,-1.1762,-6.1048,7.2506,-0.1468,0.0179,-0.0179
1623960618593,-1.0446,-6.0713,7.1501,-0.1688,0.0142,-0.0215
1623960618601,-1.0087,-6.1574,7.1357,-0.1883,0.0142,-0.0288
1623960618611,-1.0351,-6.3776,7.1190,-0.2213,0.0338,-0.0374
1623960618620,-1.1499,-6.5235,7.0639,-0.2653,0.0557,-0.0435
1623960618630,-1.2026,-6.4733,6.9586,-0.3068,0.0704,-0.0447
1623960618639,-1.1691,-6.3871,7.0161,-0.3496,0.0655,-0.0447
1623960618651,-1.0638,-6.3488,7.0879,-0.4046,0.0606,-0.0374
1623960618660,-0.8939,-6.5187,7.2123,-0.5011,0.0594,-0.0276
1623960618670,-0.8221,-6.7700,7.2123,-0.6306,0.0789,-0.0105
1623960618680,-0.7910,-7.0667,7.1333,-0.7748,0.1034,0.0212
1623960618689,-0.8508,-7.2438,7.0759,-0.8969,0.1242,0.0530
1623960618699,-0.9848,-7.3538,6.9850,-0.9531,0.1547,0.0738
1623960618709,-1.1451,-7.3610,6.8510,-0.9495,0.1730,0.0945
1623960618718,-1.2097,-7.3514,6.7720,-0.9079,0.1852,0.1214
1623960618727,-1.1978,-7.4615,6.8246,-0.8468,0.1975,0.1397
1623960618738,-1.1284,-7.5022,6.8199,-0.8029,0.2158,0.1519
1623960618747,-1.0901,-7.5907,6.7552,-0.7796,0.2341,0.1740
1623960618755,-1.1427,-7.6386,6.5686,-0.7943,0.2500,0.2045
1623960618766,-1.2887,-7.6147,6.3987,-0.8102,0.2683,0.2350
1623960618776,-1.3126,-7.7606,6.2623,-0.8126,0.2793,0.2521
1623960618786,-1.1691,-7.9760,6.0972,-0.7821,0.2744,0.2705
1623960618795,-0.9011,-8.0286,6.0781,-0.7748,0.2659,0.2973
1623960618805,-0.7120,-7.9520,6.0254,-0.8236,0.2476,0.3438
1623960618815,-0.6953,-7.7463,5.8436,-0.9226,0.2268,0.4012
1623960618824,-0.7096,-7.7247,5.5636,-1.0790,0.2158,0.4476
1623960618834,-0.8412,-8.1339,5.4488,-1.2488,0.2280,0.4818
1623960618843,-1.1044,-8.5981,5.4081,-1.3477,0.2549,0.5062
1623960618852,-1.2935,-9.1078,5.4129,-1.3636,0.2646,0.5295
1623960618866,-1.2624,-9.2848,5.3363,-1.2647,0.2402,0.5612
1623960618873,-1.0614,-9.1413,5.1664,-1.1266,0.1913,0.6015
1623960618881,-0.8723,-8.8015,5.0181,-1.0545,0.1315,0.6700
1623960618891,-0.8460,-8.4091,4.7883,-1.0997,0.0851,0.7518
1623960618901,-0.9657,-8.3110,4.5084,-1.2549,0.0606,0.8190
1623960618911,-1.1882,-8.6795,4.2763,-1.4626,0.0570,0.8728
1623960618918,-1.4706,-9.2322,4.0681,-1.6165,0.0606,0.9118
1623960618927,-1.6333,-9.6653,4.0801,-1.6495,0.0411,0.9412
1623960618937,-1.7936,-9.5839,4.1112,-1.5432,-0.0017,0.9754
1623960618947,-1.8702,-9.1891,4.2308,-1.3343,-0.0627,0.9998
1623960618957,-1.9276,-8.7153,4.3553,-1.0924,-0.1312,1.0084
1623960618968,-1.9898,-8.3708,4.1901,-0.9189,-0.1862,1.0194
1623960618978,-2.0616,-8.3469,3.9652,-0.8774,-0.2191,1.0340
1623960618988,-2.3439,-8.2918,3.8647,-0.9226,-0.2411,1.0524
1623960618997,-2.7890,-8.1530,3.8791,-1.0179,-0.2582,1.0707
1623960619007,-3.2125,-7.9927,3.8839,-1.0570,-0.2802,1.0707
1623960619016,-3.4375,-7.8826,3.8575,-0.9873,-0.3169,1.0328
1623960619026,-3.4997,-7.8372,3.7499,-0.8505,-0.3609,0.9803
1623960619036,-3.4805,-7.7869,3.6278,-0.6917,-0.3999,0.9314
1623960619045,-3.3705,-7.7463,3.6422,-0.5683,-0.4366,0.8911
1623960619055,-3.3489,-7.5118,3.7140,-0.4901,-0.4745,0.8618
1623960619064,-3.4542,-7.4065,3.7140,-0.4632,-0.5014,0.8337
1623960619074,-3.6696,-7.3514,3.7570,-0.4412,-0.5209,0.8019
1623960619084,-3.9064,-7.4424,3.7786,-0.4192,-0.5282,0.7567
1623960619093,-4.1218,-7.3586,3.8121,-0.3728,-0.5380,0.7054
1623960619103,-4.2606,-7.1409,3.7068,-0.2983,-0.5515,0.6602
1623960619112,-4.2678,-6.8298,3.6015,-0.1969,-0.5698,0.6272
1623960619122,-4.1553,-6.8178,3.5967,-0.0869,-0.6040,0.5710
1623960619132,-3.9352,-7.2605,3.5943,0.0022,-0.6418,0.4953
1623960619141,-3.6983,-7.4950,3.8241,0.0169,-0.6590,0.4488
1623960619151,-3.6097,-7.4519,4.1232,-0.0527,-0.6479,0.4476
1623960619160,-3.7509,-7.1959,4.1614,-0.1163,-0.6247,0.4549
1623960619170,-4.0022,-6.9064,4.1351,-0.1138,-0.6015,0.4244
1623960619178,-4.2175,-6.7341,4.0370,-0.0979,-0.5808,0.3926
1623960619189,-4.3587,-6.7221,3.7475,-0.0955,-0.5661,0.3694
1623960619199,-4.3874,-6.8083,3.4747,-0.0784,-0.5551,0.3267
1623960619209,-4.2438,-6.8537,3.5297,-0.0478,-0.5539,0.2766
1623960619216,-3.9136,-6.9758,3.9939,-0.0454,-0.5637,0.2460
1623960619225,-3.7054,-7.0547,4.1997,-0.0430,-0.5747,0.2191
1623960619235,-3.7557,-7.1409,4.2213,-0.0320,-0.5600,0.1764
1623960619244,-3.9041,-7.1457,4.1854,-0.0026,-0.5221,0.1446
1623960619256,-3.9926,-7.0117,3.9868,0.0352,-0.4830,0.1251
1623960619266,-4.0357,-6.7484,3.7594,0.0780,-0.4696,0.1092
1623960619276,-4.0715,-6.5857,3.4484,0.1036,-0.4671,0.0933
1623960619285,-4.0620,-6.4470,3.4508,0.1000,-0.4794,0.0640
1623960619295,-4.0022,-6.5929,3.7451,0.0365,-0.5001,0.0322
1623960619305,-3.9208,-6.9590,3.9724,-0.0527,-0.5233,0.0127
1623960619314,-3.8921,-7.4041,4.1327,-0.1211,-0.5392,-0.0117
1623960619324,-3.8323,-7.8300,4.3122,-0.1211,-0.5319,-0.0386
1623960619333,-3.7940,-7.9449,4.2787,-0.0491,-0.5075,-0.0472
1623960619343,-3.7653,-7.8444,4.0155,0.0878,-0.4818,-0.0484
1623960619352,-3.7940,-7.5142,3.8623,0.2576,-0.4684,-0.0484
1623960619362,-3.8873,-7.2892,3.8695,0.4103,-0.4684,-0.0533
1623960619372,-3.8323,-7.1457,4.3792,0.4982,-0.4842,-0.0594
1623960619381,-3.6959,-7.0093,4.8051,0.5056,-0.5050,-0.0618
1623960619391,-3.6241,-6.9542,4.9391,0.4359,-0.5099,-0.0472
1623960619400,-3.6576,-7.1122,4.9056,0.3248,-0.4904,-0.0264
1623960619410,-3.7916,-7.4352,4.8003,0.2441,-0.4427,-0.0179
1623960619420,-3.8634,-7.7319,4.7118,0.1953,-0.3914,-0.0044
1623960619429,-3.9017,-7.8635,4.6400,0.2014,-0.3523,0.0029
1623960619439,-3.8466,-7.8109,4.5275,0.2735,-0.3230,0.0054
1623960619448,-3.7007,-7.5931,4.4534,0.3920,-0.3205,0.0103
1623960619458,-3.4351,-7.4783,4.7333,0.4946,-0.3352,0.0054
1623960619468,-3.2700,-7.5931,4.7979,0.5569,-0.3352,0.0029
1623960619478,-3.2556,-7.7917,4.9750,0.5838,-0.3022,0.0249
1623960619487,-3.2771,-7.8898,4.9798,0.6180,-0.2436,0.0432
1623960619497,-3.2891,-7.8874,5.0707,0.7267,-0.2094,0.0359
1623960619506,-3.2652,-7.5381,5.0205,0.8819,-0.1947,0.0383
1623960619514,-3.2436,-6.9925,4.8745,1.0175,-0.1886,0.0457
1623960619523,-3.1886,-6.5762,4.9128,1.0859,-0.1947,0.0420
1623960619533,-2.9924,-6.4948,5.3866,1.0456,-0.2106,0.0334
1623960619543,-2.9182,-6.4781,5.8938,0.8843,-0.2081,0.0371
1623960619555,-2.9015,-6.9758,5.9752,0.6583,-0.1666,0.0518
1623960619564,-2.7364,-7.7104,6.1738,0.5264,-0.1067,0.0799
1623960619574,-2.7699,-8.0071,6.1738,0.5288,-0.0322,0.0689
1623960619583,-2.9804,-7.8420,5.9752,0.6253,0.0228,0.0359
1623960619593,-3.0450,-7.4663,5.6641,0.7951,0.0289,0.0567
1623960619603,-2.9517,-7.0117,5.6809,0.9955,-0.0017,0.0945
1623960619612,-3.0426,-6.5570,5.9345,1.1299,-0.0053,0.1080
1623960619622,-3.1479,-6.2244,6.3102,1.1397,0.0117,0.1043
1623960619631,-3.2412,-6.0426,6.6428,1.0187,0.0289,0.1031
1623960619641,-3.3681,-5.9971,6.7816,0.7927,0.0582,0.0957
1623960619651,-3.4063,-6.1790,6.7457,0.5239,0.0997,0.0811
1623960619660,-3.4111,-6.3752,6.7600,0.2331,0.1413,0.0725
1623960619669,-3.5092,-6.4111,6.8486,-0.0540,0.1877,0.0762
1623960619679,-3.6097,-6.2771,6.9156,-0.2604,0.2219,0.0738
1623960619690,-3.6408,-6.0761,6.9132,-0.3545,0.2341,0.0457
1623960619698,-3.6456,-5.9971,6.9706,-0.3630,0.2341,0.0066
1623960619708,-3.6839,-6.0330,7.0663,-0.3472,0.2390,-0.0154
1623960619718,-3.6863,-6.0641,7.0902,-0.3435,0.2512,-0.0276
1623960619727,-3.6624,-6.1287,7.1357,-0.3777,0.2634,-0.0423
1623960619735,-3.7605,-6.2196,6.9874,-0.4412,0.2903,-0.0411
1623960619745,-3.8203,-6.4350,6.8031,-0.5133,0.3111,-0.0386
1623960619805,-3.9041,-6.6647,6.5686,-0.5768,0.3306,-0.0374
1623960619806,-3.9495,-6.9423,6.3365,-0.6111,0.3514,-0.0386
1623960619807,-3.9399,-7.2079,6.2025,-0.5976,0.3661,-0.0337
1623960619808,-3.9328,-7.2725,6.2025,-0.5341,0.3831,-0.0325
1623960619809,-3.9041,-7.2127,6.1236,-0.4498,0.3880,-0.0337
1623960619810,-3.8107,-7.2844,6.0542,-0.3484,0.3795,-0.0313
1623960619817,-3.7677,-7.2844,5.9991,-0.2140,0.3844,-0.0411
1623960619821,-3.7629,-7.1935,5.9082,-0.1187,0.3978,-0.0484
1623960619831,-3.7748,-7.1289,5.7263,-0.0772,0.4039,-0.0313
1623960619840,-3.7413,-7.1409,5.6258,-0.0515,0.4003,-0.0166
1623960619850,-3.7581,-7.1720,5.4775,-0.0295,0.4039,-0.0154
1623960619862,-3.7916,-7.2509,5.3866,-0.0051,0.4039,-0.0081
1623960619870,-3.8107,-7.2414,5.4201,0.0340,0.3941,0.0054
1623960619881,-3.8275,-7.2007,5.4871,0.0902,0.3758,0.0078
1623960619890,-3.7772,-6.9949,5.5517,0.1476,0.3612,0.0054
1623960619900,-3.7246,-6.8777,5.5206,0.1574,0.3563,0.0078
1623960619908,-3.7461,-6.9399,5.4488,0.1513,0.3648,0.0066
1623960619919,-3.7748,-7.0380,5.3985,0.1598,0.3831,-0.0032
1623960619929,-3.8131,-7.2055,5.2908,0.1464,0.4064,-0.0093
1623960619938,-3.8562,-7.4352,5.2191,0.1720,0.4174,-0.0056
1623960619948,-3.7318,-7.5620,5.3411,0.2368,0.4198,0.0017
1623960619957,-3.6983,-7.5070,5.4225,0.2979,0.4259,0.0127
1623960619967,-3.7222,-7.2844,5.4512,0.3541,0.4272,0.0396
1623960619977,-3.8490,-6.9997,5.4392,0.4249,0.4247,0.0677
1623960619986,-3.9663,-6.6886,5.4105,0.4848,0.4186,0.0786
1623960619995,-4.0213,-6.4948,5.3531,0.4982,0.4149,0.0786
1623960620005,-4.0285,-6.4039,5.2669,0.4518,0.4162,0.0811
1623960620014,-4.1027,-6.4757,5.1664,0.3785,0.4308,0.0823
1623960620025,-4.1409,-6.6001,5.1856,0.3162,0.4357,0.0725
1623960620035,-4.1457,-6.6192,5.3411,0.2942,0.4381,0.0677
1623960620044,-4.2271,-6.5427,5.4177,0.3260,0.4479,0.0530
1623960620054,-4.2797,-6.4733,5.2885,0.4237,0.4467,0.0176
1623960620063,-4.2151,-6.4206,5.2885,0.5239,0.4320,-0.0032
1623960620073,-4.2319,-6.2962,5.4512,0.5899,0.4259,-0.0032
1623960620083,-4.3730,-6.0737,5.6163,0.6168,0.4320,-0.0166
1623960620093,-4.4616,-5.8296,5.6498,0.6204,0.4247,-0.0496
1623960620102,-4.5094,-5.6765,5.6330,0.6033,0.4039,-0.0802
1623960620112,-4.6051,-5.6932,5.5947,0.5459,0.3819,-0.1034
1623960620121,-4.7176,-5.8272,5.4033,0.4799,0.3771,-0.1217
1623960620129,-4.7487,-6.0043,5.1592,0.4506,0.3697,-0.1474
1623960620138,-4.6769,-6.3776,5.2167,0.4995,0.3587,-0.1755
1623960620148,-4.5717,-6.4278,5.3483,0.6632,0.3526,-0.2207
1623960620157,-4.5118,-6.0856,5.5732,0.8806,0.3306,-0.2805
1623960620167,-4.4951,-5.7291,5.6450,1.0578,0.2940,-0.3074
1623960620179,-4.4879,-5.3439,5.5852,1.1861,0.2524,-0.3086
1623960620189,-4.4735,-4.9491,5.5828,1.2252,0.2268,-0.3233
1623960620198,-4.4233,-4.9682,5.4703,1.1714,0.2133,-0.3587
1623960620208,-4.3994,-5.1883,5.5038,1.0969,0.1987,-0.3941
1623960620217,-4.4018,-5.3989,5.4416,0.9613,0.1889,-0.4344
1623960620227,-4.3946,-5.6525,5.4177,0.7915,0.1901,-0.4577
1623960620235,-4.3659,-5.8392,5.2741,0.6754,0.1828,-0.4699
1623960620246,-4.3396,-5.9157,5.3937,0.6791,0.1657,-0.5090
1623960620256,-4.3419,-6.0641,5.4871,0.8012,0.1596,-0.5676
1623960620266,-4.1984,-6.2388,5.7287,1.0383,0.1217,-0.6312
1623960620275,-4.1457,-5.9971,6.0302,1.2960,0.0753,-0.6727
1623960620285,-4.0596,-5.6095,6.2934,1.4866,0.0276,-0.6935
1623960620294,-3.8921,-5.2816,6.3796,1.5880,-0.0310,-0.7045
1623960620304,-3.8060,-4.9754,6.2719,1.5636,-0.0811,-0.7204
1623960620314,-3.7509,-4.9730,6.0231,1.3498,-0.1019,-0.7130
1623960620323,-3.8107,-5.2936,5.7742,1.0212,-0.1055,-0.6813
1623960620333,-3.8514,-5.6478,5.8938,0.7365,-0.0847,-0.6776
1623960620342,-3.8275,-5.7889,6.2073,0.6339,-0.0615,-0.7167
1623960620352,-3.6217,-5.9397,6.5303,0.7573,-0.0689,-0.7778
1623960620362,-3.3202,-6.0473,6.8964,1.0175,-0.1092,-0.8279
1623960620371,-3.0857,-5.8488,7.0926,1.2411,-0.1446,-0.8413
1623960620381,-2.9900,-5.5520,7.0926,1.2447,-0.1727,-0.7998
1623960620390,-2.9445,-5.3869,6.9778,1.0529,-0.1935,-0.7289
1623960620400,-2.9948,-5.4683,6.7529,0.7267,-0.1776,-0.6727
1623960620410,-3.0211,-6.0473,6.6308,0.3736,-0.1397,-0.6446
1623960620419,-3.0618,-6.4493,6.8103,0.1171,-0.1006,-0.6226
1623960620427,-2.9230,-6.5857,7.1836,0.0511,-0.0689,-0.6324
1623960620436,-2.7986,-6.6001,7.3200,0.2075,-0.0737,-0.6556
1623960620446,-2.5234,-6.7413,7.3343,0.4714,-0.1104,-0.6360
1623960620455,-2.3607,-6.6264,7.3271,0.6412,-0.1434,-0.5737
1623960620465,-2.3272,-6.3871,7.2745,0.5899,-0.1324,-0.4809
1623960620477,-2.4684,-6.1215,7.1860,0.4189,-0.1116,-0.3966
1623960620487,-2.6239,-6.0139,7.2434,0.2808,-0.0811,-0.3563
1623960620496,-2.7435,-5.9540,7.3008,0.2344,-0.0591,-0.3477
1623960620506,-2.8799,-5.8368,7.4324,0.2796,-0.0420,-0.3367
1623960620515,-2.9350,-5.7243,7.4994,0.4176,-0.0505,-0.3257
1623960620525,-2.8440,-5.5329,7.5329,0.5764,-0.0737,-0.3184
1623960620534,-2.7364,-5.2960,7.5545,0.6497,-0.0909,-0.3050
1623960620544,-2.6837,-5.0328,7.4540,0.6119,-0.0945,-0.2817
1623960620554,-2.7196,-4.6954,7.3271,0.4995,-0.0909,-0.2817
1623960620563,-2.7794,-4.4274,7.2578,0.3626,-0.0909,-0.3074
1623960620573,-2.6813,-4.6906,7.4300,0.2527,-0.1006,-0.3404
1623960620582,-2.4755,-5.1859,7.5880,0.2026,-0.0994,-0.3856
1623960620591,-2.3080,-5.5137,7.7124,0.2087,-0.0872,-0.4149
1623960620602,-2.2650,-5.7148,7.7698,0.2417,-0.0909,-0.4002
1623960620611,-2.1358,-5.8009,7.8966,0.3040,-0.1275,-0.3746
1623960620621,-2.0664,-5.6597,7.9134,0.3345,-0.1519,-0.3379
1623960620630,-2.0520,-5.4563,7.7985,0.2759,-0.1678,-0.2903
1623960620640,-2.1334,-5.4420,7.6980,0.1647,-0.1703,-0.2598
1623960620648,-2.2434,-5.5568,7.6621,0.0731,-0.1544,-0.2500
1623960620659,-2.3415,-5.4803,7.7531,0.0389,-0.1361,-0.2488
1623960620669,-2.3009,-5.3247,8.0306,0.1159,-0.1251,-0.2598
1623960620678,-2.2339,-5.3319,8.1933,0.3199,-0.1263,-0.2732
1623960620688,-2.1669,-5.2218,8.3154,0.5483,-0.1263,-0.2683
1623960620698,-2.0616,-5.1979,8.3441,0.6668,-0.1287,-0.2549
1623960620707,-1.9108,-5.1165,8.2914,0.6302,-0.1287,-0.2231
1623960620717,-1.8343,-4.8964,8.1503,0.4237,-0.1104,-0.1767
1623960620725,-1.9611,-4.9371,7.8607,0.1354,-0.0835,-0.1400
1623960620734,-2.0879,-5.1285,7.7507,-0.1040,-0.0591,-0.1278
1623960620744,-2.1190,-5.2601,7.7459,-0.2164,-0.0408,-0.1425
1623960620753,-2.1860,-5.2003,7.8440,-0.1725,-0.0347,-0.1523
1623960620764,-2.2650,-5.0974,7.9588,0.0328,-0.0530,-0.1571
1623960620774,-2.2219,-5.1524,8.1168,0.2979,-0.0847,-0.1583
1623960620784,-2.1190,-5.2242,8.1670,0.4946,-0.1165,-0.1498
1623960620794,-1.9635,-4.9849,8.2197,0.5508,-0.1324,-0.1254
1623960620803,-1.8486,-4.8150,8.1263,0.4860,-0.1422,-0.0997
1623960620813,-1.9635,-4.7576,8.0785,0.3517,-0.1519,-0.0875
1623960620823,-1.9659,-4.5829,8.0546,0.2234,-0.1568,-0.0936
1623960620832,-2.0712,-4.4561,7.9708,0.0890,-0.1519,-0.1009
1623960620842,-2.1166,-4.3724,7.7866,0.0157,-0.1556,-0.0985
1623960620852,-2.1118,-4.5351,7.8895,-0.0100,-0.1776,-0.1046
1623960620861,-2.0448,-4.8270,7.9708,-0.0149,-0.1898,-0.1144
1623960620871,-2.0305,-5.0950,8.1718,0.0022,-0.1862,-0.1156
1623960620880,-2.0353,-5.2123,8.2077,0.0670,-0.1813,-0.1192
1623960620889,-1.8247,-4.8964,8.4302,0.2075,-0.1898,-0.1388
1623960620898,-1.8343,-4.7624,8.5714,0.3455,-0.1922,-0.1510
1623960620908,-1.7649,-4.7385,8.6121,0.4579,-0.1764,-0.1449
1623960620919,-1.7697,-4.7169,8.5786,0.4848,-0.1519,-0.1400
1623960620928,-1.8151,-4.5351,8.4063,0.4079,-0.1202,-0.1022
1623960620938,-1.9108,-4.4657,8.2579,0.2698,-0.1055,-0.0704
1623960620947,-2.0401,-4.6715,8.1311,0.0988,-0.0896,-0.0618
1623960620957,-2.0592,-4.8174,8.1551,-0.0735,-0.0737,-0.0606
1623960620967,-2.0640,-4.8844,8.2747,-0.1981,-0.0615,-0.0704
1623960620976,-2.1094,-4.8462,8.1551,-0.1993,-0.0627,-0.0765
1623960620986,-1.9922,-4.7289,8.0952,-0.1089,-0.0872,-0.0802
1623960620995,-1.9539,-4.7313,8.2508,0.0145,-0.1202,-0.0765
1623960621005,-2.0520,-4.5399,8.1886,0.0927,-0.1361,-0.0545
1623960621015,-2.0329,-4.9251,8.3441,0.0988,-0.1580,-0.0350
1623960621022,-2.3200,-5.2482,8.0905,0.0914,-0.1629,-0.0215
1623960621032,-2.1980,-5.0783,8.1072,0.0499,-0.1788,0.0090
1623960621042,-2.0401,-4.9084,8.2914,0.0303,-0.1800,0.0127
1623960621051,-1.9802,-4.8079,8.4278,0.1256,-0.1776,0.0127
1623960621063,-1.9994,-4.6476,8.4901,0.2759,-0.1837,0.0017
1623960621073,-1.6309,-4.7552,8.8274,0.3846,-0.1910,-0.0142
1623960621082,-1.5232,-4.9347,8.9543,0.4262,-0.1605,-0.0142
1623960621091,-1.4323,-4.7504,8.8873,0.3846,-0.1177,0.0078
1623960621101,-1.4849,-4.3197,8.6982,0.2661,-0.0909,0.0200
1623960621111,-1.7362,-4.0015,8.3226,0.1146,-0.0737,0.0359
1623960621120,-1.9563,-4.5686,7.6478,-0.0442,-0.0627,0.0432
1623960621130,-2.0137,-5.5951,7.5808,-0.1798,-0.0444,0.0286
1623960621140,-1.9324,-5.7291,7.9397,-0.2458,-0.0078,0.0347
1623960621149,-1.6859,-4.9801,8.4661,-0.2005,-0.0188,0.0542
1623960621159,-1.3533,-4.2025,8.5331,0.0120,-0.0860,0.0505
1623960621169,-1.1021,-4.0326,8.6312,0.2503,-0.1470,0.0444
1623960621178,-1.0901,-4.1116,8.6456,0.3187,-0.1348,0.0774
1623960621188,-1.1356,-4.4322,8.5642,0.2209,-0.0786,0.0896
1623960621197,-1.4442,-5.1261,8.5882,0.0645,-0.0066,0.1165
1623960621207,-1.8917,-5.7219,8.0881,0.0193,0.0618,0.1617
1623960621217,-2.1669,-6.1598,7.6071,0.1183,0.0338,0.1458
1623960621226,-1.8893,-5.2458,7.6191,0.2503,-0.0395,0.1519
1623960621235,-1.5208,-4.0517,8.2173,0.2429,-0.1067,0.1862
1623960621246,-1.4610,-3.3483,8.5331,0.2087,-0.1202,0.1617
1623960621255,-1.4442,-3.5612,8.5929,0.1427,-0.0847,0.1092
1623960621265,-1.5399,-3.8196,8.6575,0.0816,-0.0127,0.0725
1623960621274,-1.6022,-3.8483,8.6408,0.0682,0.0484,0.0481
1623960621284,-1.7888,-3.9010,8.2914,0.1183,0.0472,0.0579
1623960621293,-1.8510,-4.4585,7.6789,0.1806,0.0130,0.0823
1623960621303,-2.0137,-5.3271,7.4563,0.1562,-0.0090,0.0786
1623960621313,-1.8271,-5.3080,8.0402,0.0621,-0.0188,0.0823
1623960621322,-1.8654,-4.5638,8.8609,-0.0662,-0.0359,0.1043
1623960621332,-1.3725,-3.6402,8.6791,-0.0833,-0.0493,0.0933
1623960621339,-1.5376,-3.7048,8.4709,0.0230,-0.1055,0.0322
1623960621349,-1.6859,-4.0206,8.4326,0.0230,-0.0945,0.0493
1623960621359,-1.7553,-4.4896,8.3943,-0.0845,-0.0395,0.0444
1623960621368,-1.8319,-4.6787,8.6001,-0.1065,0.0057,0.0261
1623960621378,-1.7505,-4.5686,8.4996,-0.0246,0.0179,0.0188
1623960621390,-1.6309,-4.4442,8.5594,0.0829,-0.0127,0.0103
1623960621399,-1.5782,-4.3700,8.3991,0.1073,-0.0139,0.0212
1623960621409,-1.5806,-4.6547,8.4135,0.0462,0.0007,0.0310
1623960621418,-1.6524,-4.8246,8.4135,-0.0271,0.0215,0.0371
1623960621428,-1.6380,-4.7648,8.5092,-0.0552,0.0374,0.0493
1623960621435,-1.6716,-4.5399,8.5379,0.0010,0.0264,0.0591
1623960621447,-1.6620,-4.3508,8.5738,0.0841,0.0057,0.0640
1623960621457,-1.6117,-4.2886,8.5379,0.1171,0.0032,0.0701
1623960621466,-1.7218,-4.4035,8.5427,0.0755,0.0191,0.0774
1623960621476,-1.8414,-4.4777,8.5355,0.0352,0.0521,0.0811
1623960621486,-1.8462,-4.5710,8.5427,0.0291,0.0643,0.0847
1623960621495,-1.7481,-4.7720,8.6863,0.0389,0.0655,0.0933
1623960621505,-1.7242,-4.9443,8.7437,0.0511,0.0802,0.1141
1623960621514,-1.6883,-4.9036,8.9279,0.0731,0.0887,0.1373
1623960621524,-1.6357,-4.7098,8.8394,0.1122,0.0997,0.1483
1623960621534,-1.5854,-4.4872,8.7844,0.1574,0.1058,0.1544
1623960621543,-1.5041,-4.5375,8.7604,0.1916,0.1242,0.1581
1623960621553,-1.4012,-4.7911,8.8179,0.1965,0.1498,0.1727
1623960621562,-1.4083,-5.0232,8.8849,0.1464,0.1816,0.2094
1623960621572,-1.3437,-5.0783,8.8466,0.0474,0.2085,0.2607
1623960621582,-1.1978,-5.0376,8.8370,-0.0564,0.2194,0.3010
1623960621591,-1.0877,-5.0950,8.8944,-0.1370,0.2427,0.3389
1623960621601,-1.2313,-5.2625,8.9040,-0.1859,0.2732,0.3768
1623960621610,-1.3964,-5.3056,8.9255,-0.2128,0.3013,0.4268
1623960621620,-1.4706,-5.2410,8.9208,-0.2286,0.3184,0.4733
1623960621630,-1.5663,-5.2314,8.8729,-0.2213,0.3367,0.5185
1623960621637,-1.5567,-5.3199,8.8418,-0.1761,0.3502,0.5661
1623960621647,-1.4538,-5.3032,8.9566,-0.1810,0.3661,0.6174
1623960621656,-1.3677,-5.2075,8.8705,-0.2433,0.4003,0.6614
1623960621666,-1.3222,-5.0065,8.7126,-0.3508,0.4210,0.7103
1623960621676,-1.4825,-4.8749,8.4542,-0.5109,0.4284,0.7604
1623960621688,-1.6787,-4.7433,8.2364,-0.7320,0.4418,0.8056
1623960621697,-1.8295,-4.8414,8.1455,-0.9996,0.4504,0.8386
1623960621707,-1.9443,-5.0902,8.2484,-1.2280,0.4455,0.8654
1623960621716,-1.9994,-5.1788,8.1503,-1.3881,0.4381,0.9021
1623960621726,-2.0640,-5.2888,7.9158,-1.5322,0.4052,0.9436
1623960621735,-2.2889,-5.4803,7.6238,-1.6544,0.3636,0.9864
1623960621745,-2.5378,-5.6023,7.3511,-1.7473,0.3257,1.0133
1623960621755,-2.7411,-5.5377,7.3535,-1.8267,0.2879,1.0352
1623960621763,-2.8775,-5.3893,7.3080,-1.8768,0.2512,1.0524
1623960621773,-2.9685,-5.4539,7.1979,-1.8670,0.2023,1.0621
1623960621783,-3.0403,-5.4204,7.0113,-1.8572,0.1523,1.0731
1623960621793,-3.1958,-5.2960,6.8653,-1.8792,0.1070,1.0780
1623960621803,-3.3848,-5.3008,6.6452,-1.9195,0.0594,1.0768
1623960621812,-3.5116,-5.3032,6.4825,-1.9146,-0.0029,1.0646
1623960621822,-3.6959,-5.5257,6.3461,-1.8829,-0.0676,1.0573
1623960621831,-3.8873,-5.6621,6.1116,-1.8145,-0.1275,1.0536
1623960621841,-4.0596,-5.6047,5.9225,-1.7277,-0.1959,1.0292
1623960621851,-4.2151,-5.5855,5.9848,-1.6446,-0.2741,1.0084
1623960621860,-4.2678,-5.5975,6.2432,-1.5029,-0.3450,0.9717
1623960621869,-4.2223,-5.5114,6.4250,-1.3294,-0.4097,0.9253
1623960621878,-4.1529,-5.1907,6.3915,-1.1926,-0.4610,0.8923
1623960621887,-4.2032,-4.9586,6.2384,-1.0948,-0.4952,0.8557
1623960621899,-4.4640,-5.0280,6.0733,-0.9971,-0.5038,0.8117
1623960621908,-4.6841,-5.1788,5.7957,-0.9067,-0.4977,0.7653
1623960621918,-4.7296,-5.1548,5.4799,-0.8468,-0.5014,0.7103
1623960621928,-4.7272,-5.1213,5.2789,-0.8297,-0.5172,0.6736
1623960621935,-4.6745,-4.9586,5.4512,-0.8017,-0.5380,0.6394
1623960621945,-4.5812,-4.8797,5.8651,-0.7845,-0.5722,0.5796
1623960621954,-4.5286,-5.1261,6.2839,-0.7674,-0.5856,0.5172
1623960621964,-4.4879,-5.3415,6.3245,-0.7210,-0.5734,0.4513
1623960621975,-4.4472,-5.4396,6.2719,-0.6868,-0.5466,0.3926
1623960621985,-4.5573,-5.5185,6.1020,-0.6306,-0.5136,0.3670
1623960621995,-4.7248,-5.2864,5.8125,-0.5194,-0.4867,0.3340
1623960622005,-4.8947,-5.0208,5.4727,-0.4058,-0.4769,0.2912
1623960622014,-4.9928,-4.8940,5.1234,-0.3129,-0.4806,0.2570
1623960622023,-4.9186,-4.8127,4.8075,-0.2665,-0.5001,0.2179
1623960622033,-4.7152,-4.7744,5.0252,-0.2922,-0.5294,0.1752
1623960622043,-4.4807,-4.6810,5.4679,-0.3753,-0.5515,0.1458
1623960622053,-4.3539,-4.7241,5.8077,-0.4791,-0.5795,0.1068
1623960622062,-4.3060,-5.0017,5.8795,-0.5658,-0.6028,0.0567
1623960622072,-4.2343,-5.4659,5.7574,-0.6477,-0.6101,0.0176
1623960622081,-4.1960,-5.7841,5.5541,-0.7271,-0.6052,-0.0105
1623960622091,-4.1768,-5.8368,5.2908,-0.7686,-0.5930,-0.0313
1623960622101,-4.1984,-5.8320,5.0372,-0.7406,-0.5930,-0.0618
1623960622110,-4.1601,-5.9086,4.9415,-0.6489,-0.6138,-0.1058
1623960622119,-4.0357,-6.0689,5.1042,-0.5500,-0.6479,-0.1339
1623960622130,-3.8155,-6.2938,5.5517,-0.4901,-0.6785,-0.1437
1623960622139,-3.6097,-6.3895,5.9393,-0.4644,-0.6968,-0.1474
1623960622149,-3.5475,-6.4565,6.1379,-0.4938,-0.6968,-0.1388
1623960622158,-3.5523,-6.6479,6.1523,-0.5231,-0.6797,-0.1302
1623960622168,-3.5739,-6.9040,6.1355,-0.5109,-0.6479,-0.1278
1623960622177,-3.5667,-7.1624,6.2025,-0.4644,-0.6028,-0.1266
1623960622187,-3.5021,-7.2486,6.2647,-0.3533,-0.5551,-0.1254
1623960622197,-3.4135,-7.1433,6.2623,-0.2213,-0.5160,-0.1205
1623960622207,-3.3346,-6.9710,6.2839,-0.1150,-0.4891,-0.1070
1623960622216,-3.3178,-6.7604,6.3293,-0.0503,-0.4561,-0.0863
1623960622226,-3.2532,-6.9375,6.5351,-0.0564,-0.4061,-0.0728
1623960622235,-3.1742,-7.1409,6.7552,-0.0955,-0.3499,-0.0618
1623960622245,-3.0642,-7.3730,6.8223,-0.1749,-0.2924,-0.0374
1623960622252,-3.0642,-7.5835,6.9754,-0.2616,-0.2399,0.0090
1623960622262,-3.1886,-7.4759,6.9156,-0.2763,-0.1800,0.0518
1623960622271,-3.1910,-7.2916,6.8366,-0.2323,-0.1299,0.0615
1623960622281,-3.2077,-7.2533,6.8246,-0.1639,-0.0896,0.0701
1623960622291,-3.2221,-7.2390,6.8581,-0.1016,-0.0359,0.0909
1623960622303,-3.3202,-7.1935,6.8031,-0.0540,0.0240,0.1104
1623960622312,-3.3776,-7.1696,6.8079,-0.0283,0.0618,0.1312
1623960622322,-3.4040,-7.1122,6.8199,-0.0210,0.0948,0.1434
1623960622331,-3.4183,-7.1145,6.9204,-0.0381,0.1376,0.1495
1623960622341,-3.4231,-7.0188,6.9634,-0.0625,0.1743,0.1617
1623960622351,-3.3824,-6.9279,6.9778,-0.0796,0.2085,0.1654
1623960622360,-3.3513,-6.9423,6.9682,-0.0735,0.2366,0.1666
1623960622370,-3.3872,-6.9160,6.8534,-0.0478,0.2695,0.1703
1623960622379,-3.4829,-6.7987,6.7337,-0.0100,0.2964,0.1727
1623960622389,-3.5571,-6.8370,6.6548,0.0438,0.3147,0.1764
1623960622399,-3.5571,-6.7748,6.5447,0.1329,0.3282,0.1764
1623960622408,-3.5379,-6.6025,6.4514,0.2221,0.3404,0.1605
1623960622418,-3.5092,-6.4182,6.3557,0.2808,0.3502,0.1422
1623960622427,-3.4973,-6.2148,6.3604,0.3248,0.3599,0.1251
1623960622437,-3.4973,-6.0354,6.3604,0.3382,0.3673,0.0994
1623960622446,-3.5786,-5.9588,6.3317,0.3248,0.3746,0.0701
1623960622456,-3.6528,-6.0689,6.3413,0.2942,0.3819,0.0396
1623960622466,-3.6289,-6.2723,6.3317,0.2759,0.3990,0.0054
1623960622476,-3.6049,-6.3967,6.2552,0.2759,0.4088,-0.0215
1623960622485,-3.5356,-6.4757,6.2049,0.2771,0.4198,-0.0386
1623960622495,-3.5356,-6.4135,6.2073,0.3028,0.4320,-0.0496
1623960622504,-3.5762,-6.3273,6.1259,0.3565,0.4528,-0.0679
1623960622514,-3.5906,-6.1215,6.1044,0.4543,0.4638,-0.0960
1623960622524,-3.6648,-5.9253,6.0637,0.5313,0.4687,-0.1290
1623960622533,-3.7988,-5.7530,6.0661,0.5948,0.4760,-0.1571
1623960622543,-3.8969,-5.5377,6.0159,0.6290,0.4809,-0.1865
1623960622552,-3.9567,-5.3510,5.8651,0.5948,0.4833,-0.2182
1623960622561,-3.9687,-5.4539,5.8675,0.5092,0.4870,-0.2451
1623960622569,-3.9232,-5.6693,5.8053,0.4140,0.5005,-0.2756
1623960622579,-3.8538,-5.8966,5.7670,0.3321,0.5175,-0.3159
1623960622589,-3.8466,-6.0426,5.7407,0.3003,0.5371,-0.3428
1623960622598,-3.9208,-6.2148,5.7574,0.3517,0.5432,-0.3648
1623960622608,-3.9711,-6.2675,5.8316,0.4775,0.5298,-0.4112
1623960622620,-3.9543,-6.1359,5.8579,0.6045,0.5090,-0.4479
1623960622629,-3.9280,-5.8535,5.8579,0.6534,0.4882,-0.4467
1623960622639,-3.9519,-5.5951,5.7766,0.6424,0.4687,-0.4479
1623960622648,-3.9232,-5.5903,5.6402,0.6045,0.4528,-0.4772
1623960622658,-3.8969,-5.8033,5.5828,0.5447,0.4479,-0.5114
1623960622668,-3.9041,-6.0785,5.5852,0.4958,0.4516,-0.5334
1623960622677,-3.8275,-6.3680,5.6402,0.4885,0.4467,-0.5530
1623960622687,-3.8155,-6.4924,5.6737,0.5386,0.4259,-0.5774
1623960622697,-3.8227,-6.3465,5.6641,0.6045,0.4039,-0.5847
1623960622706,-3.8634,-6.0713,5.5660,0.6632,0.3722,-0.5750
1623960622716,-3.8658,-5.8248,5.4895,0.7121,0.3318,-0.5847
1623960622725,-3.8442,-5.6310,5.5660,0.7377,0.2989,-0.6079
1623960622735,-3.8179,-5.6119,5.5971,0.7438,0.2769,-0.6360
1623960622743,-3.7509,-5.7171,5.6641,0.7475,0.2488,-0.6763
1623960622754,-3.5834,-5.7961,5.6952,0.7169,0.2207,-0.7081
1623960622763,-3.3681,-5.8033,5.6258,0.6278,0.1975,-0.7155
1623960622773,-3.1695,-5.8296,5.5828,0.4946,0.1816,-0.7155
1623960622783,-3.0929,-5.8655,5.5277,0.3431,0.1730,-0.7240
1623960622793,-3.1001,-6.0210,5.5062,0.2002,0.1596,-0.7436
1623960622802,-3.1838,-6.1837,5.6019,0.1293,0.1413,-0.7729
1623960622812,-3.2771,-6.2818,5.6067,0.1305,0.1156,-0.8059
1623960622821,-3.2652,-6.3106,5.5660,0.1916,0.0680,-0.8291
1623960622831,-3.1216,-6.3465,5.6019,0.2600,0.0166,-0.8315
1623960622841,-2.9804,-6.3943,5.7120,0.2881,-0.0322,-0.8242
1623960622850,-2.8632,-6.5044,5.7574,0.2600,-0.0652,-0.8156
1623960622860,-2.7770,-6.7891,5.9321,0.2075,-0.0811,-0.8046
1623960622869,-2.6909,-7.0452,6.1116,0.1757,-0.0933,-0.7961
1623960622879,-2.6143,-7.0715,6.2767,0.1940,-0.1067,-0.7888
1623960622887,-2.5617,-6.9877,6.3509,0.2319,-0.1116,-0.7692
1623960622896,-2.4923,-6.8681,6.4418,0.3272,-0.1214,-0.7558
1623960622906,-2.4516,-6.9016,6.5231,0.4347,-0.1299,-0.7558
1623960622915,-2.4612,-6.8370,6.5590,0.5092,-0.1324,-0.7387
1623960622925,-2.3344,-6.8753,6.5112,0.5105,-0.1324,-0.7032
1623960622937,-2.1645,-7.0212,6.6069,0.4457,-0.1299,-0.6813
1623960622946,-2.0951,-7.0811,6.8246,0.3235,-0.1104,-0.6495
1623960622956,-2.0472,-7.1672,6.8127,0.1745,-0.0909,-0.6079
1623960622966,-1.9970,-7.2844,6.8725,0.0841,-0.0799,-0.5884
1623960622975,-1.9108,-7.1887,6.8940,0.0584,-0.0664,-0.5750
1623960622984,-1.8797,-7.1289,6.8127,0.0951,-0.0530,-0.5432
1623960622994,-1.8917,-7.1720,6.8869,0.2185,-0.0469,-0.5175
1623960623004,-1.8606,-7.2629,6.9443,0.3724,-0.0408,-0.5126
1623960623014,-1.8175,-7.1624,6.9108,0.4885,-0.0383,-0.4894
1623960623023,-1.8103,-6.9279,6.8677,0.5178,-0.0371,-0.4369
1623960623033,-1.8414,-6.6121,6.8486,0.4506,-0.0444,-0.3783
1623960623042,-1.8367,-6.3871,6.8390,0.3077,-0.0518,-0.3416
1623960623052,-1.8438,-6.3895,6.8940,0.1317,-0.0481,-0.3221
1623960623062,-1.8271,-6.5642,6.9395,-0.0185,-0.0347,-0.3135
1623960623071,-1.8438,-6.6575,6.9802,-0.0674,-0.0237,-0.3147
1623960623081,-1.8821,-6.7413,7.0089,0.0206,-0.0261,-0.3294
1623960623090,-1.8391,-6.8872,6.9251,0.2124,-0.0432,-0.3502
1623960623098,-1.7194,-6.9231,6.8821,0.4005,-0.0701,-0.3441
1623960623110,-1.5495,-6.7173,6.9826,0.4812,-0.0847,-0.3123
1623960623119,-1.4873,-6.4278,7.0233,0.4201,-0.0860,-0.2769
1623960623129,-1.4873,-6.3106,7.0831,0.2625,-0.0921,-0.2512
1623960623138,-1.5543,-6.4278,7.2171,0.0780,-0.0884,-0.2341
1623960623148,-1.6835,-6.6264,7.2554,-0.1004,-0.0750,-0.2170
1623960623158,-1.6955,-6.7867,7.2960,-0.1749,-0.0615,-0.2109
1623960623167,-1.7122,-6.7796,7.1477,-0.1321,-0.0505,-0.2084
1623960623176,-1.7505,-6.6001,7.1429,0.0157,-0.0457,-0.2084
1623960623187,-1.7457,-6.2866,7.1620,0.2063,-0.0334,-0.2084
1623960623196,-1.7433,-6.0856,7.1931,0.3663,-0.0285,-0.2084
1623960623204,-1.7577,-5.9827,7.2697,0.4140,-0.0273,-0.1987
1623960623213,-1.7936,-5.9540,7.2554,0.3297,-0.0261,-0.1852
1623960623223,-1.8391,-5.9708,7.2649,0.1329,-0.0188,-0.1755
1623960623232,-1.8510,-6.0139,7.2386,-0.0796,-0.0029,-0.1693
1623960623242,-1.8606,-6.0139,7.1908,-0.2177,0.0166,-0.1767
1623960623254,-1.8917,-6.0976,7.1166,-0.2372,0.0289,-0.1950
1623960623263,-1.8917,-6.1598,7.1549,-0.1517,0.0276,-0.2097
1623960623273,-1.7984,-6.1670,7.1285,-0.0466,0.0191,-0.2146
1623960623282,-1.6548,-6.1957,7.1022,-0.0039,0.0044,-0.2146
1623960623292,-1.6237,-6.3225,7.0352,-0.0417,0.0069,-0.2072
1623960623302,-1.5854,-6.5331,6.9969,-0.1211,0.0228,-0.2109
1623960623311,-1.5376,-6.6384,7.1525,-0.1407,0.0484,-0.2292
1623960623321,-1.6069,-6.6838,7.2171,-0.0466,0.0655,-0.2512
1623960623331,-1.5998,-6.5546,7.2171,0.1415,0.0557,-0.2500
1623960623340,-1.6069,-6.3584,7.2147,0.3016,0.0350,-0.2207
1623960623350,-1.6404,-6.2196,7.2003,0.3468,0.0179,-0.1865
1623960623359,-1.6859,-6.1407,7.0855,0.2845,0.0154,-0.1669
1623960623369,-1.6811,-6.1000,7.1166,0.1207,0.0264,-0.1645
1623960623379,-1.6093,-6.1526,7.1237,-0.0515,0.0508,-0.1730
1623960623388,-1.4418,-6.3728,7.1046,-0.1517,0.0789,-0.1938
1623960623398,-1.4227,-6.5187,7.0137,-0.1895,0.0924,-0.1987
1623960623408,-1.4275,-6.6791,7.0567,-0.2250,0.1009,-0.1840
1623960623417,-1.5065,-6.7365,6.9706,-0.2103,0.0900,-0.1742
1623960623427,-1.5567,-6.7197,6.9132,-0.1431,0.0753,-0.1718
1623960623436,-1.6787,-6.5594,6.7959,-0.0344,0.0557,-0.1755
1623960623446,-1.6835,-6.5355,6.8079,0.0927,0.0350,-0.1828
1623960623456,-1.5519,-6.4805,7.0017,0.2124,0.0154,-0.1865
1623960623465,-1.2720,-6.6551,7.0759,0.2637,-0.0053,-0.1693
1623960623475,-1.1523,-6.8418,7.2147,0.2099,-0.0163,-0.1180
1623960623485,-1.1356,-6.6743,7.2266,0.0792,-0.0115,-0.0692
1623960623494,-1.1834,-6.7580,7.0735,-0.0149,-0.0151,-0.0582
1623960623501,-1.3126,-6.8202,6.8749,-0.0185,-0.0347,-0.0472
1623960623511,-1.3964,-6.7221,6.7888,0.0316,-0.0371,-0.0435
1623960623521,-1.3940,-6.7820,6.9610,0.1110,-0.0469,-0.0386
1623960623530,-1.4179,-6.8490,7.0233,0.2368,-0.0591,-0.0252
1623960623540,-1.2983,-6.5690,7.0663,0.3504,-0.0737,-0.0056
1623960623552,-1.2313,-6.3010,7.0017,0.4237,-0.1006,0.0078
1623960623561,-1.2696,-6.1239,6.9826,0.4372,-0.1361,0.0469
1623960623571,-1.1523,-6.0067,7.0065,0.3712,-0.1470,0.0713
1623960623580,-0.9824,-6.3776,7.3487,0.2612,-0.1434,0.0701
1623960623590,-1.0973,-6.7341,7.5616,0.2136,-0.1165,0.0786
1623960623600,-1.1427,-6.7317,7.4683,0.2417,-0.0994,0.1043
1623960623609,-1.1427,-6.6240,7.4827,0.3871,-0.1067,0.0896
1623960623619,-1.2672,-6.2675,7.4061,0.5654,-0.1116,0.1092
1623960623628,-1.1499,-5.9373,7.5425,0.6534,-0.1238,0.1397
1623960623638,-1.1021,-5.9134,7.6765,0.6339,-0.1116,0.1483
1623960623648,-1.3078,-5.8846,7.6741,0.5337,-0.0774,0.1678
1623960623657,-1.4538,-5.7387,7.6573,0.4518,-0.0457,0.1654
1623960623667,-1.5663,-5.8200,7.5018,0.4555,-0.0347,0.1422
1623960623677,-1.5902,-5.5329,7.5377,0.5410,-0.0420,0.1458
1623960623686,-1.6380,-5.2075,7.4420,0.6424,-0.0579,0.1495
1623960623696,-1.4945,-4.8892,7.6430,0.7316,-0.0835,0.1495
1623960623705,-1.3437,-5.1381,7.9086,0.7621,-0.0909,0.1519
1623960623715,-1.5399,-5.5544,7.9708,0.6888,-0.0750,0.1825
1623960623724,-1.6261,-6.4493,7.6980,0.5716,-0.0432,0.1923
1623960623733,-1.8271,-6.2794,7.8990,0.5581,-0.0285,0.1776
1623960623743,-1.8797,-5.1788,7.6573,0.6351,-0.0518,0.1862
1623960623753,-1.6596,-4.5925,7.8201,0.7597,-0.1361,0.1813
1623960623762,-1.5399,-4.3389,7.9660,0.8562,-0.1739,0.1764
1623960623772,-1.5065,-4.5040,8.0593,0.7524,-0.1446,0.1666
1623960623782,-1.5998,-4.7050,8.1096,0.6070,-0.1092,0.1239
1623960623790,-1.7074,-4.7433,8.1455,0.5105,-0.0835,0.0933
1623960623799,-1.7314,-4.5734,8.0258,0.4628,-0.0860,0.0799
1623960623809,-1.6644,-4.5159,8.0761,0.4457,-0.0933,0.0554
1623960623818,-1.7553,-4.6643,7.9684,0.4115,-0.0994,0.0359
1623960623828,-1.6452,-5.1165,7.7890,0.3382,-0.1067,0.0237
1623960623840,-1.5471,-5.1931,8.1862,0.2698,-0.1116,-0.0056
1623960623849,-1.4012,-4.6978,8.4326,0.2148,-0.0970,-0.0203
1623960623859,-1.2217,-4.4633,8.4757,0.1427,-0.1104,-0.0240
1623960623869,-1.1571,-4.5112,8.4996,0.0316,-0.0896,-0.0423
1623960623878,-1.2839,-4.8773,8.4565,-0.1065,-0.0334,-0.0765
1623960623888,-1.3461,-5.1381,8.3465,-0.2177,0.0117,-0.0912
1623960623897,-1.4490,-5.1907,8.2508,-0.2751,0.0313,-0.0936
1623960623907,-1.5734,-5.3702,8.1216,-0.2849,0.0399,-0.0960
1623960623917,-1.5232,-5.5760,8.0115,-0.2482,0.0399,-0.0973
1623960623926,-1.5041,-5.6238,8.1168,-0.2201,0.0411,-0.0924
1623960623936,-1.4418,-5.5185,8.3106,-0.1908,0.0570,-0.0826
1623960623946,-1.4251,-5.3223,8.3273,-0.1431,0.0545,-0.0728
1623960623955,-1.4012,-5.2386,8.1862,-0.0882,0.0435,-0.0545
1623960623965,-1.4012,-5.2960,8.0881,-0.0735,0.0362,-0.0350
1623960623974,-1.4610,-5.3056,8.0091,-0.1077,0.0423,-0.0117
1623960623985,-1.4203,-5.3726,7.9086,-0.1566,0.0472,0.0005
1623960623994,-1.5280,-5.5377,7.9493,-0.1688,0.0472,0.0066
1623960624003,-1.5256,-5.6166,8.1263,-0.1517,0.0594,0.0115
1623960624013,-1.4514,-5.5473,8.2173,-0.1053,0.0667,0.0115
1623960624022,-1.4155,-5.3965,8.1431,-0.0503,0.0655,0.0237
1623960624032,-1.3557,-5.5401,7.9828,-0.0112,0.0557,0.0322
1623960624042,-1.3557,-5.7267,7.9134,0.0157,0.0521,0.0371
1623960624051,-1.4395,-5.7363,8.0043,0.0279,0.0680,0.0554
1623960624061,-1.4849,-5.5137,8.1909,0.0609,0.0789,0.0640
1623960624070,-1.4682,-5.3080,8.2436,0.1256,0.0753,0.0762
1623960624080,-1.3701,-5.2936,8.1838,0.1708,0.0716,0.0957
1623960624087,-1.3366,-5.3558,8.1192,0.1513,0.0765,0.1153
1623960624097,-1.2959,-5.5640,8.0665,0.0719,0.0936,0.1361
1623960624107,-1.3055,-5.7889,8.0354,0.0145,0.1107,0.1532
1623960624116,-1.2504,-5.9971,8.1144,0.0120,0.1339,0.1740
1623960624126,-1.3437,-5.9684,8.1766,0.0902,0.1413,0.1996
1623960624138,-1.4562,-5.8081,8.1287,0.2307,0.1364,0.2228
1623960624147,-1.4514,-5.6454,8.0593,0.3700,0.1095,0.2546
1623960624157,-1.4538,-5.6214,7.9373,0.4311,0.0887,0.2876
1623960624167,-1.3940,-5.7387,7.8679,0.4176,0.0814,0.3157
1623960624176,-1.3366,-5.8320,7.9828,0.3468,0.0863,0.3523
1623960624186,-1.3294,-5.7435,7.9995,0.3174,0.0936,0.3902
1623960624195,-0.9082,-6.1790,8.7437,0.3724,0.0814,0.4195
1623960624205,-1.6046,-5.2601,8.1718,0.5044,0.0997,0.4525
1623960624215,-1.5232,-5.0065,8.2556,0.6131,0.0618,0.5038
1623960624224,-1.6333,-4.8007,8.0713,0.7707,0.0020,0.4989
1623960624231,-1.7218,-4.6380,8.1072,0.7438,0.0105,0.5563
1623960624241,-2.0042,-4.6117,8.0282,0.6143,0.0276,0.5637
1623960624251,-2.1118,-4.5782,8.1359,0.5349,0.0240,0.5588
1623960624262,-2.2171,-4.2336,8.2986,0.5264,0.0130,0.5576
1623960624272,-2.2937,-3.7646,8.2938,0.5850,-0.0102,0.5527
1623960624282,-2.4468,-3.3674,8.1981,0.6864,-0.0469,0.5356
1623960624291,-2.6024,-3.2190,8.1335,0.7780,-0.0725,0.5014
1623960624301,-2.6741,-3.1975,8.1455,0.8074,-0.0774,0.4561
1623960624310,-2.6885,-3.1185,8.2938,0.7793,-0.0713,0.4110
1623960624320,-2.6598,-3.0587,8.4398,0.7169,-0.0689,0.3755
1623960624330,-2.6143,-3.0276,8.5140,0.6412,-0.0786,0.3438
1623960624339,-2.4995,-3.0180,8.5283,0.5435,-0.0860,0.3010
1623960624349,-2.3798,-3.0372,8.5331,0.4079,-0.0847,0.2668
1623960624358,-2.3152,-3.3554,8.5211,0.2661,-0.0737,0.2411
1623960624368,-2.2937,-3.7120,8.4972,0.1537,-0.0554,0.2240
1623960624378,-2.2650,-4.0206,8.5834,0.0474,-0.0322,0.2142
1623960624385,-2.2195,-4.1522,8.6360,-0.0295,-0.0127,0.1984
1623960624395,-2.0472,-4.3317,8.8131,-0.0442,-0.0066,0.1825
1623960624404,-1.8199,-4.4322,8.9088,-0.0173,-0.0005,0.1776
1623960624414,-1.6644,-4.6978,8.9040,0.0169,0.0081,0.1886
1623960624425,-1.4777,-5.1788,8.9351,0.0511,0.0215,0.2032
1623960624435,-1.2863,-5.4850,8.9279,0.0878,0.0557,0.2314
1623960624445,-1.2767,-5.4539,8.9758,0.0939,0.0961,0.2851
1623960624455,-1.3007,-5.2458,8.9758,0.1012,0.1254,0.3413
1623960624464,-1.2815,-5.1213,8.8394,0.1073,0.1388,0.4012
1623960624473,-1.2384,-5.3080,8.7939,0.0621,0.1547,0.4745
1623960624483,-1.3174,-5.4204,8.7772,-0.0307,0.1803,0.5576
1623960624493,-1.3701,-5.5664,8.8155,-0.1468,0.2048,0.6370
1623960624503,-1.3653,-5.7985,8.8298,-0.2115,0.2231,0.7078
1623960624512,-1.3055,-5.8679,9.0237,-0.1920,0.2439,0.7775
1623960624522,-1.3007,-5.7291,9.1194,-0.1114,0.2646,0.8447
1623960624532,-1.3222,-5.5903,8.9806,-0.0197,0.2622,0.9241
1623960624541,-1.4083,-5.3917,8.7652,0.0328,0.2512,1.0072
1623960624551,-1.5112,-5.1213,8.6193,-0.0222,0.2439,1.0902
1623960624558,-1.7242,-4.9371,8.5762,-0.1761,0.2476,1.1587
1623960624570,-1.8223,-4.6858,8.5882,-0.3276,0.2524,1.2148
1623960624580,-1.9228,-4.8294,8.6528,-0.4742,0.2451,1.2686
1623960624589,-2.1645,-4.9371,8.5666,-0.5634,0.2500,1.3199
1623960624599,-2.3152,-4.9012,8.5140,-0.6514,0.2366,1.3810
1623960624608,-2.5713,-4.7265,8.3321,-0.7430,0.2072,1.4348
1623960624618,-2.6694,-4.5542,8.0785,-0.7858,0.1645,1.4763
1623960624628,-2.7100,-4.2360,8.1168,-0.8017,0.1132,1.5191
1623960624637,-2.7579,-3.7550,8.4111,-0.7821,0.0765,1.5349
1623960624647,-2.8727,-3.5588,8.5953,-0.7222,0.0399,1.5288
1623960624656,-3.1025,-3.4224,8.5044,-0.6111,0.0081,1.5203
1623960624666,-3.3250,-3.4823,8.5140,-0.5219,-0.0224,1.5142
1623960624676,-3.6265,-2.9295,8.3321,-0.4718,-0.0237,1.5056
1623960624683,-3.8251,-2.0370,8.1120,-0.4632,-0.0322,1.4873
1623960624693,-4.0381,-1.5297,7.6071,-0.4718,-0.0567,1.4470
1623960624702,-3.8945,-1.7427,7.3894,-0.4754,-0.0872,1.3725
1623960624712,-3.8251,-2.1997,7.6526,-0.5280,-0.0884,1.2991
1623960624722,-3.8801,-2.2452,8.0426,-0.5915,-0.0615,1.2515
1623960624733,-3.9734,-1.9819,8.1407,-0.6208,-0.0847,1.2038
1623960624742,-4.0692,-1.7283,7.9445,-0.5854,-0.1422,1.1342
1623960624752,-4.2079,-1.5560,7.7196,-0.5536,-0.1837,1.0658
1623960624760,-4.4185,-1.2737,7.4013,-0.5817,-0.1971,0.9986
1623960624820,-4.4712,-1.4340,7.1405,-0.6514,-0.2204,0.9253
1623960624821,-4.4353,-1.7259,7.2912,-0.6917,-0.2582,0.8386
1623960624822,-4.3180,-1.7475,7.5425,-0.6978,-0.2912,0.7543
1623960624823,-4.1146,-1.8886,7.7890,-0.6978,-0.3279,0.6858
1623960624824,-4.0644,-1.9293,7.9349,-0.6575,-0.3596,0.6125
1623960624824,-4.0787,-1.9341,7.9397,-0.6159,-0.3706,0.5380
1623960624830,-4.1409,-2.2667,7.8583,-0.5976,-0.3767,0.4623
1623960624839,-4.3252,-2.3050,7.6717,-0.5182,-0.3682,0.3938
1623960624848,-4.3180,-2.3552,7.4133,-0.4473,-0.3755,0.3401
1623960624858,-4.2965,-2.3265,7.2793,-0.3655,-0.4036,0.2876
1623960624867,-4.2845,-2.2643,7.1501,-0.3032,-0.4134,0.2338
1623960624877,-4.1697,-2.3385,7.4013,-0.2995,-0.4354,0.1935
1623960624887,-4.0500,-2.6376,7.7626,-0.3301,-0.4574,0.1593
1623960624894,-4.0117,-2.7764,8.0522,-0.3765,-0.4610,0.1239
1623960624906,-4.0931,-2.9702,8.1646,-0.4534,-0.4574,0.0774
1623960624916,-4.1721,-3.3147,8.2532,-0.5121,-0.4500,0.0347
1623960624925,-4.1864,-3.7311,8.0139,-0.5304,-0.4354,0.0054
1623960624935,-4.2079,-4.0087,7.9852,-0.5060,-0.4171,-0.0007
1623960624945,-4.2726,-4.0015,7.8081,-0.4254,-0.3828,0.0127
1623960624954,-4.2845,-3.8412,7.6884,-0.2482,-0.3841,0.0041
1623960624964,-4.2797,-3.6210,7.8464,-0.0613,-0.4012,-0.0191
1623960624973,-4.1768,-3.5540,8.1909,0.0609,-0.4073,-0.0240
1623960624981,-4.0883,-3.5205,8.5547,0.0694,-0.3902,-0.0166
1623960624990,-4.0093,-3.7072,8.8418,-0.0222,-0.3511,-0.0093
1623960625000,-3.9926,-4.2121,8.8322,-0.1480,-0.3071,-0.0032
1623960625010,-4.1290,-4.4346,8.6647,-0.2396,-0.2521,0.0237
1623960625020,-4.0452,-4.5758,8.3704,-0.2763,-0.2204,0.0603
1623960625029,-3.9447,-4.6643,8.2627,-0.1627,-0.2277,0.0786
1623960625040,-3.8418,-4.4777,8.4183,0.0755,-0.2240,0.0957
1623960625050,-3.8562,-4.2647,8.5738,0.3223,-0.2240,0.1239
1623960625059,-3.8586,-3.9417,8.7676,0.5520,-0.2289,0.1568
1623960625068,-3.7581,-3.5038,8.8346,0.6950,-0.2326,0.1837
1623960625078,-3.7102,-3.3483,8.6169,0.7194,-0.2142,0.1972
1623960625089,-3.7916,-3.3961,8.6671,0.6681,-0.1764,0.2045
1623960625098,-3.6337,-3.6306,8.5427,0.5923,-0.1348,0.2045
1623960625108,-3.6385,-3.8292,8.7724,0.5483,-0.1043,0.2045
1623960625118,-3.5954,-3.5947,8.9662,0.5899,-0.0603,0.2142
1623960625127,-3.6073,-3.2119,9.0428,0.7023,-0.0627,0.2179
1623960625137,-3.7413,-2.9510,8.8442,0.8501,-0.0737,0.2130
1623960625146,-3.6648,-2.6902,8.6910,0.9637,-0.0725,0.2094
1623960625156,-3.6217,-2.4581,8.6193,1.0016,-0.0591,0.2094
1623960625166,-3.5906,-2.3504,8.4613,0.9772,-0.0518,0.1935
1623960625175,-3.3561,-2.3145,8.3560,0.9124,-0.0505,0.1556
1623960625185,-3.2556,-2.4438,8.3943,0.8318,-0.0408,0.1239
1623960625195,-3.2580,-2.7333,8.5140,0.8049,-0.0310,0.0957
1623960625204,-3.3848,-2.7788,8.6575,0.8232,-0.0420,0.0677
1623960625214,-3.4087,-2.5036,8.6360,0.8758,-0.0713,0.0567
1623960625224,-3.2819,-1.9700,8.6528,0.9686,-0.1165,0.0432
1623960625233,-3.0522,-1.7379,8.6623,1.0175,-0.1532,0.0078
1623960625242,-2.9039,-2.1829,8.5475,0.9821,-0.1605,-0.0350
1623960625252,-2.9182,-2.5873,8.7150,0.8990,-0.1348,-0.0582
1623960625262,-3.0067,-2.6472,8.7724,0.7964,-0.1104,-0.0618
1623960625271,-3.1001,-2.4653,8.8394,0.7463,-0.1214,-0.0643
1623960625279,-3.0737,-2.0585,8.8155,0.7915,-0.1458,-0.0655
1623960625288,-2.9948,-1.7666,8.7078,0.8367,-0.1752,-0.0765
1623960625298,-2.9517,-1.6948,8.5594,0.8049,-0.1862,-0.0924
1623960625308,-2.8991,-1.6206,8.5762,0.6864,-0.1825,-0.1119
1623960625318,-3.0067,-1.5584,8.7245,0.4653,-0.1654,-0.1376
1623960625329,-2.9709,-1.7259,8.6934,0.2185,-0.1470,-0.1693
1623960625339,-2.7675,-2.2475,8.8322,0.0218,-0.1470,-0.2036
1623960625348,-2.6861,-2.8529,9.0021,-0.1004,-0.1165,-0.2353
1623960625358,-2.6526,-3.1808,9.1672,-0.0906,-0.0835,-0.2536
1623960625368,-2.6718,-3.1712,9.3275,0.0438,-0.0689,-0.2646
1623960625377,-2.7316,-2.8625,9.2462,0.2625,-0.0689,-0.2585
1623960625387,-2.7220,-2.3911,9.0739,0.4848,-0.0860,-0.2365
1623960625396,-2.7866,-1.8647,8.9399,0.6412,-0.0994,-0.2121
1623960625406,-2.8464,-1.5034,8.7676,0.6485,-0.0909,-0.2048
1623960625416,-2.8584,-1.4316,8.6456,0.5105,-0.0652,-0.2133
1623960625425,-2.9565,-1.5632,8.6552,0.2942,-0.0212,-0.2304
1623960625434,-3.0450,-1.6805,8.5523,0.1134,0.0240,-0.2561
1623960625444,-2.9661,-1.9030,8.8538,0.0462,0.0447,-0.2891
1623960625453,-2.8177,-2.2236,9.1600,0.1061,0.0435,-0.3306
1623960625463,-2.7316,-2.2715,9.3275,0.2234,0.0460,-0.3599
1623960625473,-2.7890,-2.0154,9.2701,0.3174,0.0557,-0.3648
1623960625483,-2.8034,-1.5608,8.9614,0.3626,0.0496,-0.3734
1623960625492,-2.7411,-1.2665,8.6743,0.3529,0.0411,-0.3966
1623960625502,-2.7770,-1.2497,8.4948,0.2918,0.0508,-0.4137
1623960625512,-2.8201,-1.3479,8.4757,0.1892,0.0692,-0.4308
1623960625521,-2.9613,-1.4268,8.5666,0.0890,0.0777,-0.4577
1623960625530,-3.0235,-1.6374,8.7604,0.0389,0.0765,-0.4870
1623960625540,-2.8680,-1.9078,8.9782,0.0706,0.0606,-0.5163
1623960625550,-2.7483,-1.8767,9.1864,0.1378,0.0484,-0.5408
1623960625559,-2.6670,-1.8527,9.2007,0.1501,0.0386,-0.5505
1623960625569,-2.7196,-1.7283,9.1409,0.1110,0.0435,-0.5603
1623960625577,-2.7914,-1.5512,9.1170,0.0462,0.0496,-0.5811
1623960625586,-2.8177,-1.3933,9.0332,-0.0173,0.0447,-0.5970
1623960625596,-2.7962,-1.1588,8.9901,-0.0454,0.0386,-0.6165
1623960625605,-2.7483,-1.1157,8.9758,-0.0698,0.0386,-0.6519
1623960625617,-2.7388,-1.1851,8.9566,-0.1040,0.0533,-0.6886
1623960625627,-2.7052,-1.4603,9.1313,-0.1627,0.0716,-0.7216
1623960625636,-2.6048,-1.8671,9.4591,-0.2286,0.1009,-0.7558
1623960625646,-2.6071,-2.2452,9.6601,-0.2726,0.1351,-0.7937
1623960625656,-2.5904,-2.2452,9.7511,-0.3191,0.1828,-0.8217
1623960625665,-2.6048,-2.0250,9.5118,-0.3838,0.2231,-0.8291
1623960625675,-2.6550,-1.8025,9.2916,-0.4571,0.2390,-0.8315
1623960625685,-2.6694,-1.8360,8.9327,-0.5646,0.2646,-0.8535
1623960625694,-2.6741,-2.1997,8.7868,-0.6795,0.3099,-0.8853
1623960625704,-2.8105,-2.5610,8.7772,-0.7503,0.3673,-0.9109
1623960625713,-2.8919,-2.7405,8.8466,-0.7430,0.4125,-0.9427
1623960625723,-2.9182,-2.7788,8.8394,-0.6489,0.4272,-0.9781
1623960625732,-2.9445,-2.6256,8.7772,-0.5072,0.4235,-0.9952
1623960625742,-2.9996,-2.4007,8.5905,-0.4046,0.4088,-1.0123
1623960625751,-2.9326,-2.3193,8.2962,-0.3911,0.3844,-1.0404
1623960625761,-2.8560,-2.5538,8.1311,-0.4767,0.3722,-1.0600
1623960625770,-2.8034,-2.9295,7.9636,-0.6135,0.3783,-1.0624
1623960625781,-2.7986,-3.1832,7.9182,-0.7357,0.3661,-1.0673
1623960625791,-2.8512,-3.3363,8.0019,-0.8224,0.3502,-1.0881
1623960625800,-2.8058,-3.3865,8.0665,-0.8285,0.3331,-1.1150
1623960625808,-2.7076,-3.2860,8.0833,-0.7943,0.2964,-1.1467
1623960625819,-2.5425,-3.3243,7.9565,-0.8053,0.2549,-1.1699
1623960625828,-2.3774,-3.7000,7.8440,-0.8798,0.2292,-1.1785
1623960625836,-2.3631,-4.2192,7.6956,-0.9776,0.2414,-1.1821
1623960625848,-2.4755,-4.7193,7.7602,-1.0105,0.2757,-1.1956
1623960625857,-2.6981,-4.9634,7.8296,-0.8896,0.2915,-1.2127
1623960625867,-2.7364,-4.8509,7.8009,-0.6343,0.2610,-1.2225
1623960625875,-2.5545,-4.5853,7.6908,-0.3447,0.1901,-1.2237
1623960625884,-2.3320,-4.4394,7.4803,-0.1786,0.1083,-1.1980
1623960625894,-2.1908,-4.4705,7.3941,-0.2189,0.0423,-1.1638
1623960625903,-2.0568,-4.7098,7.5114,-0.4620,0.0142,-1.1357
1623960625913,-1.8175,-5.1764,7.5138,-0.7931,0.0142,-1.1186
1623960625926,-1.6979,-5.5449,7.6861,-1.0741,0.0313,-1.1076
1623960625934,-1.6572,-5.8751,7.5784,-1.2280,0.0728,-1.0918
1623960625944,-1.7505,-6.2555,7.5066,-1.1914,0.0887,-1.0795
1623960625953,-2.0018,-6.5905,7.5114,-0.9727,0.0875,-1.0722
1623960625963,-2.0951,-6.5881,7.3894,-0.6721,0.0631,-1.0453
1623960625973,-2.0377,-6.3154,7.3200,-0.4266,0.0007,-0.9879
1623960625982,-1.8391,-5.7937,7.3224,-0.3191,-0.0640,-0.9317
1623960625992,-1.5567,-5.4611,7.2171,-0.4241,-0.1043,-0.8853
1623960626002,-1.4203,-5.5209,7.1620,-0.7076,-0.0957,-0.8315
1623960626011,-1.3796,-5.9588,7.1429,-1.0069,-0.0530,-0.7961
1623960626021,-1.3796,-6.6886,7.2218,-1.1901,0.0081,-0.8022
1623960626030,-1.5136,-7.1552,7.3415,-1.1718,0.0594,-0.8071
1623960626040,-1.6141,-7.1169,7.3176,-0.9996,0.0643,-0.7765
1623960626049,-1.5328,-6.7676,7.3224,-0.7381,0.0130,-0.7399
1623960626058,-1.4395,-6.4446,7.1572,-0.4925,-0.0408,-0.7081
1623960626068,-1.3389,-6.3991,7.1596,-0.3814,-0.0579,-0.6703
1623960626079,-1.3509,-6.6336,7.1692,-0.4009,-0.0469,-0.6324
1623960626088,-1.3509,-6.8753,7.2218,-0.4901,-0.0237,-0.5933
1623960626098,-1.4323,-6.9662,7.3439,-0.5891,-0.0053,-0.5493
1623960626107,-1.4466,-6.8681,7.2434,-0.6184,-0.0163,-0.5029
1623960626117,-1.3725,-6.7820,7.2314,-0.5671,-0.0444,-0.4699
1623960626127,-1.2863,-6.7461,7.1118,-0.4706,-0.0591,-0.4406
1623960626136,-1.1475,-6.8178,7.1214,-0.3643,-0.0603,-0.4271
1623960626145,-1.1475,-7.0308,7.2458,-0.2616,-0.0432,-0.4186
1623960626155,-1.1810,-6.9806,7.3894,-0.1566,-0.0224,-0.4076
1623960626164,-1.1188,-6.7054,7.4013,-0.0698,-0.0237,-0.3941
1623960626172,-1.0494,-6.4541,7.2673,-0.0478,-0.0383,-0.3624
1623960626182,-1.0949,-6.4637,7.2266,-0.1016,-0.0444,-0.3184
1623960626192,-1.2504,-6.7197,7.2290,-0.1969,-0.0334,-0.2879
1623960626201,-1.2743,-7.0595,7.2960,-0.2726,-0.0041,-0.2756
1623960626211,-1.2026,-7.2462,7.3056,-0.2812,0.0179,-0.2622
1623960626223,-1.0566,-7.1361,7.3176,-0.2201,0.0252,-0.2414
1623960626232,-0.9920,-6.7891,7.2434,-0.1370,0.0117,-0.2158
1623960626242,-1.0087,-6.5666,7.0807,-0.0857,-0.0127,-0.1926
1623960626249,-1.0255,-6.6551,6.8940,-0.1053,-0.0408,-0.1779
1623960626261,-0.9370,-6.8992,6.7265,-0.2018,-0.0567,-0.1657
1623960626271,-0.9178,-7.2797,6.7576,-0.3630,-0.0603,-0.1364
1623960626280,-1.0063,-7.4328,6.8605,-0.5097,-0.0567,-0.0851
1623960626290,-1.1236,-7.3275,6.9586,-0.5903,-0.0737,-0.0423
1623960626298,-1.1619,-7.1768,7.1309,-0.5988,-0.0970,-0.0154
1623960626309,-1.2193,-7.0858,7.1860,-0.5597,-0.1153,0.0078
1623960626319,-1.3461,-7.1002,7.1285,-0.5060,-0.1214,0.0298
1623960626328,-1.4490,-7.1672,6.9132,-0.4144,-0.1190,0.0371
1623960626338,-1.4993,-7.1313,6.7433,-0.3203,-0.1202,0.0347
1623960626348,-1.5041,-6.9423,6.6595,-0.2238,-0.1177,0.0469
1623960626355,-1.5017,-6.6910,6.7529,-0.1138,-0.1141,0.0518
1623960626366,-1.5208,-6.4326,6.8893,-0.0112,-0.1080,0.0347
1623960626377,-1.5399,-6.2220,6.9132,0.0597,-0.1031,0.0127
1623960626386,-1.5041,-6.2077,6.8653,0.0792,-0.1055,-0.0020
1623960626395,-1.5256,-6.4781,6.8294,0.0560,-0.1043,-0.0203
1623960626405,-1.3031,-6.8609,6.7146,0.0267,-0.0982,-0.0435
1623960626415,-1.1643,-7.0739,6.9658,0.0034,-0.0847,-0.0557
1623960626424,-1.1595,-6.9064,7.0472,0.0120,-0.0591,-0.0435
1623960626434,-1.0375,-6.6647,7.0950,0.0462,-0.0676,-0.0411
1623960626442,-1.0638,-6.5522,7.0974,0.0841,-0.0823,-0.0484
1623960626453,-1.1714,-6.5833,6.8294,0.0706,-0.0774,-0.0496
1623960626463,-1.2361,-6.8059,6.7146,0.0279,-0.0786,-0.0496
1623960626473,-1.2552,-6.9782,6.7313,-0.0014,-0.0750,-0.0484
1623960626482,-1.1667,-6.9590,6.6260,0.0267,-0.0774,-0.0460
1623960626490,-1.0733,-6.8824,6.7696,0.1024,-0.1019,-0.0460
1623960626499,-1.0135,-6.7006,6.7672,0.2002,-0.1202,-0.0423
1623960626509,-0.9776,-6.6169,6.8773,0.2796,-0.1361,-0.0496
1623960626518,-1.0063,-6.6743,6.8988,0.3492,-0.1361,-0.0618
1623960626528,-0.9561,-6.7437,6.8797,0.4189,-0.1251,-0.0777
1623960626540,-0.8030,-6.6456,6.8845,0.4689,-0.1214,-0.0924
1623960626550,-0.6570,-6.4446,6.8725,0.4518,-0.1226,-0.0777
1623960626558,-0.5278,-6.3847,6.9945,0.3761,-0.1263,-0.0521
1623960626568,-0.4919,-6.4182,7.0304,0.2637,-0.1177,-0.0386
1623960626578,-0.5948,-6.4996,6.9610,0.1562,-0.0909,-0.0374
1623960626588,-0.6331,-6.6743,6.9897,0.1000,-0.0701,-0.0435
1623960626598,-0.6953,-6.7437,7.0448,0.1403,-0.0579,-0.0496
1623960626607,-0.7264,-6.6838,7.0304,0.2710,-0.0554,-0.0606
1623960626617,-0.7025,-6.4828,7.1285,0.4225,-0.0652,-0.0630
1623960626626,-0.5517,-6.2053,7.1908,0.5361,-0.0737,-0.0606
1623960626636,-0.3483,-6.2699,7.1764,0.5728,-0.0689,-0.0569
1623960626646,-0.3220,-6.5235,7.2697,0.5716,-0.0457,-0.0508
1623960626655,-0.3053,-6.5714,7.3941,0.5593,-0.0127,-0.0362
1623960626666,-0.4512,-6.3967,7.3535,0.5264,-0.0066,-0.0166
1623960626674,-0.4416,-6.2866,7.4683,0.5190,-0.0066,-0.0069
1623960626684,-0.5158,-6.0306,7.5090,0.5239,-0.0176,-0.0044
1623960626694,-0.5756,-5.8966,7.5425,0.5007,-0.0261,0.0151
1623960626703,-0.5254,-5.9827,7.5808,0.4750,-0.0212,0.0090
1623960626713,-0.6115,-6.0856,7.5425,0.4066,-0.0200,0.0139
1623960626722,-0.5254,-6.1191,7.6956,0.2869,-0.0053,0.0347
1623960626732,-0.5469,-6.0282,7.7554,0.1928,0.0044,0.0432
1623960626742,-0.4895,-5.9157,7.7578,0.1244,0.0105,0.0481
1623960626751,-0.4584,-5.7937,7.7172,0.0706,0.0081,0.0444
1623960626761,-0.6020,-5.8392,7.6956,0.0108,0.0228,0.0420
1623960626770,-0.6522,-5.9780,7.5736,-0.0430,0.0338,0.0347
1623960626780,-0.6235,-6.1143,7.5377,-0.0747,0.0399,0.0224
1623960626787,-0.6259,-6.1239,7.5569,-0.0747,0.0447,0.0151
1623960626797,-0.6666,-6.0952,7.6310,-0.0625,0.0423,0.0212
1623960626807,-0.6953,-5.9947,7.6454,-0.0564,0.0252,0.0249
1623960626816,-0.6785,-5.8846,7.5856,-0.0637,0.0130,0.0188
1623960626826,-0.6450,-5.8679,7.4755,-0.0662,0.0069,0.0151
1623960626838,-0.6091,-5.9827,7.5425,-0.0649,-0.0005,0.0139
1623960626847,-0.6666,-5.9947,7.5712,-0.0735,0.0154,0.0127
1623960626857,-0.7264,-6.0043,7.6191,-0.0955,0.0264,0.0151
1623960626867,-0.8317,-5.9421,7.6215,-0.1224,0.0301,0.0212
1623960626876,-0.9011,-5.9995,7.5903,-0.1737,0.0350,0.0261
1623960626886,-0.9705,-6.0593,7.5616,-0.2568,0.0435,0.0298
1623960626895,-1.0446,-6.2316,7.5856,-0.3557,0.0545,0.0310
1623960626904,-1.0494,-6.3536,7.5856,-0.4412,0.0655,0.0273
1623960626914,-0.9872,-6.3847,7.4707,-0.4877,0.0716,0.0224
1623960626924,-0.7934,-6.4422,7.3559,-0.5267,0.0704,0.0273
1623960626934,-0.6618,-6.4613,7.2769,-0.5768,0.0826,0.0396
1623960626943,-0.5206,-6.6479,7.1309,-0.6526,0.1095,0.0481
1623960626952,-0.4369,-6.8753,7.1214,-0.7369,0.1303,0.0579
1623960626963,-0.4081,-7.1074,7.0639,-0.8212,0.1584,0.0750
1623960626972,-0.4488,-7.2988,7.0352,-0.8884,0.1743,0.1031
1623960626982,-0.4847,-7.3897,6.8821,-0.9263,0.1803,0.1385
1623960626991,-0.4991,-7.4089,6.7098,-0.9202,0.1767,0.1691
1623960627001,-0.4943,-7.4759,6.5495,-0.8896,0.1718,0.1972
1623960627011,-0.4153,-7.6386,6.4849,-0.8358,0.1669,0.2301
1623960627020,-0.3076,-7.7415,6.4370,-0.7589,0.1620,0.2680
1623960627028,-0.1473,-7.6721,6.4274,-0.6843,0.1559,0.3120
1623960627038,-0.0277,-7.5692,6.3724,-0.6306,0.1461,0.3596
1623960627049,0.1374,-7.6649,6.2815,-0.5793,0.1351,0.3963
1623960627059,0.2307,-7.8611,6.0924,-0.5304,0.1327,0.4244
1623960627068,0.1996,-7.9903,6.0111,-0.4999,0.1290,0.4684
1623960627078,0.1015,-7.8922,5.9513,-0.4681,0.1229,0.5295
1623960627085,-0.0205,-7.7271,5.9465,-0.4290,0.0985,0.5844
1623960627095,-0.1066,-7.6099,5.8891,-0.3997,0.0753,0.6297
1623960627104,-0.2454,-7.6505,5.8555,-0.3911,0.0533,0.6724
1623960627114,-0.4201,-7.8659,5.9106,-0.4156,0.0423,0.7078
1623960627124,-0.5350,-8.1243,6.0015,-0.4547,0.0362,0.7421
1623960627136,-0.6402,-8.2248,6.1236,-0.4791,0.0228,0.7897
1623960627145,-0.7384,-8.0932,6.2791,-0.4828,0.0069,0.8398
1623960627155,-0.8173,-7.9209,6.3652,-0.4681,-0.0127,0.8948
1623960627165,-0.8412,-7.7080,6.5160,-0.4547,-0.0224,0.9375
1623960627174,-1.0111,-7.3730,6.5160,-0.4730,-0.0115,0.9668
1623960627184,-1.3677,-7.2174,6.3604,-0.5109,0.0057,0.9901
1623960627193,-1.8271,-7.0978,5.9848,-0.5390,0.0007,0.9986
1623960627203,-2.0951,-7.4041,5.6139,-0.5903,-0.0139,0.9998
1623960627212,-2.1812,-7.7487,5.4751,-0.6660,-0.0334,1.0047
1623960627222,-2.2913,-7.6218,5.4918,-0.7393,-0.0347,1.0010
1623960627232,-2.4205,-7.4591,5.4607,-0.7955,-0.0542,0.9962
1623960627241,-2.4827,-7.0858,5.5445,-0.8102,-0.0896,0.9791
1623960627250,-2.4995,-6.7030,5.6426,-0.8737,-0.1214,0.9424
1623960627261,-2.5210,-6.6360,5.7168,-0.9971,-0.1470,0.9290
1623960627270,-2.6765,-6.5379,5.6904,-1.1572,-0.1666,0.9167
1623960627280,-2.9110,-6.4661,5.4966,-1.3245,-0.1776,0.8838
1623960627289,-3.0163,-6.5092,5.1640,-1.4821,-0.1947,0.8398
1623960627299,-2.9996,-6.7484,4.8673,-1.6116,-0.2228,0.7799
1623960627307,-2.9517,-6.9160,4.5562,-1.6862,-0.2704,0.7213
1623960627318,-3.0115,-7.1672,4.5347,-1.7240,-0.3291,0.6883
1623960627328,-3.2006,-7.4065,4.7477,-1.6752,-0.3731,0.6529
1623960627337,-3.3609,-7.6840,4.7668,-1.4809,-0.4024,0.5881
1623960627347,-3.3035,-7.8276,4.6759,-1.1987,-0.4305,0.5221
1623960627356,-3.2197,-7.5692,4.6544,-0.8981,-0.4488,0.4818
1623960627366,-3.2221,-7.1098,4.5610,-0.6734,-0.4500,0.4647
1623960627376,-3.3681,-6.7413,4.5204,-0.5463,-0.4537,0.4513
1623960627383,-3.5427,-6.4828,4.3026,-0.5072,-0.4623,0.4244
1623960627393,-3.6528,-6.5570,4.4605,-0.5475,-0.4806,0.3902
1623960627402,-3.5715,-6.9566,4.8625,-0.6184,-0.4940,0.3535
1623960627412,-3.5045,-7.2246,5.0851,-0.6489,-0.5038,0.2973
1623960627422,-3.5403,-7.6266,4.9870,-0.6037,-0.5038,0.2338
1623960627433,-3.7126,-7.9329,4.8697,-0.4400,-0.4720,0.1862
1623960627443,-3.8251,-7.9879,4.6711,-0.1993,-0.4329,0.1446
1623960627452,-3.8682,-7.8659,4.4940,0.0328,-0.4134,0.1300
1623960627462,-3.9041,-7.4543,4.3122,0.2234,-0.4012,0.1336
1623960627472,-3.8418,-6.9303,4.1016,0.3138,-0.3938,0.1348
1623960627481,-3.7222,-6.6145,4.2643,0.2942,-0.4109,0.1287
1623960627491,-3.5571,-6.6599,4.7094,0.1696,-0.4305,0.1153
1623960627501,-3.4614,-6.9183,4.9750,-0.0014,-0.4305,0.0957
1623960627510,-3.4422,-7.4878,5.1521,-0.1419,-0.4048,0.0750
1623960627520,-3.5451,-8.0119,5.1353,-0.1602,-0.3462,0.0493
1623960627529,-3.6815,-8.3995,4.9702,-0.0258,-0.2839,0.0298
1623960627539,-3.7102,-8.4785,4.7214,0.2331,-0.2375,0.0200
1623960627549,-3.6911,-8.1913,4.5371,0.5154,-0.2155,0.0261
1623960627558,-3.6552,-7.5309,4.3744,0.7267,-0.2191,0.0481
1623960627568,-3.6672,-6.8609,4.4031,0.7964,-0.2423,0.0774
1623960627578,-3.6887,-6.2603,4.6950,0.7035,-0.2802,0.1031
1623960627587,-3.6935,-5.8320,4.9223,0.4824,-0.3132,0.0982
1623960627597,-3.6361,-5.9445,5.0492,0.1745,-0.3303,0.0762
1623960627606,-3.5906,-6.6862,5.0731,-0.0906,-0.3218,0.0554
1623960627616,-3.5356,-7.6314,4.9726,-0.2177,-0.2912,0.0261
1623960627626,-3.4686,-8.3684,4.9367,-0.2067,-0.2680,-0.0007
1623960627635,-3.3322,-8.6579,5.0420,-0.1028,-0.2582,0.0090
1623960627645,-3.1790,-8.5981,5.4392,0.0951,-0.2655,0.0420
1623960627654,-3.1407,-8.2535,5.7072,0.3345,-0.2729,0.0603
1623960627664,-3.1431,-7.8085,5.6761,0.5325,-0.2766,0.0738
1623960627674,-3.1599,-7.3251,5.5397,0.6339,-0.2704,0.0860
1623960627681,-3.0785,-7.0715,5.5756,0.6155,-0.2399,0.0957
1623960627691,-2.9972,-7.0308,5.7144,0.4970,-0.1910,0.1251
1623960627700,-2.9733,-6.9662,5.8005,0.3590,-0.1336,0.1654
1623960627710,-2.9948,-7.0069,5.9154,0.2454,-0.0847,0.1898
1623960627720,-3.0929,-7.2079,5.9178,0.1782,-0.0383,0.2032
1623960627731,-3.1527,-7.2749,5.8747,0.1427,-0.0005,0.2142
1623960627741,-3.1288,-7.3227,5.8675,0.0853,0.0289,0.2277
1623960627750,-3.1072,-7.4854,5.8221,-0.0063,0.0667,0.2473
1623960627760,-3.0737,-7.6386,5.8627,-0.0662,0.1180,0.2533
1623960627770,-3.0833,-7.6003,5.8771,-0.0955,0.1657,0.2387
1623960627779,-3.1240,-7.3730,5.8843,-0.1040,0.2036,0.2301
1623960627787,-3.1742,-7.1002,5.8436,-0.0637,0.2194,0.2363
1623960627798,-3.2054,-6.9638,5.7646,0.0034,0.2219,0.2265
1623960627808,-3.2412,-6.9925,5.6713,0.0584,0.2256,0.2069
1623960627818,-3.2580,-7.0547,5.6689,0.0804,0.2378,0.2020
1623960627827,-3.3082,-7.0045,5.6378,0.0682,0.2524,0.2020
1623960627837,-3.2915,-6.8992,5.5708,0.0609,0.2524,0.1862
1623960627847,-3.2939,-6.9829,5.5828,0.0694,0.2427,0.1593
1623960627856,-3.3154,-7.1576,5.6928,0.0988,0.2463,0.1434
1623960627866,-3.3106,-7.2222,5.7790,0.1256,0.2598,0.1300
1623960627876,-3.3130,-7.0188,5.7694,0.1464,0.2659,0.1129
1623960627885,-3.2939,-6.8705,5.6713,0.1586,0.2610,0.1068
1623960627895,-3.4351,-6.9782,5.6426,0.1720,0.2561,0.1092
1623960627904,-3.5332,-7.0643,5.6904,0.1989,0.2732,0.0860
1623960627912,-3.5427,-7.1552,5.6091,0.2038,0.2842,0.0615
1623960627921,-3.5308,-7.2055,5.6498,0.1879,0.2781,0.0591
1623960627935,-3.5954,-7.0978,5.6522,0.1782,0.2769,0.0591
1623960627947,-3.6552,-7.0093,5.6354,0.1806,0.2732,0.0444
1623960627950,-3.6696,-7.0236,5.5852,0.2002,0.2720,0.0322
1623960627962,-3.6983,-7.0212,5.6139,0.2515,0.2793,0.0200
1623960627972,-3.7677,-6.8753,5.5876,0.3162,0.2830,0.0017
1623960627979,-3.8825,-6.7102,5.4392,0.3822,0.2732,-0.0142
1623960627988,-3.9711,-6.6073,5.3555,0.4555,0.2500,-0.0313
1623960627998,-3.9854,-6.4828,5.2908,0.5178,0.2329,-0.0594
1623960628008,-3.8610,-6.4446,5.1688,0.5129,0.2158,-0.0826
1623960628018,-3.7772,-6.4876,5.2765,0.4506,0.1877,-0.0789
1623960628028,-3.7868,-6.5522,5.4751,0.3700,0.1755,-0.0814
1623960628039,-3.8371,-6.5642,5.6976,0.3211,0.1767,-0.1119
1623960628048,-3.9064,-6.5594,5.6833,0.3480,0.1743,-0.1449
1623960628058,-3.9423,-6.6671,5.5732,0.4604,0.1693,-0.1645
1623960628068,-3.9734,-6.7413,5.6833,0.6424,0.1767,-0.1962
1623960628078,-3.9447,-6.6097,5.6785,0.8220,0.1779,-0.2524
1623960628087,-3.8706,-6.2460,5.6689,0.9295,0.1620,-0.2879
1623960628096,-3.8012,-5.8870,5.6210,0.8990,0.1425,-0.2720
1623960628106,-3.7342,-5.6382,5.5708,0.7927,0.1266,-0.2659
1623960628116,-3.6648,-5.6501,5.5421,0.6473,0.1144,-0.2976
1623960628125,-3.6456,-5.9181,5.5158,0.4885,0.1058,-0.3318
1623960628135,-3.6313,-6.2818,5.5995,0.3688,0.1022,-0.3685
1623960628144,-3.5595,-6.5499,5.7120,0.3394,0.1046,-0.4222
1623960628153,-3.3752,-6.7197,5.6904,0.3785,0.1009,-0.4650
1623960628164,-3.2891,-6.7532,5.5900,0.4702,0.0875,-0.4785
1623960628173,-3.2125,-6.6049,5.6617,0.5813,0.0802,-0.4797
1623960628183,-3.2915,-6.4565,5.7000,0.6693,0.0789,-0.4858
1623960628192,-3.3728,-6.3632,5.8747,0.7377,0.0643,-0.5053
1623960628202,-3.3202,-6.3776,6.0063,0.8074,0.0374,-0.5322
1623960628212,-3.1240,-6.3130,6.1092,0.8098,-0.0017,-0.5542
1623960628221,-3.0379,-6.3177,5.9943,0.7157,-0.0237,-0.5456
1623960628231,-2.9852,-6.4230,5.8077,0.5813,-0.0371,-0.5346
1623960628240,-3.0450,-6.6264,5.5995,0.4408,-0.0493,-0.5432
1623960628249,-3.0977,-6.6982,5.6402,0.3333,-0.0493,-0.5493
1623960628260,-3.0594,-6.7317,5.6617,0.2967,-0.0505,-0.5517
1623960628269,-2.9302,-6.7102,5.9082,0.3700,-0.0652,-0.5603
1623960628277,-2.7962,-6.6121,6.2288,0.5129,-0.0823,-0.5896
1623960628286,-2.6574,-6.4709,6.4585,0.6326,-0.0909,-0.6238
1623960628296,-2.5186,-6.3297,6.5901,0.6705,-0.0994,-0.6336
1623960628306,-2.4085,-6.3967,6.5854,0.5826,-0.1067,-0.6177
1623960628318,-2.3774,-6.5283,6.3365,0.3969,-0.1067,-0.5982
1623960628327,-2.4277,-6.6097,6.2240,0.1904,-0.0957,-0.5872
1623960628337,-2.4827,-6.4876,6.3269,0.0658,-0.0676,-0.5957
1623960628346,-2.4707,-6.2053,6.4298,0.0951,-0.0444,-0.6348
1623960628356,-2.3439,-6.0904,6.6284,0.2832,-0.0457,-0.6947
1623960628365,-2.1358,-6.1718,6.7959,0.5264,-0.0554,-0.7533
1623960628375,-1.8414,-6.2747,6.8749,0.6901,-0.0542,-0.7814
1623960628385,-1.7027,-6.2818,6.9706,0.6852,-0.0395,-0.7472
1623960628394,-1.6596,-6.1550,6.9634,0.5654,-0.0127,-0.6849
1623960628404,-1.6572,-6.2484,6.8246,0.4702,0.0093,-0.6751
1623960628413,-1.7625,-6.3345,7.0233,0.4738,0.0508,-0.7130
1623960628423,-1.9061,-6.5092,7.1142,0.5972,0.1009,-0.7643
1623960628432,-1.9180,-6.6575,7.1692,0.8403,0.1205,-0.8120
1623960628442,-1.6213,-6.5211,7.2027,1.0896,0.0948,-0.8413
1623960628452,-1.2624,-6.1790,7.1955,1.1678,0.0570,-0.8083
1623960628461,-1.1021,-5.6406,7.1022,1.0725,0.0313,-0.7289
1623960628471,-1.0398,-5.5090,7.0879,0.8135,0.0166,-0.6813
1623960628480,-1.0901,-5.8392,6.9586,0.4909,0.0252,-0.6849
1623960628490,-1.2743,-6.4565,7.0615,0.2087,0.0594,-0.7045
1623960628500,-1.4538,-6.9040,7.1931,0.0951,0.0912,-0.7362
1623960628507,-1.4682,-7.0739,7.2482,0.1745,0.0814,-0.7692
1623960628519,-1.2193,-6.8418,7.2721,0.3492,0.0325,-0.7839
1623960628528,-0.9657,-6.3680,7.2218,0.4628,-0.0139,-0.7448
1623960628538,-0.8365,-6.0593,7.1931,0.3895,-0.0347,-0.6813
1623960628548,-0.8053,-6.0139,7.0161,0.2063,-0.0310,-0.6336
1623960628558,-0.8532,-6.3130,7.1644,-0.0197,-0.0066,-0.6128
1623960628567,-0.9800,-6.7006,7.0879,-0.1969,0.0228,-0.6128
1623960628575,-1.1284,-7.0452,7.0831,-0.2336,0.0325,-0.6153
1623960628584,-1.1427,-7.2055,7.0280,-0.0906,0.0142,-0.6226
1623960628594,-0.9944,-6.9877,6.9419,0.1281,-0.0334,-0.6214
1623960628603,-0.8006,-6.5068,6.8462,0.2661,-0.0823,-0.5713
1623960628615,-0.6809,-6.1263,6.8414,0.2588,-0.1238,-0.5114
1623960628625,-0.6426,-6.0450,6.8462,0.1329,-0.1422,-0.4760
1623960628635,-0.6929,-6.3919,7.0256,-0.0588,-0.1397,-0.4589
1623960628644,-0.7407,-6.8322,7.1668,-0.2042,-0.1202,-0.4540
1623960628654,-0.6283,-7.0236,7.3271,-0.2445,-0.1116,-0.4552
1623960628663,-0.5589,-6.8442,7.3654,-0.1957,-0.1177,-0.4308
1623960628673,-0.5948,-6.3943,7.2673,-0.1199,-0.1348,-0.3905
1623960628682,-0.6307,-6.2005,7.1046,-0.0967,-0.1507,-0.3611
1623960628693,-0.6714,-6.3321,6.7481,-0.1492,-0.1446,-0.3379
1623960628702,-0.7551,-6.7891,6.6236,-0.2641,-0.1177,-0.3172
1623960628711,-0.7982,-7.0978,6.7481,-0.3618,-0.0786,-0.3123
1623960628721,-0.7910,-7.0715,6.9706,-0.3643,-0.0676,-0.3196
1623960628729,-0.6881,-6.7748,7.1166,-0.2628,-0.0884,-0.3233
1623960628740,-0.4895,-6.4374,7.1166,-0.1443,-0.1177,-0.3172
1623960628749,-0.3603,-6.2842,7.1190,-0.1358,-0.1226,-0.2903
1623960628759,-0.3053,-6.4422,7.0663,-0.2653,-0.1067,-0.2353
1623960628769,-0.4057,-6.7724,7.0041,-0.4913,-0.0811,-0.1889
1623960628778,-0.5062,-7.1313,6.9539,-0.6990,-0.0457,-0.1730
1623960628787,-0.6044,-7.2868,6.9012,-0.8004,-0.0188,-0.1669
1623960628797,-0.6714,-7.2988,6.8414,-0.7711,-0.0066,-0.1645
1623960628807,-0.7288,-7.2031,6.7816,-0.6172,-0.0078,-0.1632
1623960628817,-0.7192,-7.0763,6.7888,-0.4205,-0.0200,-0.1571
1623960628827,-0.6618,-6.9925,6.7481,-0.2555,-0.0322,-0.1413
1623960628836,-0.6570,-6.8394,6.7935,-0.1480,-0.0420,-0.1168
1623960628846,-0.7551,-6.7006,6.7457,-0.1309,-0.0347,-0.1034
1623960628856,-0.7934,-6.5929,6.7289,-0.1456,-0.0334,-0.1107
1623960628865,-0.6929,-6.5905,6.7552,-0.1725,-0.0359,-0.1192
1623960628875,-0.5565,-6.5929,6.6763,-0.2201,-0.0310,-0.1266
1623960628884,-0.4273,-6.6838,6.6619,-0.2910,-0.0237,-0.1254
1623960628892,-0.4512,-6.8561,6.6236,-0.3606,-0.0188,-0.1217
1623960628901,-0.5541,-7.0739,6.7265,-0.4107,-0.0078,-0.1180
1623960628911,-0.6139,-7.2103,6.6548,-0.4021,-0.0053,-0.1254
1623960628921,-0.6259,-7.3299,6.6189,-0.3423,-0.0151,-0.1388
1623960628932,-0.5996,-7.2055,6.5925,-0.2323,-0.0237,-0.1523
1623960628942,-0.4895,-6.9016,6.4825,-0.1126,-0.0444,-0.1583
1623960628952,-0.3340,-6.8920,6.5830,-0.0515,-0.0737,-0.1400
1623960628961,-0.2000,-6.9901,6.6213,-0.0710,-0.0737,-0.1168
1623960628971,-0.0420,-7.2222,6.7457,-0.1443,-0.0627,-0.0973
1623960628980,0.0082,-7.2916,6.8103,-0.1798,-0.0322,-0.0863
1623960628990,0.0178,-7.2055,6.7337,-0.1529,-0.0151,-0.0826
1623960629000,-0.0253,-7.2318,6.7576,-0.0723,-0.0163,-0.0851
1623960629009,-0.1330,-7.3156,6.5901,-0.0002,-0.0200,-0.0802
1623960629019,-0.2263,-7.4543,6.6882,0.0230,-0.0078,-0.0630
1623960629028,-0.3340,-7.3969,6.5519,0.0523,0.0081,-0.0521
1623960629038,-0.3196,-7.2486,6.6476,0.1159,0.0007,-0.0460
1623960629048,-0.3076,-7.0356,6.6667,0.1916,-0.0005,-0.0411
1623960629057,-0.1976,-6.7987,6.6548,0.2295,-0.0029,-0.0350
1623960629067,-0.0779,-6.8035,6.8031,0.1794,0.0069,-0.0191
1623960629076,-0.0109,-6.9112,6.8175,0.0597,0.0325,0.0066
1623960629086,0.0321,-7.0858,6.8318,-0.0588,0.0594,0.0249
1623960629096,-0.0875,-7.2940,6.6787,-0.1285,0.0777,0.0273
1623960629105,-0.0947,-7.5261,6.6906,-0.1138,0.0789,0.0176
1623960629115,-0.0995,-7.5022,6.7265,-0.0405,0.0814,0.0115
1623960629125,-0.2646,-7.1433,6.5016,0.0719,0.0765,0.0151
1623960629134,-0.4488,-6.8418,6.2839,0.1342,0.0484,0.0188
1623960629144,-0.5206,-6.8609,6.5088,0.1305,0.0228,0.0298
1623960629153,-0.4967,-6.8848,6.7481,0.1036,0.0240,0.0371
1623960629163,-0.4632,-6.8513,6.9156,0.0768,0.0252,0.0396
1623960629173,-0.3986,-6.7461,6.9826,0.0975,0.0166,0.0383
1623960629182,-0.4369,-6.7820,6.9634,0.1525,0.0044,0.0322
1623960629190,-0.5015,-6.7820,6.9156,0.2026,-0.0053,0.0286
1623960629199,-0.5254,-6.6671,6.7600,0.2380,-0.0176,0.0212
1623960629209,-0.4536,-6.5666,6.7888,0.2319,-0.0408,0.0176
1623960629218,-0.3531,-6.4996,6.8629,0.1794,-0.0457,0.0090
1623960629228,-0.2670,-6.5163,6.9132,0.0902,-0.0347,-0.0044
1623960629240,-0.2119,-6.6575,7.0065,-0.0307,-0.0163,-0.0166
1623960629249,-0.1090,-6.8801,7.0567,-0.1346,0.0093,-0.0166
1623960629257,-0.0684,-7.0212,7.0807,-0.1773,0.0276,-0.0142
1623960629269,0.0369,-7.1050,6.9754,-0.1761,0.0447,-0.0154
1623960629278,0.1733,-7.1241,6.9730,-0.1468,0.0545,-0.0215
1623960629288,0.2092,-7.1193,6.9371,-0.1602,0.0741,-0.0142
1623960629298,0.1518,-7.1385,6.7744,-0.1969,0.0912,0.0127
1623960629307,0.0369,-7.2892,6.7648,-0.2433,0.1009,0.0347
1623960629317,-0.2024,-7.3514,6.7385,-0.2726,0.1217,0.0591
1623960629326,-0.2717,-7.3132,6.8007,-0.2849,0.1413,0.0847
1623960629336,-0.3842,-7.2103,6.8079,-0.2580,0.1449,0.1006
1623960629346,-0.5039,-7.0021,6.7720,-0.2152,0.1461,0.1141
1623960629355,-0.5254,-6.8872,6.7026,-0.1847,0.1400,0.1104
1623960629365,-0.4919,-6.8944,6.6404,-0.2054,0.1437,0.1080
1623960629374,-0.3148,-6.9734,6.5734,-0.2800,0.1474,0.1068
1623960629384,-0.1449,-7.1911,6.6117,-0.3801,0.1523,0.1080
1623960629394,0.0010,-7.3251,6.4849,-0.4987,0.1645,0.1226
1623960629403,0.1302,-7.5381,6.4227,-0.6172,0.1718,0.1385
1623960629413,0.1542,-7.6458,6.3245,-0.7222,0.1889,0.1642
1623960629422,0.1231,-7.7582,6.2456,-0.8126,0.2048,0.1923
1623960629432,0.0704,-7.8492,6.1906,-0.8627,0.2158,0.2155
1623960629441,0.0489,-8.0119,6.1259,-0.9067,0.2231,0.2497
1623960629451,0.0943,-8.1650,6.0350,-0.9446,0.2268,0.2937
1623960629461,0.1470,-8.1794,6.0111,-0.9776,0.2207,0.3328
1623960629470,0.1805,-8.0358,5.8292,-1.0057,0.2133,0.3731
1623960629480,0.2475,-7.9784,5.6593,-1.0264,0.2023,0.4171
1623960629488,0.3049,-8.0980,5.4105,-1.0411,0.1877,0.4537
1623960629497,0.2260,-8.2607,5.2358,-1.0570,0.1755,0.4855
1623960629507,0.0656,-8.3612,5.1425,-1.0936,0.1657,0.5295
1623960629516,-0.0660,-8.4402,5.1425,-1.1205,0.1425,0.5698
1623960629526,-0.1019,-8.5287,5.2167,-1.1181,0.1095,0.5991
1623960629538,-0.0947,-8.6196,5.2119,-1.1010,0.0728,0.6321
1623960629547,-0.0684,-8.6077,5.1090,-1.1046,0.0386,0.6602
1623960629557,-0.1186,-8.5574,4.9582,-1.1510,0.0166,0.6981
1623960629566,-0.3507,-8.4162,4.8051,-1.2219,0.0044,0.7469
1623960629576,-0.6881,-8.5167,4.6687,-1.2757,0.0020,0.7726
1623960629585,-0.9657,-8.8015,4.5826,-1.2659,-0.0005,0.7763
1623960629595,-1.1427,-9.0312,4.5060,-1.2219,-0.0127,0.7763
1623960629605,-1.2576,-9.1437,4.4701,-1.1682,-0.0420,0.7934
1623960629615,-1.2743,-9.0432,4.5586,-1.1291,-0.0811,0.8190
1623960629624,-1.3102,-8.8565,4.5347,-1.1352,-0.1299,0.8459
1623960629634,-1.3844,-8.8398,4.4342,-1.1999,-0.1666,0.8703
1623960629643,-1.4131,-8.8398,4.2595,-1.2928,-0.1825,0.8813
1623960629652,-1.4658,-8.8876,4.0992,-1.4015,-0.1874,0.8960
1623960629663,-1.6404,-9.0408,3.9126,-1.4662,-0.1849,0.9131
1623960629672,-1.9348,-9.1197,3.7259,-1.4308,-0.1788,0.9009
1623960629682,-2.2841,-9.2513,3.5943,-1.3209,-0.1776,0.8716
1623960629691,-2.5521,-9.1317,3.4292,-1.1657,-0.1922,0.8483
1623960629701,-2.6287,-8.8350,3.1660,-1.0350,-0.2265,0.8386
1623960629711,-2.6191,-8.5311,3.0655,-1.0081,-0.2802,0.8557
1623960629720,-2.5736,-8.1722,2.9459,-1.0924,-0.3352,0.8654
1623960629730,-2.4540,-7.9544,2.8454,-1.2683,-0.3890,0.8593
1623960629738,-2.4085,-8.0621,2.5558,-1.4675,-0.4378,0.8373
1623960629749,-2.5186,-8.5550,2.3596,-1.5652,-0.4794,0.7775
1623960629758,-2.6741,-9.1700,2.3453,-1.4785,-0.5136,0.6871
1623960629767,-2.7651,-9.6294,2.3836,-1.1950,-0.5600,0.5918
1623960629826,-2.7411,-9.6198,2.3596,-0.7491,-0.6272,0.5087
1623960629827,-2.6933,-9.1437,2.3381,-0.2738,-0.6846,0.4684
1623960629828,-2.7196,-8.4976,2.3501,0.1012,-0.7286,0.4745
1623960629829,-2.7986,-7.8396,2.3405,0.3028,-0.7665,0.4879
1623960629831,-2.8967,-7.4352,2.4290,0.2942,-0.7897,0.5014
1623960629833,-2.9780,-7.4543,2.5319,0.1036,-0.7982,0.5295
1623960629834,-3.0690,-7.5692,2.6659,-0.1187,-0.7970,0.5405
1623960629843,-3.1982,-7.8204,2.8143,-0.3227,-0.7836,0.5160
1623960629853,-3.3417,-8.2822,2.8454,-0.4144,-0.7603,0.4684
1623960629862,-3.3346,-8.5814,2.8430,-0.3410,-0.7323,0.3963
1623960629874,-3.2819,-8.5933,2.8286,-0.1847,-0.7054,0.3462
1623960629883,-3.2580,-8.4210,2.8262,-0.0136,-0.6773,0.3401
1623960629893,-3.3370,-8.0358,2.9196,0.1378,-0.6492,0.3438
1623960629902,-3.5116,-7.4950,3.0105,0.1867,-0.6223,0.3682
1623960629912,-3.6839,-7.0141,2.9794,0.1733,-0.6003,0.4012
1623960629921,-3.7964,-6.8848,3.0177,0.1305,-0.5844,0.3938
1623960629931,-3.8706,-7.0236,3.1373,0.0816,-0.5795,0.3572
1623960629941,-3.8251,-7.5381,3.1684,0.0377,-0.5747,0.3291
1623960629951,-3.7892,-7.8037,3.2617,0.0523,-0.5649,0.3034
1623960629960,-3.8179,-7.8037,3.4053,0.1464,-0.5343,0.2790
