1635676808126,2.4258,2.5352,9.5313,-0.0236,-0.0779,-0.0225
1635676808127,2.0313,2.2227,9.5391,-0.0629,-0.0130,-0.0044
1635676808128,1.7715,2.1758,9.5000,-0.0735,0.0051,0.0083
1635676808129,1.8574,2.3887,9.5313,-0.0789,0.0040,-0.0065
1635676808131,1.8887,2.4453,9.5391,-0.1119,0.0125,-0.0055
1635676808132,1.7520,2.3555,9.5234,-0.1427,0.0211,-0.0034
1635676808133,1.7852,2.3008,9.5078,-0.1490,0.0232,-0.0097
1635676808134,1.8193,2.3125,9.4297,-0.1470,0.0306,-0.0204
1635676808135,1.7832,2.3691,9.3750,-0.1438,0.0381,-0.0278
1635676808136,1.7256,2.3711,9.3750,-0.1384,0.0402,-0.0385
1635676808182,1.6895,2.3340,9.3984,-0.1299,0.0402,-0.0480
1635676808184,1.7188,2.3027,9.3750,-0.1256,0.0381,-0.0523
1635676808185,1.7373,2.3457,9.3672,-0.1267,0.0402,-0.0598
1635676808187,1.6279,2.3809,9.2891,-0.1395,0.0466,-0.0598
1635676808188,1.5801,2.4414,9.1563,-0.1639,0.0455,-0.0725
1635676808189,1.6328,2.4648,9.0391,-0.2054,0.0402,-0.0917
1635676808224,1.6104,2.4336,8.8828,-0.2566,0.0349,-0.1108
1635676808225,1.6201,2.4727,8.7188,-0.3247,0.0285,-0.1395
1635676808226,1.6348,2.4668,8.5469,-0.4087,0.0274,-0.1693
1635676808247,1.6396,2.4238,8.2344,-0.5063,0.0306,-0.2108
1635676808248,1.6514,2.5156,8.0000,-0.6255,0.0392,-0.2639
1635676808254,1.7852,2.8203,7.9414,-0.7734,0.0551,-0.3289
1635676808276,1.9482,3.0645,7.9102,-0.9629,0.0892,-0.4150
1635676808277,2.0508,3.0762,7.5391,-1.1807,0.1338,-0.5190
1635676808286,2.1699,3.0117,6.9805,-1.3975,0.1816,-0.6523
1635676808307,2.2871,2.5488,6.5313,-1.5723,0.2211,-0.7969
1635676808309,2.5664,1.8477,6.4531,-1.6992,0.2688,-0.9448
1635676808314,2.8047,1.2871,6.8711,-1.7744,0.3296,-1.0752
1635676808339,3.0039,0.6318,7.5703,-1.7988,0.3850,-1.1895
1635676808350,3.3320,0.3040,7.7930,-1.8203,0.4487,-1.3359
1635676808352,3.4160,-0.1652,7.2969,-1.7520,0.5264,-1.4473
1635676808364,3.2520,1.0840,7.4648,-1.8203,0.6191,-1.5684
1635676808366,3.1523,3.0117,8.5625,-2.1406,0.7051,-1.7607
1635676808391,2.8906,2.1074,7.4141,-2.6250,0.7681,-1.8721
1635676808394,3.3965,1.0293,7.5469,-3.3340,0.7617,-1.9736
1635676808395,3.6406,0.0574,7.1289,-3.9512,0.7485,-2.0898
1635676808425,3.7383,-2.1992,6.7539,-4.1523,0.7754,-2.1797
1635676808427,3.7441,-4.2930,7.1836,-3.7930,0.9082,-2.2344
1635676808428,3.0254,-4.1992,8.2188,-3.1934,1.0469,-2.2598
1635676808451,2.4043,-2.8027,8.5859,-2.7969,1.0479,-2.2637
1635676808457,1.9414,-2.1602,8.4844,-2.6230,0.9648,-2.2266
1635676808458,1.7207,-2.5371,8.5703,-2.6094,0.8550,-2.1563
1635676808481,1.9150,-2.8262,8.3125,-2.7695,0.7275,-2.1328
1635676808483,1.8047,-3.0508,8.0000,-3.0371,0.6050,-2.1328
1635676808488,1.4141,-3.4648,7.6992,-3.3945,0.4912,-2.1270
1635676808512,1.1055,-3.7441,7.6641,-3.8535,0.3933,-2.1016
1635676808515,0.9575,-4.1797,7.7891,-4.3438,0.3169,-2.0625
1635676808522,0.7202,-5.4531,7.6055,-4.6719,0.2498,-2.0508
1635676808543,0.8711,-6.6602,8.4531,-4.6289,0.2147,-2.0625
1635676808548,0.5122,-6.4023,8.4375,-4.5313,0.2094,-2.0527
1635676808549,0.9404,-7.0938,7.4453,-4.8320,0.1455,-2.0039
1635676808572,0.2847,-7.0625,6.7578,-4.8828,0.1498,-1.9248
1635676808577,0.4260,-6.9766,5.9922,-4.9609,0.1094,-1.8721
1635676808578,0.5527,-7.5859,5.2500,-5.0078,0.0934,-1.7715
1635676808590,0.5957,-8.4531,4.6992,-4.8359,0.1019,-1.6768
1635676808591,0.8594,-9.4609,4.8242,-4.4922,0.1636,-1.6133
1635676808627,0.9551,-9.7656,5.3203,-4.0938,0.2520,-1.5732
1635676808628,0.8379,-9.3125,5.8008,-3.8477,0.2891,-1.5283
1635676808629,0.7588,-9.2813,6.0508,-3.6895,0.2710,-1.4805
1635676808650,0.9214,-9.4531,6.4883,-3.5313,0.2073,-1.4512
1635676808659,1.0791,-9.3594,6.4844,-3.3926,0.1008,-1.4102
1635676808660,1.1201,-9.2344,5.9180,-3.3223,-0.0226,-1.3154
1635676808676,1.2422,-9.5000,4.7109,-3.2539,-0.1172,-1.2402
1635676808677,1.4717,-9.8672,3.5391,-3.0469,-0.1672,-1.1455
1635676808709,1.6299,-10.1016,3.1953,-2.6855,-0.2002,-1.0732
1635676808710,2.0488,-10.4453,3.3008,-2.3359,-0.2290,-1.0254
1635676808712,2.2969,-10.5391,3.3789,-2.0508,-0.2471,-0.9897
1635676808739,2.4238,-10.5781,3.5020,-1.6777,-0.2842,-0.9502
1635676808740,2.6367,-10.4766,3.8086,-1.2705,-0.3418,-0.9077
1635676808742,2.8848,-10.4609,3.9043,-0.8691,-0.3884,-0.8789
1635676808762,2.9551,-10.3750,3.6973,-0.4343,-0.4204,-0.8447
1635676808776,3.0117,-10.0781,3.3340,0.0509,-0.4556,-0.8022
1635676808777,2.9961,-9.7266,2.9727,0.4902,-0.4875,-0.7695
1635676808786,3.1406,-9.3750,3.0059,0.8413,-0.5151,-0.7534
1635676808788,3.3555,-9.2813,3.1641,1.0674,-0.5376,-0.7334
1635676808816,3.5703,-8.5156,3.2656,1.0605,-0.5576,-0.7236
1635676808817,3.5645,-7.7930,3.3105,0.8936,-0.6025,-0.6992
1635676808818,3.6387,-7.5313,3.0508,0.5518,-0.6260,-0.6416
1635676808846,3.9453,-8.2031,2.5723,0.2404,-0.6128,-0.5820
1635676808847,4.0586,-8.5859,2.6426,0.0679,-0.5747,-0.5415
1635676808849,4.0898,-8.1328,3.2285,-0.0597,-0.5503,-0.5479
1635676808877,4.1914,-8.1484,3.6836,-0.2715,-0.5542,-0.5503
1635676808878,4.4102,-8.5156,3.6953,-0.5459,-0.5449,-0.5244
1635676808880,4.3945,-8.9063,3.2813,-0.6802,-0.5078,-0.5000
1635676808907,4.4258,-9.0625,3.0996,-0.5947,-0.4600,-0.4746
1635676808909,4.4180,-8.8750,3.1211,-0.4395,-0.4033,-0.4597
1635676808910,4.4492,-8.6328,3.0078,-0.3193,-0.3523,-0.4280
1635676808937,4.5313,-8.2891,2.7891,-0.2651,-0.2864,-0.3979
1635676808939,4.6641,-8.3203,2.6855,-0.2203,-0.2119,-0.3662
1635676808940,4.9102,-8.6406,2.6992,-0.2289,-0.1438,-0.3076
1635676808968,5.0195,-9.1484,2.8809,-0.2343,-0.1151,-0.2756
1635676808969,5.2031,-9.0313,3.1992,-0.3000,-0.1034,-0.2354
1635676808971,5.0742,-8.7813,3.3691,-0.4258,-0.1119,-0.1864
1635676808997,4.9531,-8.7344,3.1855,-0.4534,-0.1460,-0.1332
1635676808999,4.8594,-8.7109,2.9922,-0.4109,-0.1694,-0.0651
1635676809001,4.7773,-8.5156,2.7070,-0.3545,-0.1959,-0.0193
1635676809028,4.8945,-8.4375,2.6152,-0.2661,-0.2076,0.0126
1635676809031,5.0039,-8.7734,2.7930,-0.1353,-0.1970,0.0286
1635676809034,5.1133,-8.8594,2.8262,0.0169,-0.1736,0.0328
1635676809060,5.0195,-8.5156,2.7949,0.1371,-0.1257,0.0381
1635676809062,4.9531,-8.3125,2.7520,0.2255,-0.0779,0.0371
1635676809064,4.8750,-8.1016,2.4961,0.2573,-0.0481,0.0456
1635676809089,4.7305,-7.9570,2.3887,0.2808,-0.0183,0.0424
1635676809090,4.6836,-7.7422,2.5234,0.3254,0.0392,0.0339
1635676809092,4.5156,-7.6055,2.8633,0.3489,0.0945,0.0307
1635676809119,4.5391,-7.5977,3.1973,0.3020,0.1370,0.0264
1635676809121,4.6602,-7.6797,3.2559,0.2467,0.1816,0.0030
1635676809122,4.7500,-7.7188,3.1816,0.2776,0.2062,-0.0108
1635676809149,4.6914,-7.5078,3.1230,0.3169,0.2115,-0.0087
1635676809151,4.6953,-7.5430,3.0117,0.3413,0.1956,-0.0480
1635676809152,4.7617,-7.4961,2.5039,0.3796,0.1721,-0.0587
1635676809179,4.6719,-7.4219,2.3301,0.4531,0.1552,-0.0768
1635676809181,4.5859,-7.1797,2.5566,0.5210,0.1509,-0.1013
1635676809183,4.5430,-7.0820,2.7617,0.5723,0.1498,-0.1299
1635676809210,4.4844,-6.9492,3.0293,0.5947,0.1466,-0.1630
1635676809211,4.2617,-6.6484,3.1563,0.5425,0.1381,-0.2076
1635676809214,4.1094,-6.5547,3.3418,0.5020,0.1083,-0.2491
1635676809240,3.9414,-6.4844,3.4609,0.5010,0.0455,-0.2832
1635676809242,3.8320,-6.0508,3.4160,0.4775,-0.0215,-0.3140
1635676809243,4.2422,-5.4688,3.3770,0.2137,-0.0577,-0.3000
1635676809270,4.2695,-6.5234,3.0977,-0.3162,-0.0651,-0.2874
1635676809272,4.3477,-7.5547,2.7461,-0.5288,-0.0757,-0.3416
1635676809274,4.6016,-7.3828,2.8008,-0.5127,-0.0683,-0.3608
1635676809300,4.8516,-7.6875,3.0898,-0.4578,-0.0226,-0.4214
1635676809302,5.3984,-8.2500,3.5332,-0.3000,0.0211,-0.4150
1635676809304,6.0039,-8.9375,3.7266,-0.2607,0.0508,-0.3630
1635676809331,6.4219,-10.1797,3.6641,-0.1788,0.0806,-0.3076
1635676809332,6.2266,-9.9531,3.6934,-0.0087,0.1061,-0.2449
1635676809334,6.2852,-9.2891,3.8027,0.1531,0.1477,-0.1788
1635676809361,6.0195,-9.0547,3.8359,0.1754,0.1892,-0.0959
1635676809363,5.5898,-8.7109,3.5586,0.1563,0.1924,-0.0172
1635676809364,5.3672,-8.1641,2.9980,0.1520,0.1807,0.0403
1635676809391,5.3594,-8.2422,2.4980,0.1722,0.1881,0.0732
1635676809393,5.5234,-7.8320,2.3770,0.2361,0.2008,0.0860
1635676809395,5.5117,-7.6602,2.8574,0.2371,0.2456,0.1126
1635676809421,5.4023,-7.6094,3.0137,0.1860,0.2605,0.1466
1635676809423,5.4023,-7.9961,3.2266,0.2605,0.2881,0.1658
1635676809425,5.1211,-7.3086,3.3203,0.4404,0.2827,0.1552
1635676809452,4.8398,-6.2070,3.0918,0.4553,0.2094,0.1647
1635676809454,4.9609,-7.4023,3.0547,0.3606,0.2285,0.1829
1635676809455,4.7500,-6.8555,3.0449,0.3904,0.1838,0.1658
1635676809482,4.6367,-6.7773,3.2871,0.4094,0.1764,0.1296
1635676809484,4.4727,-6.9258,3.5352,0.4338,0.1796,0.0743
1635676809485,4.2070,-6.6836,3.5449,0.3914,0.1412,0.0201
1635676809512,4.1250,-7.8555,2.4258,0.4883,0.0626,-0.0831
1635676809514,4.1523,-4.3789,2.4941,1.0381,-0.0470,-0.2108
1635676809516,4.6797,-2.4824,3.6543,0.6499,-0.0247,-0.0831
1635676809542,5.5586,-10.0313,3.7813,-0.4714,0.1019,0.0275
1635676809544,5.5273,-9.3906,3.8984,-0.5361,0.0338,-0.0980
1635676809548,5.4258,-6.8438,4.0430,-0.4641,0.0455,-0.0927
1635676809574,5.3125,-8.7422,3.6055,-0.5649,0.1263,-0.0735
1635676809576,5.2539,-7.7852,3.2129,-0.3171,0.1360,-0.0682
1635676809578,5.0820,-6.8828,3.3320,-0.2406,0.1647,-0.0321
1635676809603,5.0156,-8.2031,3.5449,-0.3267,0.2402,-0.0002
1635676809605,4.8516,-7.8281,3.5742,-0.3533,0.2539,-0.0108
1635676809607,4.7617,-7.3008,3.3691,-0.4651,0.2498,-0.0300
1635676809633,4.7305,-7.3945,3.2676,-0.5786,0.2520,-0.0480
1635676809635,4.9883,-7.8359,3.3848,-0.6099,0.2391,-0.0725
1635676809637,5.1484,-8.1563,3.3535,-0.5854,0.2264,-0.1044
1635676809664,5.1367,-8.3828,3.1523,-0.4841,0.2274,-0.1395
1635676809665,5.0586,-8.3125,3.1328,-0.3416,0.2231,-0.1779
1635676809667,5.0000,-7.8047,3.3828,-0.2278,0.2104,-0.1938
1635676809694,4.9141,-7.2461,3.5781,-0.2417,0.1913,-0.1661
1635676809695,4.8984,-7.3203,3.5449,-0.3384,0.1721,-0.1204
1635676809697,4.9219,-7.5313,3.3027,-0.4907,0.1678,-0.0735
1635676809724,4.7852,-7.6680,3.0801,-0.6577,0.1593,-0.0278
1635676809726,4.7109,-7.8906,2.8242,-0.8511,0.1349,0.0286
1635676809727,4.5195,-7.9141,2.5879,-0.9448,0.1147,0.0541
1635676809755,4.3711,-7.7539,2.5000,-0.7578,0.0892,0.1498
1635676809756,4.4297,-8.6328,2.5742,-0.3992,0.0828,0.2104
1635676809758,4.4219,-9.4219,2.8535,0.2179,0.0434,0.2827
1635676809785,4.3711,-9.6875,2.9551,1.0049,-0.0172,0.3872
1635676809786,4.3281,-9.6172,2.8809,1.7744,-0.0843,0.5049
1635676809788,4.1563,-8.9219,2.6309,2.3828,-0.1555,0.6113
1635676809820,4.0195,-7.7891,2.5000,2.6133,-0.1843,0.6733
1635676809822,4.0234,-7.1563,2.5039,2.3945,-0.1885,0.6743
1635676809824,3.7324,-7.2656,2.4727,2.1309,-0.2194,0.6167
1635676809846,3.6934,-7.2031,2.6621,1.9268,-0.2800,0.6050
1635676809848,3.6699,-7.2539,2.9824,1.7031,-0.3438,0.5659
1635676809849,3.5430,-7.3359,3.1602,1.5820,-0.4055,0.4924
1635676809891,3.4375,-7.1094,2.9492,1.5947,-0.4651,0.4456
1635676809898,3.4375,-7.0938,2.8652,1.7422,-0.5161,0.4170
1635676809906,3.4707,-6.8398,3.0781,1.9121,-0.5376,0.4072
1635676809907,3.4492,-6.5000,3.4922,2.0684,-0.5503,0.3860
1635676809909,3.4492,-6.1211,3.7148,2.1660,-0.5630,0.3423
1635676809910,3.4590,-5.8242,3.7246,2.1934,-0.5693,0.2859
1635676809937,3.4746,-5.5039,3.8730,2.1348,-0.5659,0.2296
1635676809938,3.4805,-5.1328,4.0859,2.0527,-0.5532,0.1594
1635676809939,3.4941,-5.0313,4.3750,1.9785,-0.5430,0.0860
1635676809970,3.4941,-5.0078,4.5547,1.8975,-0.5415,0.0232
1635676809971,3.5430,-5.1172,4.7656,1.9150,-0.5313,-0.0470
1635676809973,3.8203,-5.3281,5.2422,2.0156,-0.5034,-0.1034
1635676809984,4.0313,-5.2305,5.5938,2.1309,-0.4929,-0.1565
1635676809986,4.2930,-5.0117,5.8867,2.2070,-0.4822,-0.2076
1635676810017,4.5625,-4.5938,5.9063,2.2266,-0.4578,-0.2683
1635676810018,4.8164,-4.2383,5.9102,2.1563,-0.4216,-0.2842
1635676810020,5.0625,-4.4883,5.9609,1.8896,-0.3906,-0.2778
1635676810051,5.4492,-4.0742,5.7188,1.5830,-0.3843,-0.2927
1635676810053,6.5273,-2.4199,7.7695,1.0576,-0.1907,-0.1151
1635676810054,6.2656,-7.6719,8.7578,-0.0236,-0.0300,0.1041
1635676810063,6.0586,-9.2969,8.1797,-0.3650,0.0232,-0.0406
1635676810067,6.0469,-6.2383,8.3359,-0.0427,0.1115,-0.0512
1635676810118,5.7344,-6.1367,8.4766,-0.0225,0.2030,-0.0044
1635676810120,5.4922,-7.1406,8.3750,0.0158,0.2742,0.0701
1635676810122,5.0430,-6.5156,7.6367,0.1243,0.2871,0.1062
1635676810126,4.8242,-5.4570,6.7891,0.2435,0.2903,0.1126
1635676810127,4.5898,-4.3516,6.8008,0.2776,0.3391,0.1306
1635676810151,4.6055,-4.3164,7.0313,0.0616,0.3933,0.1764
1635676810153,4.7500,-4.9023,6.8281,-0.3992,0.3999,0.1626
1635676810164,4.6055,-5.7070,6.6797,-0.6460,0.3584,0.0988
1635676810166,4.5273,-4.4336,6.7148,-0.6436,0.3125,-0.0012
1635676810168,4.6133,-4.3750,6.6836,-0.7598,0.3008,-0.0363
1635676810194,4.6055,-5.3203,6.4258,-0.7832,0.2849,-0.0800
1635676810198,4.6133,-5.1289,6.3008,-0.6714,0.2764,-0.1321
1635676810199,4.5508,-4.8789,6.2148,-0.6387,0.2498,-0.1799
1635676810227,4.7539,-4.9453,6.0859,-0.6885,0.2339,-0.2140
1635676810230,4.8398,-5.0977,6.1094,-0.7695,0.2371,-0.2236
1635676810231,4.8906,-5.3672,6.3242,-0.8354,0.2466,-0.2183
1635676810261,4.8828,-5.7383,6.3789,-0.8896,0.2656,-0.2236
1635676810262,4.8086,-5.8047,6.2930,-0.9419,0.2732,-0.2534
1635676810264,4.6914,-5.6563,6.2383,-1.0205,0.2742,-0.2703
1635676810292,4.7109,-5.6758,6.0586,-1.1436,0.2881,-0.2693
1635676810294,4.7500,-5.8438,5.9219,-1.3037,0.3115,-0.2620
1635676810295,4.7500,-5.9766,5.8555,-1.4629,0.3423,-0.2554
1635676810316,4.6523,-6.0469,5.8438,-1.5908,0.3711,-0.2544
1635676810317,4.6289,-6.2578,5.8203,-1.6875,0.3860,-0.2598
1635676810318,4.6484,-6.9531,5.6875,-1.6504,0.3882,-0.2769
1635676810346,4.6484,-6.6992,5.6094,-1.4199,0.3667,-0.2905
1635676810347,4.6133,-6.7031,5.6680,-0.9473,0.3657,-0.2054
1635676810348,4.7109,-6.9844,5.0273,-0.6875,0.3477,-0.1938
1635676810378,4.6758,-6.5234,4.7383,-0.5024,0.3318,-0.1917
1635676810379,4.5586,-6.6172,4.6602,-0.4641,0.3242,-0.1799
1635676810380,4.4219,-6.6328,4.8359,-0.4768,0.3125,-0.1821
1635676810410,4.3086,-6.4805,4.9961,-0.4980,0.2849,-0.1948
1635676810411,4.2305,-6.6836,4.9688,-0.4661,0.2466,-0.2065
1635676810412,4.2188,-6.8203,4.9727,-0.3066,0.2083,-0.2119
1635676810437,4.2656,-6.7539,4.8828,-0.1193,0.1636,-0.2119
1635676810441,4.2891,-6.7148,4.7383,0.0403,0.1232,-0.1948
1635676810443,4.2773,-6.8438,4.7539,0.2073,0.0998,-0.1725
1635676810473,4.2344,-6.7109,4.7773,0.3701,0.0785,-0.1630
1635676810475,4.2461,-6.4102,4.7930,0.4839,0.0519,-0.1373
1635676810476,4.2031,-6.5273,4.8086,0.5283,0.0338,-0.1087
1635676810498,4.2305,-6.5977,4.8125,0.5425,0.0157,-0.0980
1635676810501,4.1992,-6.3242,4.9492,0.5039,-0.0087,-0.0927
1635676810504,4.2188,-6.1680,5.1133,0.3840,-0.0236,-0.0800
1635676810529,4.2852,-6.2813,5.1016,0.2286,-0.0396,-0.0714
1635676810530,4.3828,-6.6484,5.1445,0.0648,-0.0353,-0.0629
1635676810531,4.4063,-6.8242,5.1914,-0.0055,-0.0151,-0.0565
1635676810559,4.3516,-6.8711,5.4961,0.0286,0.0242,-0.0363
1635676810560,4.2344,-7.2305,5.8125,0.1147,0.0646,-0.0044
1635676810562,4.0117,-7.2148,5.9219,0.2286,0.0828,0.0169
1635676810594,3.7324,-6.9258,5.9297,0.3274,0.0817,0.0360
1635676810595,3.5527,-6.6797,5.8047,0.3521,0.0700,0.0467
1635676810596,3.4883,-6.3867,5.6289,0.3201,0.0498,0.0668
1635676810623,3.5137,-6.2930,5.5938,0.2488,0.0296,0.0860
1635676810624,3.5137,-6.4609,5.4102,0.1914,0.0147,0.0903
1635676810626,3.4492,-6.3125,5.4414,0.1840,-0.0066,0.0839
1635676810639,3.4805,-6.2422,5.4492,0.1732,-0.0311,0.0732
1635676810640,3.4922,-6.3555,5.4961,0.1594,-0.0481,0.0690
1635676810668,3.5898,-6.4492,5.6289,0.1680,-0.0609,0.0690
1635676810671,3.8516,-6.3750,5.9336,0.2179,-0.0598,0.0690
1635676810677,4.2109,-6.4258,6.2383,0.2605,-0.0364,0.0711
1635676810687,4.6445,-6.7188,6.4102,0.2339,-0.0055,0.0892
1635676810689,4.8750,-6.7695,6.5859,0.1573,0.0296,0.1073
1635676810717,5.0586,-6.6992,6.8242,0.0807,0.0775,0.1212
1635676810721,5.1250,-6.7109,6.8320,-0.0065,0.1221,0.1371
1635676810722,5.2305,-6.7578,6.7461,-0.0991,0.1615,0.1520
1635676810747,5.4727,-6.5898,6.7383,-0.1927,0.2051,0.1583
1635676810751,5.6719,-6.3203,6.6250,-0.3044,0.2413,0.1680
1635676810752,5.7969,-6.4727,6.5625,-0.4077,0.2827,0.1829
1635676810778,5.7500,-6.5547,6.6289,-0.4524,0.3296,0.1913
1635676810780,5.6406,-6.4922,6.8164,-0.4875,0.3743,0.1935
1635676810782,5.6563,-6.5039,6.8828,-0.5034,0.4126,0.1807
1635676810808,5.6250,-6.3672,6.7500,-0.5479,0.4402,0.1721
1635676810810,5.6094,-6.2813,6.5508,-0.6577,0.4583,0.1626
1635676810813,5.4805,-5.8359,6.5117,-0.8022,0.4775,0.1572
1635676810843,5.2969,-5.7148,6.1484,-1.0283,0.4902,0.1807
1635676810845,5.1797,-6.9297,6.1563,-1.2207,0.5254,0.1935
1635676810847,5.0078,-6.7695,6.2227,-1.1553,0.5391,0.1680
1635676810874,4.8281,-6.5313,6.0469,-1.0313,0.5605,0.1552
1635676810876,4.6445,-6.6836,5.8477,-0.8789,0.5850,0.1637
1635676810878,4.5977,-6.9492,5.8672,-0.7344,0.6138,0.1829
1635676810904,4.6289,-7.1680,5.9961,-0.6470,0.6392,0.1935
1635676810906,4.6133,-7.1250,6.0586,-0.6152,0.6655,0.2062
1635676810908,4.5391,-7.0313,6.0742,-0.6299,0.7031,0.2371
1635676810934,4.5352,-7.3477,6.0547,-0.7031,0.7485,0.2827
1635676810936,4.5234,-7.8945,5.9961,-0.9692,0.8413,0.3403
1635676810938,3.9297,-7.7852,5.7695,-1.0459,0.8926,0.3733
1635676810965,3.5430,-7.7461,5.5820,-1.0654,0.9380,0.4126
1635676810966,3.4082,-7.9648,5.5000,-1.0479,0.9702,0.4319
1635676810968,3.7051,-8.3750,5.7617,-0.9907,0.9966,0.4319
1635676810995,3.9180,-8.5469,5.8750,-0.8716,1.0410,0.4478
1635676810997,4.0938,-8.7891,5.7773,-0.6958,1.1094,0.4883
1635676810998,3.8848,-8.5781,5.6211,-0.6074,1.1904,0.5532
1635676811025,3.5176,-8.2344,5.5547,-0.6255,1.2744,0.6191
1635676811027,3.1230,-7.9336,5.4688,-0.7671,1.3389,0.6646
1635676811029,2.6484,-7.6133,5.2695,-0.9556,1.3789,0.6958
1635676811055,2.3477,-7.3633,4.9844,-1.0908,1.4102,0.7061
1635676811057,2.0840,-7.2930,4.7188,-1.1113,1.4375,0.6968
1635676811059,1.9297,-7.4492,4.5078,-1.0283,1.4590,0.6689
1635676811086,1.7422,-7.2734,4.2344,-0.9175,1.4756,0.6372
1635676811087,1.5176,-7.1133,4.0117,-0.7969,1.4824,0.6094
1635676811089,1.3311,-6.9414,3.8457,-0.7310,1.4756,0.5830
1635676811116,0.9717,-6.6133,3.5645,-0.7046,1.4463,0.5532
1635676811118,0.7036,-6.4102,3.3438,-0.6831,1.3975,0.5146
1635676811119,0.4714,-6.3203,3.0938,-0.6616,1.3340,0.4585
1635676811146,0.2607,-6.2148,2.8555,-0.6235,1.2578,0.3828
1635676811148,0.1173,-6.0273,2.7051,-0.5503,1.1709,0.2871
1635676811150,-0.0048,-5.7852,2.6270,-0.4395,1.0615,0.1818
1635676811177,-0.2178,-5.5938,2.7852,-0.2725,0.9263,0.0679
1635676811179,-0.3423,-5.5859,2.9961,0.0073,0.7583,-0.0693
1635676811181,-0.4021,-5.6641,2.8535,0.3616,0.5796,-0.2162
1635676811204,-0.3972,-5.4609,2.4922,0.7393,0.3967,-0.3853
1635676811205,-0.2369,-5.4414,2.4023,1.1689,0.2168,-0.5864
1635676811207,0.1053,-5.8086,2.4023,1.6182,0.0423,-0.8110
1635676811234,0.6963,-6.9141,2.2617,2.0332,-0.1183,-1.0234
1635676811235,1.6943,-8.6797,1.9863,2.3672,-0.2512,-1.2031
1635676811237,2.6992,-9.5234,1.2803,2.4941,-0.3428,-1.3564
1635676811265,3.7363,-8.9375,1.0674,2.4727,-0.3301,-1.3760
1635676811266,4.5859,-8.1719,2.0469,2.3555,-0.1747,-1.1787
1635676811267,4.9844,-8.6953,3.5859,2.1484,-0.0130,-0.8291
1635676811297,4.9727,-9.5781,5.1016,1.6836,0.0902,-0.4512
1635676811299,4.6250,-10.9922,6.2383,1.1494,0.1125,-0.1204
1635676811300,4.1445,-11.9688,6.2734,0.6348,0.0870,0.1434
1635676811327,3.4082,-11.6016,5.5508,0.3328,0.0423,0.3489
1635676811329,2.6777,-10.5938,4.6797,0.2456,-0.0162,0.5063
1635676811331,2.1699,-9.6406,3.9727,0.2137,-0.0736,0.6084
1635676811358,1.8242,-9.0547,3.4707,0.1775,-0.1428,0.6816
1635676811359,1.6465,-8.7578,3.2500,0.0860,-0.2258,0.7383
1635676811361,1.3711,-8.1250,3.1465,-0.0874,-0.3374,0.7754
1635676811388,1.1416,-7.6055,3.1191,-0.3193,-0.4695,0.7979
1635676811390,0.9214,-7.5117,3.1035,-0.5332,-0.6245,0.8105
1635676811391,0.6558,-7.3516,2.9902,-0.6787,-0.8130,0.8286
1635676811418,0.4453,-7.0898,2.9023,-0.7383,-1.0254,0.8267
1635676811420,0.2585,-6.8438,2.9629,-0.6851,-1.2490,0.7988
1635676811421,0.2083,-6.4922,3.2031,-0.5596,-1.4590,0.7456
1635676811449,0.1436,-6.0469,3.7012,-0.3789,-1.6309,0.6826
1635676811450,-0.1364,-5.4766,4.3086,-0.1012,-1.7813,0.6030
1635676811452,-0.2010,-4.9180,4.6758,0.2520,-1.9316,0.5103
1635676811479,-0.1005,-4.9648,4.6133,0.6807,-2.0371,0.3806
1635676811481,0.0144,-4.5273,4.3086,1.0195,-2.0703,0.2627
1635676811482,0.0479,-3.5684,3.9355,1.1680,-2.0664,0.1786
1635676811509,0.1771,-2.9863,4.0195,1.2119,-2.0313,0.0881
1635676811511,0.4165,-3.1641,4.3320,1.3193,-1.9844,-0.0544
1635676811512,1.2588,-4.2969,4.6133,1.4531,-1.9434,-0.2002
1635676811539,2.3652,-4.8672,5.4844,1.3213,-1.8906,-0.2598
1635676811541,2.6465,-5.3789,6.6875,1.0352,-1.8389,-0.3416
1635676811543,3.4043,-6.2461,7.9414,0.4712,-1.7500,-0.4863
1635676811569,3.6387,-6.4180,7.8516,0.3818,-1.6748,-0.4885
1635676811571,3.8086,-7.4297,7.5078,0.5498,-1.6035,-0.4565
1635676811573,4.3633,-8.7656,7.4570,0.9785,-1.5059,-0.4141
1635676811600,4.9414,-9.1719,7.4219,1.4902,-1.4004,-0.3608
1635676811601,5.0664,-8.4922,7.4141,1.9414,-1.2900,-0.3086
1635676811603,5.0391,-7.5586,7.7422,2.2227,-1.1855,-0.2683
1635676811634,5.0586,-6.6367,7.9766,2.1836,-1.1191,-0.2321
1635676811636,4.9688,-5.8398,7.8750,1.8467,-1.0918,-0.1917
1635676811637,4.9258,-5.2734,7.8828,1.4229,-1.0732,-0.1565
1635676811660,4.9688,-5.2813,7.8594,1.0430,-1.0420,-0.1299
1635676811663,5.0820,-5.7148,7.8477,0.7490,-1.0078,-0.1278
1635676811665,5.3672,-5.9414,7.6289,0.5317,-0.9771,-0.1533
1635676811691,5.4570,-6.0391,7.0898,0.4851,-0.9204,-0.1779
1635676811693,5.4844,-6.2070,6.8711,0.6743,-0.8257,-0.1682
1635676811695,5.5039,-6.3516,7.0742,0.9927,-0.7246,-0.1310
1635676811718,5.3359,-5.9219,7.4766,1.2021,-0.6621,-0.0895
1635676811719,5.1133,-5.1680,7.5078,1.2275,-0.6323,-0.0576
1635676811720,4.9141,-4.8750,7.1445,1.1289,-0.6182,-0.0417
1635676811741,4.7539,-4.8438,6.6797,0.9883,-0.6089,-0.0406
1635676811742,4.6914,-4.7773,6.4141,0.8711,-0.6206,-0.0459
1635676811770,4.7969,-4.9258,6.2109,0.8159,-0.6440,-0.0672
1635676811772,4.8359,-5.0742,6.0703,0.8413,-0.6631,-0.0895
1635676811774,4.9492,-4.9961,6.0820,0.9395,-0.6558,-0.1002
1635676811799,5.0703,-4.8477,5.9922,1.0645,-0.6206,-0.0938
1635676811800,5.3672,-4.0273,5.6797,1.0977,-0.5908,-0.0629
1635676811801,6.3984,-4.3867,7.5586,0.8564,-0.4236,0.1274
1635676811829,5.1914,-7.4727,8.4922,0.3828,-0.2917,0.2286
1635676811830,5.2734,-6.8125,8.0547,0.4766,-0.2279,0.0467
1635676811831,5.5391,-4.9453,8.2969,0.7402,-0.1449,0.0690
1635676811859,4.8281,-4.8828,8.1250,0.7012,-0.0704,0.1158
1635676811861,4.9648,-5.6094,7.3711,0.6680,-0.0492,0.1414
1635676811862,5.1406,-5.6250,6.8359,0.7563,-0.0194,0.1520
1635676811890,4.8359,-5.4844,6.7695,0.8125,0.0072,0.1658
1635676811891,4.5234,-5.1172,6.6094,0.8618,0.0019,0.1296
1635676811892,4.6289,-4.1367,6.3750,0.9019,0.0083,0.1030
1635676811920,4.5898,-3.4902,6.6719,0.8394,0.0402,0.1328
1635676811921,4.7344,-4.9141,6.7656,0.5552,0.0157,0.1924
1635676811922,4.2031,-4.8008,6.5977,0.4456,-0.0374,0.1317
1635676811950,4.3477,-3.3848,5.6016,0.4978,-0.0853,0.0903
1635676811952,5.8086,-3.3477,6.1055,0.4595,-0.0364,0.1339
1635676811953,5.1953,-5.8398,8.0469,0.2275,0.0859,0.2637
1635676811981,5.0586,-5.3555,7.7070,0.1499,0.0742,0.2030
1635676811982,5.1953,-3.8027,7.3867,0.1849,0.0349,0.1754
1635676811986,4.9766,-4.0742,8.1719,0.1849,0.1051,0.2126
1635676812012,5.3164,-4.3594,8.2734,0.1094,0.1200,0.2233
1635676812013,5.4492,-4.2969,8.1016,0.0041,0.0966,0.2296
1635676812015,5.5703,-4.7188,8.2656,-0.1788,0.1221,0.1541
1635676812041,5.5078,-4.3633,8.2188,-0.2820,0.1466,0.0881
1635676812042,5.1953,-3.6738,7.7188,-0.4832,0.1412,0.0488
1635676812043,5.1445,-3.3652,7.0352,-0.7471,0.1327,-0.0055
1635676812071,5.2188,-2.6445,6.7539,-1.0352,0.1552,-0.0512
1635676812072,5.3594,-2.7070,6.6797,-1.4873,0.1987,-0.0714
1635676812073,5.4609,-3.7070,6.5313,-1.9492,0.2253,-0.1108
1635676812104,5.4648,-3.5117,6.6836,-2.1875,0.2382,-0.2097
1635676812106,5.6836,-3.8594,6.8398,-2.3516,0.2637,-0.2917
1635676812107,5.8477,-4.4180,6.8945,-2.4551,0.2998,-0.3459
1635676812134,5.8477,-5.0391,7.1211,-2.4473,0.3635,-0.3726
1635676812136,5.8125,-5.8711,7.3750,-2.3027,0.4329,-0.3748
1635676812137,5.7148,-6.5234,7.2852,-2.0469,0.4861,-0.3564
1635676812164,5.6016,-6.7695,7.1719,-1.7178,0.5308,-0.3364
1635676812166,5.8047,-6.5977,7.1797,-1.3076,0.6040,-0.2534
1635676812168,6.0586,-6.8320,7.0508,-1.3076,0.6519,-0.1799
1635676812195,5.9258,-7.0703,6.8320,-1.3955,0.7085,-0.1236
1635676812196,5.7148,-6.8906,6.7422,-1.5127,0.7617,-0.0842
1635676812198,5.6445,-6.9063,6.8945,-1.6758,0.8105,-0.0480
1635676812232,5.6563,-7.3477,7.1367,-1.8447,0.8628,-0.0065
1635676812237,5.7305,-7.7305,7.2383,-1.9551,0.9233,0.0424
1635676812239,5.7305,-8.1719,7.2148,-1.9834,1.0029,0.1020
1635676812253,5.6250,-8.3672,7.0859,-1.9795,1.1035,0.1775
1635676812254,5.1992,-8.1719,6.9570,-1.9561,1.2129,0.2593
1635676812255,4.7031,-8.0547,6.7344,-1.8750,1.3125,0.3457
1635676812283,4.3477,-7.9219,6.5000,-1.7471,1.3896,0.4126
1635676812284,4.2891,-7.9141,6.4414,-1.6133,1.4443,0.4573
1635676812285,4.3906,-8.1172,6.5625,-1.4951,1.4951,0.4915
1635676812315,4.4727,-8.2344,6.4805,-1.3838,1.5557,0.5283
1635676812317,4.1680,-7.9453,6.2148,-1.2979,1.6279,0.5830
1635676812319,3.7559,-7.6445,5.8984,-1.2393,1.7051,0.6411
1635676812346,3.3691,-7.4688,5.7578,-1.1914,1.7764,0.6807
1635676812347,3.0195,-7.2266,5.6250,-1.1318,1.8291,0.6997
1635676812349,2.5996,-6.9063,5.3906,-1.0400,1.8594,0.6968
1635676812382,2.3340,-6.6641,5.1016,-0.9097,1.8818,0.6777
1635676812384,2.0684,-6.4063,4.8438,-0.7852,1.8916,0.6499
1635676812386,1.8379,-6.1602,4.5938,-0.6831,1.8906,0.6177
1635676812407,1.5654,-6.0352,4.2969,-0.6011,1.8799,0.5723
1635676812409,1.3213,-5.9570,4.1289,-0.4980,1.8486,0.5093
1635676812410,1.1006,-5.6719,3.9238,-0.4119,1.7988,0.4221
1635676812434,0.9165,-5.3477,3.6289,-0.3428,1.7188,0.3169
1635676812435,0.7705,-5.0352,3.3008,-0.2778,1.6191,0.2052
1635676812437,0.6484,-4.7930,3.1074,-0.2129,1.5127,0.0892
1635676812465,0.5024,-4.6289,2.9922,-0.1108,1.3975,-0.0374
1635676812474,0.4260,-4.8672,3.0605,0.1030,1.2637,-0.1906
1635676812475,0.5527,-5.4453,3.2305,0.4170,1.0908,-0.3599
1635676812495,0.7036,-5.9375,3.0059,0.7764,0.8828,-0.5234
1635676812498,0.9956,-6.6641,2.6465,1.2598,0.6709,-0.7119
1635676812499,1.3711,-7.4844,2.6152,1.8252,0.4626,-0.8862
1635676812526,1.9170,-8.3125,2.8457,2.3203,0.2646,-1.0234
1635676812528,2.3574,-7.9102,2.6309,2.5332,0.1061,-1.1045
1635676812529,2.8262,-6.8242,2.2832,2.4063,0.0274,-1.0801
1635676812555,3.5332,-6.5234,2.2832,2.0371,0.0402,-0.9590
1635676812556,4.0352,-7.3594,3.0273,1.5986,0.0955,-0.7788
1635676812558,4.1836,-8.7813,4.0430,1.1650,0.1498,-0.5586
1635676812586,4.1367,-9.9844,4.8281,0.7192,0.1530,-0.3247
1635676812587,3.7246,-10.7422,4.9336,0.3403,0.1125,-0.1384
1635676812589,3.0977,-10.7734,4.7109,0.1689,0.0604,0.0105
1635676812616,2.6191,-10.2422,4.3281,0.1946,-0.0045,0.1265
1635676812617,2.2617,-9.3828,3.9707,0.2561,-0.0822,0.2286
1635676812618,1.9941,-8.5391,3.6738,0.2041,-0.1726,0.3264
1635676812646,1.7900,-7.9883,3.5000,0.0264,-0.2683,0.4053
1635676812648,1.5986,-7.9414,3.5996,-0.1799,-0.3726,0.4690
1635676812649,1.4697,-7.9844,3.7500,-0.3396,-0.4939,0.5244
1635676812675,1.2920,-7.7617,3.8105,-0.4480,-0.6226,0.5752
1635676812677,1.0576,-7.5000,3.8926,-0.4778,-0.7471,0.6060
1635676812678,0.9146,-7.3398,3.9883,-0.4182,-0.8618,0.6157
1635676812707,0.8091,-7.0977,4.0938,-0.3098,-0.9697,0.6138
1635676812708,0.6748,-6.7891,4.1484,-0.1768,-1.0830,0.6021
1635676812709,0.5625,-6.3750,4.2305,-0.0597,-1.1904,0.5830
1635676812738,0.5171,-5.9180,4.2344,0.0435,-1.2783,0.5488
1635676812739,0.5264,-5.5742,4.2539,0.1414,-1.3438,0.5039
1635676812740,0.5337,-5.3633,4.4180,0.2413,-1.3906,0.4500
1635676812767,0.5264,-5.2539,4.7227,0.3328,-1.4297,0.3945
1635676812768,0.6294,-5.1719,5.1484,0.4202,-1.4688,0.3191
1635676812769,0.7852,-5.1367,5.6523,0.4956,-1.4990,0.2233
1635676812797,0.8208,-4.9336,6.5352,0.6411,-1.5244,0.0083
1635676812799,0.8091,-4.9023,6.7695,0.7427,-1.5234,-0.1076
1635676812800,0.8711,-4.8906,6.6016,0.8232,-1.5166,-0.2354
1635676812828,1.0771,-4.6875,6.1328,0.8384,-1.4902,-0.3501
1635676812829,1.6514,-4.9023,6.0273,0.8701,-1.4258,-0.4512
1635676812830,2.3965,-5.4336,6.5117,0.9019,-1.3340,-0.5054
1635676812858,2.9902,-6.0313,7.2109,0.8647,-1.2441,-0.5205
1635676812859,3.3086,-6.5234,7.7461,0.7734,-1.1533,-0.5181
1635676812861,3.4746,-6.9570,7.9883,0.7256,-1.0732,-0.5107
1635676812888,3.5371,-6.9961,8.1172,0.7168,-1.0010,-0.4917
1635676812890,3.6816,-6.8047,7.9141,0.7275,-0.9463,-0.4695
1635676812891,3.9199,-6.7773,7.6523,0.7573,-0.9023,-0.4502
1635676812919,4.3594,-6.6602,7.4766,0.8008,-0.8516,-0.4128
1635676812921,4.7305,-6.4297,7.3203,0.8213,-0.7939,-0.3491
1635676812923,5.0078,-6.9063,7.3945,0.8721,-0.7388,-0.2800
1635676812949,5.3438,-7.5000,7.4531,1.0107,-0.6831,-0.2300
1635676812950,5.3711,-7.5625,7.3750,1.1963,-0.6343,-0.2034
1635676812951,5.2930,-7.0195,7.3789,1.3730,-0.5918,-0.1810
1635676812979,5.2188,-6.3750,7.5820,1.5020,-0.5576,-0.1682
1635676812980,5.1563,-5.8359,7.6484,1.4941,-0.5376,-0.1438
1635676812981,5.1953,-5.4219,7.5781,1.3770,-0.5405,-0.1364
1635676813009,5.2734,-4.9141,7.2930,1.2139,-0.5493,-0.1470
1635676813010,5.2734,-4.6133,6.9453,1.0928,-0.5396,-0.1630
1635676813012,5.5703,-4.9961,6.8945,1.1074,-0.5205,-0.1853
1635676813039,5.7891,-5.2227,6.8008,1.2422,-0.4897,-0.2162
1635676813040,5.7305,-4.9180,6.6914,1.4541,-0.4482,-0.2374
1635676813041,5.6406,-4.4414,6.7344,1.5918,-0.4087,-0.2417
1635676813069,5.6523,-4.1289,6.8008,1.5146,-0.3748,-0.2289
1635676813070,5.6719,-3.7012,6.8359,1.2236,-0.3503,-0.2054
1635676813071,5.5898,-3.4746,6.9570,0.7539,-0.3247,-0.1714
1635676813102,5.5820,-4.1367,7.0938,0.2605,-0.2874,-0.1289
1635676813103,5.5625,-4.7656,7.1406,-0.0129,-0.2407,-0.0980
1635676813105,5.6641,-5.2773,7.2969,-0.0129,-0.1853,-0.0576
1635676813130,5.6641,-5.3164,7.7461,0.1020,-0.1077,-0.0427
1635676813131,5.4531,-5.0938,8.3438,0.1689,-0.0321,0.0190
1635676813132,5.7500,-4.8672,8.4609,0.1009,0.0392,0.0828
1635676813160,5.9492,-5.7617,8.2578,-0.0629,0.1061,0.1563
1635676813161,5.8633,-6.0117,8.2969,-0.1481,0.1689,0.1721
1635676813162,5.8672,-5.4922,7.7617,-0.2183,0.2264,0.1807
1635676813190,5.9531,-5.5664,7.6367,-0.3447,0.3147,0.1849
1635676813191,5.3867,-5.5117,8.2188,-0.4927,0.3967,0.1743
1635676813192,5.2070,-4.9922,7.6641,-0.6992,0.4082,0.1222
1635676813223,5.0898,-4.2461,7.4492,-0.9546,0.3796,0.0871
1635676813225,5.1563,-4.9297,7.5586,-1.0879,0.4148,0.0924
1635676813227,5.5078,-5.8906,7.6055,-1.0029,0.4519,0.0892
1635676813254,5.4766,-5.5078,7.6641,-0.8076,0.4648,0.0850
1635676813256,5.4609,-5.5273,7.6719,-0.6748,0.5029,0.1201
1635676813257,5.4648,-5.7891,7.5977,-0.6226,0.5425,0.1572
1635676813281,5.3594,-5.5352,7.4297,-0.6396,0.5659,0.1860
1635676813282,5.2695,-5.2695,7.2734,-0.7217,0.5815,0.2073
1635676813283,5.2852,-5.4219,7.4063,-0.8545,0.6074,0.2328
1635676813311,5.3477,-5.8242,7.7695,-0.9673,0.6318,0.2583
1635676813312,5.5508,-6.5039,7.9961,-1.0244,0.6699,0.2776
1635676813314,5.6875,-6.5781,7.9648,-1.0137,0.7319,0.2903
1635676813344,5.6914,-6.5352,7.9570,-1.0244,0.8008,0.3210
1635676813346,5.7266,-6.5000,7.8828,-1.1162,0.8745,0.3733
1635676813348,5.5742,-6.3594,7.7539,-1.2813,0.9531,0.4392
1635676813374,5.1328,-6.4727,7.7148,-1.4541,1.0342,0.5146
1635676813376,4.5078,-6.7539,7.6211,-1.6465,1.1309,0.5947
1635676813378,4.3164,-6.9375,7.3633,-1.6201,1.1719,0.6011
1635676813405,4.0430,-6.5430,7.0313,-1.5098,1.2061,0.5957
1635676813406,3.9180,-6.6445,6.8906,-1.3701,1.2451,0.6094
1635676813408,3.7363,-6.7227,6.6406,-1.2510,1.2783,0.6230
1635676813435,3.3789,-6.5000,6.4336,-1.1309,1.3066,0.6309
1635676813437,3.0801,-6.2344,6.3125,-1.0430,1.3271,0.6318
1635676813438,2.7305,-6.1523,6.0859,-1.0107,1.3516,0.6338
1635676813465,2.4238,-6.3125,5.9609,-1.0010,1.3701,0.6201
1635676813467,2.1855,-6.3359,5.8047,-1.0020,1.3740,0.5869
1635676813469,1.9033,-6.1836,5.6328,-0.9917,1.3672,0.5400
1635676813496,1.6973,-6.0898,5.4258,-0.9653,1.3477,0.4934
1635676813497,1.4551,-5.8242,5.1523,-0.9214,1.3223,0.4478
1635676813499,1.4336,-5.7305,4.9609,-0.8589,1.3018,0.4126
1635676813526,1.2422,-5.8477,4.7656,-0.7725,1.2998,0.3774
1635676813528,0.9385,-5.8945,4.6563,-0.6523,1.2959,0.3391
1635676813529,0.7251,-5.9844,4.6758,-0.5308,1.2803,0.2859
1635676813556,0.5073,-5.7852,4.5547,-0.4277,1.2520,0.2115
1635676813558,0.3638,-5.2422,4.1680,-0.3640,1.2090,0.1306
1635676813560,0.3711,-5.2852,3.9160,-0.3564,1.1689,0.0658
1635676813587,0.3208,-5.5273,3.8848,-0.4182,1.1143,0.0009
1635676813588,0.2800,-5.5859,3.9023,-0.5288,1.0439,-0.0704
1635676813590,0.1891,-5.5078,3.8398,-0.6416,0.9712,-0.1416
1635676813617,0.0646,-5.3398,3.8320,-0.7031,0.8999,-0.2162
1635676813618,-0.0072,-5.4609,3.7188,-0.7031,0.8315,-0.2927
1635676813620,-0.0574,-5.5547,3.5859,-0.6099,0.7646,-0.3799
1635676813647,-0.1029,-5.4414,3.4902,-0.4460,0.6953,-0.4822
1635676813649,-0.0862,-5.3281,3.3984,-0.2915,0.6240,-0.5938
1635676813650,0.0718,-5.1563,3.2773,-0.2076,0.5508,-0.7012
1635676813677,0.2394,-5.1563,3.4219,-0.1555,0.4658,-0.8203
1635676813679,0.3733,-5.0898,3.6484,-0.1225,0.3765,-0.9419
1635676813681,0.5361,-5.1680,3.8594,-0.1129,0.2954,-1.0518
1635676813708,0.9097,-5.8320,3.8398,-0.1193,0.2231,-1.1563
1635676813709,1.2158,-6.1719,3.7715,-0.1863,0.1552,-1.2646
1635676813711,1.5244,-6.3789,3.8008,-0.2661,0.1051,-1.3701
1635676813738,1.7686,-6.6602,4.0625,-0.2725,0.0626,-1.4551
1635676813740,2.0156,-7.2422,4.5391,-0.1917,0.0019,-1.5078
1635676813742,2.4746,-8.3906,5.1953,-0.0438,-0.0853,-1.5410
1635676813768,3.0703,-10.0391,5.8711,0.1903,-0.1927,-1.5527
1635676813772,3.9082,-11.9141,6.2891,0.5752,-0.3130,-1.5586
1635676813774,4.2383,-11.7500,5.6992,0.8672,-0.4141,-1.4844
1635676813800,4.5547,-9.4688,3.6074,0.9053,-0.4194,-1.2695
1635676813802,5.3125,-9.7188,3.5664,0.9863,-0.2842,-0.9971
1635676813805,5.8047,-11.2500,4.6484,0.9702,-0.1204,-0.6670
1635676813829,5.8125,-12.3750,5.5703,0.7202,-0.0183,-0.3140
1635676813831,5.5078,-13.2500,6.0586,0.3552,0.0232,-0.0076
1635676813832,4.6523,-12.9609,6.0117,0.1488,0.0392,0.2253
1635676813859,3.8086,-11.5469,5.6992,0.1531,0.0392,0.4414
1635676813861,3.0918,-10.2813,5.3711,0.1743,0.0062,0.6211
1635676813862,2.6875,-9.6328,5.0195,0.1063,-0.0374,0.7808
1635676813889,2.4883,-9.3984,4.6758,0.0169,-0.0917,0.8989
1635676813891,2.3984,-8.9063,4.1602,-0.1066,-0.1428,1.0078
1635676813893,2.3477,-9.1875,3.9258,-0.1714,-0.1927,1.1143
1635676813920,2.1055,-9.3672,3.9414,-0.1427,-0.2651,1.1973
1635676813921,1.6035,-8.6094,3.9336,-0.0842,-0.3694,1.2793
1635676813923,1.1172,-8.0156,3.9180,-0.0214,-0.4866,1.3115
1635676813950,0.5098,-6.7266,3.7402,0.1807,-0.7715,1.2676
1635676813952,0.3542,-6.0156,3.8359,0.3105,-0.9268,1.2041
1635676813953,0.2969,-5.5664,4.1680,0.4680,-1.0752,1.1182
1635676813980,0.2202,-5.1953,4.4453,0.6660,-1.2100,1.0176
1635676813982,0.1675,-4.6797,4.5273,0.8564,-1.3232,0.9019
1635676813984,0.1724,-4.4258,4.4453,1.0303,-1.4180,0.7671
1635676814010,0.0503,-4.1289,4.2852,1.2373,-1.5010,0.6060
1635676814012,-0.1340,-3.3613,4.1797,1.4561,-1.5762,0.4243
1635676814014,-0.1891,-2.5234,3.9453,1.6201,-1.6221,0.2253
1635676814040,-0.1316,-1.9512,3.6836,1.6777,-1.6230,0.0328
1635676814042,0.0814,-1.6104,3.5625,1.6660,-1.5986,-0.1470
1635676814044,0.2155,-1.3975,3.7891,1.5410,-1.5781,-0.3118
1635676814071,0.6699,-1.7090,4.4336,1.1895,-1.5713,-0.4661
1635676814073,1.3184,-2.4961,5.2383,0.5806,-1.5801,-0.6553
1635676814075,1.8838,-3.5391,5.9531,-0.1267,-1.5889,-0.8589
1635676814101,2.4727,-4.8164,6.5547,-0.7256,-1.5869,-1.0381
1635676814103,3.1543,-6.2695,6.9258,-1.0684,-1.5293,-1.1396
1635676814105,3.6387,-7.5195,6.7344,-1.1035,-1.4063,-1.1309
1635676814131,3.9023,-8.3672,6.4609,-0.8047,-1.2568,-1.0479
1635676814133,4.3906,-9.0078,6.6523,-0.2715,-1.1162,-0.9150
1635676814135,4.9766,-9.7188,6.9180,0.3201,-1.0293,-0.7959
1635676814162,5.3828,-10.3750,7.3750,0.8467,-0.9619,-0.6831
1635676814163,5.7383,-10.5938,7.7148,1.2119,-0.8979,-0.5576
1635676814165,5.9336,-9.8359,7.6992,1.3125,-0.8555,-0.4321
1635676814189,5.7266,-8.4141,7.4219,1.1660,-0.8247,-0.3013
1635676814190,5.6094,-7.2852,7.0469,0.8564,-0.7896,-0.1598
1635676814191,5.6758,-7.1602,6.9258,0.5049,-0.7373,-0.0044
1635676814219,5.7148,-7.7539,7.0742,0.2561,-0.7075,0.1296
1635676814220,5.6445,-8.0313,7.1289,0.2073,-0.6982,0.2052
1635676814221,5.5352,-8.2188,6.9922,0.4382,-0.6841,0.2350
1635676814249,5.4531,-8.0313,6.8438,0.8594,-0.6460,0.2402
1635676814250,5.3203,-7.1797,6.6563,1.2959,-0.6025,0.2350
1635676814251,5.1094,-6.0625,6.4063,1.5684,-0.5713,0.2222
1635676814282,4.8672,-5.0781,6.1328,1.5977,-0.5659,0.1998
1635676814294,4.6758,-4.4688,5.9922,1.4189,-0.5703,0.1775
1635676814296,4.6680,-4.0859,5.9180,1.1016,-0.5684,0.1509
1635676814311,4.5938,-4.1094,5.9375,0.7881,-0.5684,0.1317
1635676814320,4.4492,-4.4336,6.0586,0.5688,-0.5684,0.1169
1635676814327,4.3086,-4.8789,6.2617,0.5317,-0.5640,0.1030
1635676814335,4.0938,-5.2773,6.2695,0.7051,-0.5503,0.0775
1635676814340,3.9336,-5.2539,6.3828,0.9873,-0.5215,0.0509
1635676814349,3.9629,-5.0664,6.4023,1.2715,-0.5024,0.0201
1635676814354,4.1680,-5.1445,6.5273,1.4688,-0.4980,-0.0076
1635676814385,4.4922,-5.1250,6.4609,1.5205,-0.5015,-0.0310
1635676814404,4.4648,-4.8945,6.2773,1.4648,-0.4939,-0.0491
1635676814420,4.5742,-4.6680,6.1445,1.3604,-0.4780,-0.0534
1635676814434,5.0039,-3.8320,6.1250,1.1719,-0.4407,-0.0268
1635676814452,4.9570,-4.7656,6.8711,0.7827,-0.3789,0.1169
1635676814457,4.9258,-7.0938,7.3711,0.6519,-0.3428,0.0839
1635676814469,4.9492,-6.8711,7.5547,1.0146,-0.2874,0.0477
1635676814475,4.5938,-5.8867,7.3281,1.3848,-0.2725,0.0445
1635676814479,5.0352,-3.9570,6.9570,1.6602,-0.2482,-0.0151
1635676814484,5.8750,-3.0195,7.8789,1.4727,-0.0906,0.1721
1635676814502,5.5938,-7.3438,8.2578,0.8457,-0.0587,0.3179
1635676814507,4.9961,-6.5078,8.0547,0.8286,-0.0843,0.1541
1635676814512,4.8281,-3.6484,7.5078,1.0273,-0.1172,0.0562
1635676814517,5.3984,-2.9375,7.4453,0.9873,-0.0566,0.0371
1635676814521,5.4922,-4.5195,7.5234,0.6968,0.0200,0.1488
1635676814535,5.3242,-4.9688,7.5703,0.4988,0.0594,0.1434
1635676814540,5.4180,-4.1680,7.7266,0.3999,0.0966,0.1083
1635676814551,5.1250,-4.4023,7.6992,-0.1086,0.1327,0.1020
1635676814567,4.9492,-4.0742,7.3945,-0.1948,0.1252,0.0754
1635676814573,4.9766,-3.8340,7.0898,-0.2119,0.1295,0.0679
1635676814578,4.9570,-3.9180,7.1211,-0.1842,0.1455,0.0924
1635676814582,4.8828,-3.9824,7.2461,-0.1533,0.1572,0.0924
1635676814591,4.9961,-3.9512,7.2539,-0.1448,0.1636,0.0721
1635676814596,5.1875,-4.2344,7.2656,-0.1788,0.1934,0.0551
1635676814622,5.2070,-4.1836,7.7969,-0.1565,0.2445,0.0232
1635676814633,5.1602,-3.3672,8.3047,-0.2108,0.2827,0.0073
1635676814650,5.0742,-3.8184,8.1172,-0.4778,0.3083,0.0392
1635676814655,5.0156,-4.6680,7.8516,-0.7065,0.3232,0.0307
1635676814660,4.9141,-4.4648,7.5469,-0.8354,0.3179,0.0030
1635676814664,4.8008,-4.3516,7.3164,-0.9663,0.3274,-0.0161
1635676814672,4.6680,-4.6289,7.1445,-1.0332,0.3413,-0.0427
1635676814696,4.6055,-4.8086,7.0000,-0.9854,0.3423,-0.0778
1635676814702,4.5781,-4.8594,6.9414,-0.8228,0.3518,-0.0948
1635676814707,4.4961,-5.0078,6.9961,-0.6255,0.3518,-0.0864
1635676814711,4.5508,-5.1797,6.7070,-0.4949,0.3381,-0.0640
1635676814729,4.5195,-5.1445,6.7539,-0.4077,0.3296,-0.0459
1635676814734,4.5234,-4.9492,6.7773,-0.3789,0.3274,-0.0321
1635676814743,4.3906,-5.0703,7.0234,-0.4214,0.3359,-0.0119
1635676814762,4.3398,-5.2539,7.1250,-0.4854,0.3337,-0.0076
1635676814767,4.1563,-4.9961,7.1406,-0.5215,0.3093,-0.0353
1635676814772,4.0000,-4.5039,6.9141,-0.5864,0.2742,-0.0789
1635676814783,4.0156,-4.2422,6.5430,-0.7334,0.2296,-0.1267
1635676814795,4.0117,-4.7500,6.4609,-0.8447,0.1998,-0.1704
1635676814811,4.0078,-5.0703,6.5508,-0.7749,0.1816,-0.2108
1635676814829,4.0078,-5.0508,6.5469,-0.6152,0.1604,-0.2374
1635676814835,4.0391,-4.7656,6.3750,-0.4778,0.1401,-0.2438
1635676814846,4.0352,-5.2500,6.2266,-0.4290,0.1306,-0.2183
1635676814851,4.0078,-6.1289,6.2070,-0.3066,0.1232,-0.2129
1635676814856,3.9336,-6.0391,6.1953,-0.0299,0.0934,-0.2363
1635676814876,3.8184,-5.3555,6.1719,0.2690,0.0498,-0.2639
1635676814882,3.7793,-4.7500,6.1602,0.4041,0.0072,-0.2585
1635676814893,3.6973,-5.1992,6.0742,0.3647,-0.0417,-0.2469
1635676814899,3.8320,-5.4414,6.0703,0.3989,-0.0928,-0.2585
1635676814904,3.8770,-5.1133,6.2227,0.4351,-0.1364,-0.2703
1635676814914,4.0586,-4.7930,6.2617,0.3936,-0.1555,-0.2598
1635676814919,4.2656,-4.5234,6.3125,0.3093,-0.1438,-0.2311
1635676814945,4.4727,-4.9570,6.5117,0.1914,-0.1066,-0.1704
1635676814958,4.4883,-5.5273,6.7969,0.0371,-0.0800,-0.1449
1635676814976,4.5703,-5.5664,6.9297,-0.0959,-0.0715,-0.1342
1635676814982,4.6563,-5.5742,7.0195,-0.1693,-0.0449,-0.1129
1635676814987,4.8281,-5.4648,7.2227,-0.2363,0.0019,-0.0884
1635676814991,5.0781,-5.6289,7.3398,-0.3555,0.0540,-0.0629
1635676814997,5.1953,-5.6992,7.4258,-0.5322,0.1072,-0.0374
1635676815007,5.3281,-5.8633,7.7695,-0.7417,0.1626,-0.0289
1635676815015,5.5234,-5.9297,7.7852,-0.8916,0.2041,-0.0459
1635676815019,5.5703,-5.4258,7.6523,-0.9844,0.2423,-0.0470
1635676815045,5.6484,-5.6445,7.6367,-1.0879,0.2935,-0.0087
1635676815050,5.6914,-6.0781,7.7031,-1.1777,0.3445,0.0286
1635676815054,5.8633,-6.3750,7.8477,-1.2393,0.3796,0.0520
1635676815065,6.0352,-6.5547,7.8398,-1.3164,0.4063,0.0860
1635676815070,5.9180,-6.3516,7.5469,-1.3438,0.4434,0.1296
1635676815096,5.7070,-6.2734,7.2266,-1.3330,0.4839,0.1913
1635676815108,5.5547,-6.3984,6.9453,-1.3291,0.5200,0.2477
1635676815125,5.4961,-6.5000,6.8750,-1.3301,0.5508,0.2808
1635676815130,5.5508,-6.5898,7.1328,-1.3525,0.5776,0.3105
1635676815135,5.4531,-6.5859,7.3047,-1.4033,0.5977,0.3499
1635676815155,5.2109,-7.0195,7.4453,-1.3994,0.6616,0.4392
1635676815171,5.1211,-7.1875,7.2617,-1.3662,0.7061,0.4797
1635676815190,5.0000,-7.2852,7.0742,-1.3301,0.7646,0.5229
1635676815194,4.8164,-7.2578,6.9766,-1.3115,0.8252,0.5669
1635676815200,4.6445,-7.3164,6.9961,-1.3232,0.8799,0.6128
1635676815221,4.5859,-7.5156,6.9805,-1.3477,0.9351,0.6582
1635676815238,4.4336,-7.6055,6.8008,-1.3486,0.9927,0.6997
1635676815252,4.0938,-7.5313,6.5195,-1.2930,1.0576,0.7373
1635676815258,3.6855,-7.5078,6.3086,-1.1680,1.1250,0.7646
1635676815270,3.3848,-7.3945,6.2148,-1.0098,1.1846,0.7710
1635676815274,3.0586,-7.1992,6.1016,-0.8301,1.2422,0.7637
1635676815288,2.8574,-6.8672,5.9805,-0.6479,1.3008,0.7510
1635676815302,2.6777,-6.8203,5.7969,-0.5190,1.3613,0.7358
1635676815307,2.3555,-6.6523,5.5234,-0.4565,1.4102,0.7104
1635676815319,1.9912,-6.3477,5.3203,-0.4407,1.4512,0.6680
1635676815351,1.5918,-5.9531,5.0898,-0.4556,1.4775,0.6157
1635676815384,1.2705,-5.6016,4.7969,-0.4895,1.4854,0.5625
1635676815403,0.9907,-5.3750,4.5703,-0.5117,1.4727,0.4978
1635676815417,0.7754,-5.1328,4.3359,-0.5288,1.4346,0.4253
1635676815423,0.6104,-5.1211,4.0039,-0.5352,1.3789,0.3489
1635676815427,0.4236,-5.1016,3.6621,-0.5161,1.3105,0.2593
1635676815431,0.2920,-5.1563,3.4609,-0.4543,1.2393,0.1615
1635676815436,0.2035,-5.3047,3.3320,-0.3000,1.1572,0.0573
1635676815452,0.1364,-5.2344,3.3320,-0.0310,1.0625,-0.0395
1635676815482,0.0886,-5.2617,3.4629,0.3115,0.9551,-0.1395
1635676815499,0.1508,-6.0547,3.6504,0.7891,0.8296,-0.2661
1635676815517,0.2489,-6.5391,3.8203,1.3359,0.6646,-0.3799
1635676815534,0.4739,-7.0117,3.9297,1.8125,0.4763,-0.4768
1635676815555,0.9146,-8.0078,4.0391,2.2090,0.2773,-0.5820
1635676815560,1.4648,-8.5781,4.1289,2.4824,0.0817,-0.6553
1635676815566,1.8574,-7.7695,3.7402,2.4082,-0.0640,-0.6504
1635676815570,2.1484,-6.7969,3.2031,2.0195,-0.1162,-0.5542
1635676815575,2.5293,-7.0508,3.3223,1.5518,-0.1055,-0.3948
1635676815580,2.7969,-7.8398,3.7070,1.0283,-0.0673,-0.1788
1635676815585,2.8027,-9.4688,4.3672,0.5308,-0.0693,0.0296
1635676815590,2.6719,-10.7422,5.0078,0.1084,-0.1268,0.1871
1635676815594,2.3926,-10.9609,5.1602,-0.1501,-0.2385,0.3191
1635676815599,2.0547,-10.1953,5.0078,-0.2162,-0.3684,0.4307
1635676815604,1.7852,-9.2344,4.6563,-0.1608,-0.4961,0.5371
1635676815609,1.6279,-8.5938,4.3047,-0.0842,-0.6191,0.6328
1635676815614,1.5537,-8.2656,4.1211,-0.0299,-0.7417,0.7222
1635676815619,1.5361,-8.1719,3.9824,0.0147,-0.8735,0.7764
1635676815623,1.5127,-7.8906,3.7891,0.0605,-1.0098,0.8052
1635676815628,1.5361,-7.2031,3.7969,0.0850,-1.1455,0.8096
1635676815634,1.4668,-6.4570,3.9941,0.0881,-1.2676,0.7891
1635676815639,1.3525,-5.9141,4.3359,0.1030,-1.3906,0.7563
1635676815644,1.3447,-5.5977,4.6914,0.1296,-1.5039,0.7104
1635676815648,1.2920,-5.1953,4.9883,0.1786,-1.6084,0.6465
1635676815653,1.1318,-4.5938,5.2500,0.2510,-1.7148,0.5679
1635676815658,1.0479,-3.9102,5.3633,0.3074,-1.8037,0.4658
1635676815663,1.1348,-3.4844,5.4883,0.4041,-1.8662,0.3359
1635676815669,1.2207,-3.3359,5.4883,0.5869,-1.9023,0.2073
1635676815674,1.2900,-3.2988,5.4141,0.8657,-1.9043,0.1041
1635676815679,1.4668,-3.2656,5.5742,1.1572,-1.8867,0.0030
1635676815685,1.8477,-3.6699,5.7539,1.4023,-1.8633,-0.0980
1635676815689,2.0820,-4.1719,5.9570,1.4824,-1.8330,-0.1927
1635676815700,2.1250,-4.4258,6.2695,1.4014,-1.8076,-0.2927
1635676815704,2.4668,-4.3672,6.6211,1.1797,-1.7910,-0.4077
1635676815730,2.9922,-4.1992,6.9805,0.8457,-1.7354,-0.5151
1635676815734,3.3965,-4.4141,7.3984,0.5542,-1.6611,-0.5864
1635676815738,4.2148,-6.2266,7.9961,0.5923,-1.4453,-0.6343
1635676815750,4.6094,-7.0117,8.2031,0.8828,-1.2900,-0.6074
1635676815755,4.6875,-7.2969,8.5469,1.2500,-1.1367,-0.5767
1635676815780,4.6563,-6.9922,8.9297,1.4990,-1.0078,-0.5488
1635676815784,4.4570,-6.2461,9.0781,1.5078,-0.9121,-0.5352
1635676815788,4.4219,-5.8945,8.9844,1.2822,-0.8428,-0.5024
1635676815800,4.6367,-5.7070,8.6094,0.8594,-0.7930,-0.4578
1635676815805,4.7109,-5.5664,8.1406,0.3904,-0.7505,-0.4128
1635676815831,4.7109,-5.8555,7.6992,0.0179,-0.7065,-0.3650
1635676815836,4.8320,-6.5195,7.5781,-0.1639,-0.6694,-0.3235
1635676815842,5.0000,-6.9258,7.4141,-0.1757,-0.6245,-0.2788
1635676815854,4.9570,-6.9375,7.3398,-0.0278,-0.5713,-0.2343
1635676815856,4.8672,-6.8750,7.3750,0.2510,-0.5215,-0.1874
1635676815886,4.8242,-6.6914,7.4453,0.5337,-0.4800,-0.1416
1635676815888,4.8633,-6.4023,7.5195,0.7656,-0.4534,-0.1183
1635676815889,4.8281,-5.8867,7.4023,0.8799,-0.4299,-0.1055
1635676815916,4.7070,-5.2695,7.1055,0.9053,-0.4109,-0.1002
1635676815918,4.6133,-4.7930,6.8398,0.8784,-0.3982,-0.0980
1635676815920,4.5469,-4.4570,6.6641,0.7817,-0.3928,-0.1013
1635676815947,4.5313,-4.4961,6.5156,0.6860,-0.3970,-0.1076
1635676815948,4.6484,-4.6289,6.5742,0.6392,-0.3938,-0.1129
1635676815950,4.8477,-4.5781,6.6953,0.6040,-0.3716,-0.1108
1635676815977,4.8359,-4.5703,6.6992,0.5869,-0.3491,-0.0938
1635676815978,4.8359,-4.6797,6.8555,0.5923,-0.3301,-0.0619
1635676815980,4.9922,-5.0859,6.9531,0.6372,-0.3162,-0.0427
1635676816007,5.1172,-5.2578,6.9414,0.7041,-0.2971,-0.0300
1635676816009,5.0820,-5.1016,6.8320,0.8008,-0.2725,-0.0342
1635676816010,4.9844,-4.7109,6.8203,0.8628,-0.2576,-0.0385
1635676816037,4.9648,-4.0820,6.5977,0.8213,-0.2607,-0.0417
1635676816039,5.3555,-3.4316,6.5547,0.6689,-0.2374,-0.0225
1635676816041,5.6406,-4.5742,7.2031,0.4519,-0.1726,0.0892
1635676816067,5.3398,-5.8008,7.3906,0.3892,-0.1237,0.0924
1635676816069,5.4414,-5.2500,7.3477,0.5815,-0.0853,0.0616
1635676816071,5.8164,-4.7695,7.7852,0.8115,0.0030,0.0701
1635676816098,5.7617,-5.3242,8.2266,0.8711,0.0721,0.1265
1635676816099,5.4375,-5.1328,8.0156,0.8306,0.0817,0.1414
1635676816101,5.2969,-4.3438,7.6289,0.7539,0.0817,0.1403
1635676816128,5.2031,-4.3750,7.5078,0.6309,0.0710,0.1583
1635676816130,5.1875,-4.5156,7.2148,0.5093,0.0476,0.1647
1635676816131,5.1289,-4.3633,6.9922,0.4541,0.0338,0.1509
1635676816158,5.0313,-4.0664,7.0742,0.4221,0.0168,0.1382
1635676816160,4.9180,-3.7695,7.1836,0.4084,0.0040,0.1179
1635676816162,4.8711,-3.7559,7.2656,0.4255,-0.0109,0.0956
1635676816188,4.6797,-4.0195,7.2969,0.4924,-0.0428,0.0711
1635676816190,4.0586,-3.5703,6.5469,0.6104,-0.1512,0.0286
1635676816192,4.9609,-2.6348,6.3203,0.7466,-0.1598,-0.0161
1635676816219,6.0781,-3.4727,7.4297,0.6182,-0.0194,0.0977
1635676816220,5.5664,-5.5078,8.1563,0.3274,0.0413,0.1892
1635676816222,4.8242,-4.1289,7.8086,0.2678,0.0200,0.0988
1635676816249,5.0000,-2.5527,7.4297,0.2583,0.0094,0.0530
1635676816251,4.9531,-3.4395,7.3477,0.1563,0.0221,0.0871
1635676816252,4.9727,-3.9063,7.1328,0.1615,0.0349,0.0913
1635676816279,5.0195,-3.7480,7.0938,0.2095,0.0466,0.0743
1635676816281,4.8672,-3.5957,7.1602,0.2052,0.0455,0.0647
1635676816283,4.8555,-3.4063,7.0508,0.1499,0.0370,0.0616
1635676816312,4.8672,-3.2559,7.0625,0.0881,0.0392,0.0754
1635676816314,4.9258,-3.3047,7.1328,0.0243,0.0498,0.1073
1635676816316,4.8477,-3.8105,7.1367,-0.0555,0.0455,0.1243
1635676816341,4.9570,-3.7500,7.2578,-0.0927,0.0327,0.0934
1635676816346,5.0898,-3.4277,7.4961,-0.1533,0.0392,0.0754
1635676816347,4.9961,-4.2656,7.6875,-0.0374,0.0359,0.0392
1635676816367,4.8750,-3.4473,7.7461,0.0456,0.0476,0.0477
1635676816369,4.6719,-3.8867,7.4297,0.0307,0.0338,0.0530
1635676816370,4.5938,-3.3516,6.8633,0.0349,0.0157,0.0296
1635676816398,4.7852,-3.7559,7.1992,0.0424,0.0413,0.0349
1635676816399,4.8555,-3.9082,7.8945,0.0648,0.0785,0.0094
1635676816400,5.1250,-3.4141,7.9023,-0.0140,0.0870,0.0009
1635676816430,5.1797,-4.1602,7.6445,-0.1725,0.0977,0.0296
1635676816432,5.0508,-4.2031,7.6133,-0.1937,0.1179,0.0371
1635676816434,4.9375,-3.6387,7.6445,-0.2554,0.1263,0.0541
1635676816461,5.0391,-4.3477,7.3281,-0.3970,0.1263,0.0839
1635676816462,5.1758,-5.3164,6.9570,-0.3267,0.1487,0.0988
1635676816464,4.6523,-4.5313,8.3516,-0.0299,0.1859,0.0668
1635676816491,4.2852,-3.2813,8.5781,0.1732,0.2391,0.0147
1635676816493,4.7656,-2.6758,6.9453,0.0211,0.1530,-0.0172
1635676816494,4.5117,-3.5645,6.7344,-0.1086,0.1179,0.0062
1635676816521,4.6797,-4.0039,7.3398,-0.0884,0.1498,0.0020
1635676816523,4.5859,-3.5488,7.5781,-0.1342,0.1349,-0.0310
1635676816525,4.4727,-3.4785,7.5742,-0.2119,0.1136,-0.0608
1635676816552,4.4570,-3.5156,7.4492,-0.2617,0.0912,-0.0800
1635676816554,4.4492,-3.8320,7.2891,-0.2661,0.0679,-0.0917
1635676816556,4.5117,-3.9258,7.2891,-0.1948,0.0530,-0.0991
1635676816582,4.6367,-3.8848,7.3945,-0.1172,0.0455,-0.0938
1635676816583,4.7578,-4.2539,7.5039,-0.0587,0.0434,-0.0842
1635676816585,4.8906,-4.6172,7.6797,0.0158,0.0508,-0.0725
1635676816612,4.9492,-4.4219,7.7461,0.0967,0.0530,-0.0672
1635676816614,5.0117,-4.1563,7.8398,0.1274,0.0562,-0.0619
1635676816615,5.0664,-4.0781,8.0000,0.0839,0.0626,-0.0534
1635676816642,5.0820,-4.0547,8.1328,0.0030,0.0710,-0.0449
1635676816644,5.1016,-3.9355,8.2734,-0.1033,0.0838,-0.0321
1635676816646,5.0898,-3.9492,8.4297,-0.1853,0.1104,-0.0214
1635676816673,4.9883,-3.9688,8.5781,-0.2225,0.1434,-0.0321
1635676816674,4.8789,-3.8965,8.6484,-0.2734,0.1604,-0.0480
1635676816676,4.7656,-3.8027,8.7109,-0.4045,0.1604,-0.0821
1635676816703,4.6602,-3.7676,8.5156,-0.5801,0.1477,-0.1321
1635676816705,4.5508,-3.5664,7.9414,-0.7524,0.1211,-0.1821
1635676816706,4.4648,-3.5898,7.3789,-0.8906,0.1072,-0.2236
1635676816733,4.4492,-3.6699,7.0508,-1.0439,0.0966,-0.2544
1635676816735,4.3359,-3.6621,6.9492,-1.2148,0.0849,-0.2747
1635676816736,4.3008,-3.8457,7.0234,-1.3174,0.0764,-0.2883
1635676816763,4.2852,-4.2227,7.2266,-1.3154,0.0881,-0.2949
1635676816765,4.1602,-4.5938,7.3086,-1.2568,0.0870,-0.2788
1635676816767,4.0078,-4.9180,7.2227,-1.1338,0.0572,-0.2620
1635676816794,3.8613,-5.1328,7.0508,-0.9546,0.0338,-0.2417
1635676816796,3.7324,-5.1055,6.6602,-0.7280,0.0179,-0.2194
1635676816797,3.6074,-5.0195,6.3359,-0.4673,-0.0002,-0.2002
1635676816824,3.5762,-5.2188,6.0117,-0.1512,-0.0077,-0.1747
1635676816826,3.5391,-5.3789,5.8750,0.1711,-0.0023,-0.1533
1635676816829,3.5762,-5.4766,5.9570,0.5156,-0.0066,-0.1555
1635676816855,3.6191,-5.2695,6.1602,0.8008,-0.0045,-0.1555
1635676816856,3.5957,-4.6875,6.4922,0.9800,-0.0183,-0.1576
1635676816858,3.5645,-4.0234,6.6172,1.0068,-0.0524,-0.1598
1635676816882,3.5684,-3.5469,6.6289,0.8999,-0.1077,-0.1427
1635676816883,3.8105,-3.6660,6.5273,0.6753,-0.1810,-0.1257
1635676816884,3.9414,-4.1055,6.2695,0.4902,-0.2629,-0.1373
1635676816912,4.1094,-4.8672,6.0234,0.5752,-0.3577,-0.1490
1635676816913,4.4570,-5.1328,5.6875,0.7808,-0.4131,-0.1576
1635676816915,5.0117,-3.8652,5.1758,0.9956,-0.4343,-0.1406
1635676816945,5.9297,-4.1602,6.3438,0.9551,-0.3577,0.1201
1635676816947,5.4023,-6.6953,7.0117,0.8447,-0.2747,0.2700
1635676816948,5.5273,-6.8828,7.4336,1.3145,-0.1492,0.3606
1635676816975,4.9063,-4.4492,7.4883,1.3545,-0.1779,0.3467
1635676816977,4.3164,-4.4648,6.2930,1.4102,-0.2981,0.3457
1635676816978,4.7188,-4.6914,5.3789,1.7139,-0.3735,0.3169
1635676817005,5.5508,-3.2422,5.9023,1.9883,-0.3108,0.4063
1635676817007,5.9219,-3.1641,7.7266,1.6455,-0.2247,0.7124
1635676817008,5.4258,-4.9531,7.1602,1.1709,-0.3054,0.7402
1635676817036,5.4922,-3.5742,7.1367,1.4131,-0.3279,0.6807
1635676817042,5.3516,-2.2305,8.0391,1.5625,-0.3184,0.7563
1635676817044,5.3047,-2.5684,8.2188,1.4932,-0.3354,0.7148
1635676817066,5.5781,-2.5801,8.1328,1.4346,-0.3320,0.6348
1635676817067,5.8047,-2.2813,8.3984,1.2998,-0.3152,0.5723
1635676817069,5.6953,-2.1699,8.6016,1.1025,-0.2705,0.4956
1635676817096,5.4453,-1.6465,8.2656,0.8970,-0.2290,0.4031
1635676817097,5.1992,-1.1680,7.6406,0.6528,-0.2098,0.3286
1635676817099,5.1758,-1.2734,7.3164,0.4255,-0.1769,0.2742
1635676817126,5.1641,-1.5938,7.7500,0.2637,-0.1406,0.2041
1635676817128,5.4883,-1.9102,8.6094,0.1403,-0.1257,0.1339
1635676817129,6.1367,-2.5625,9.2891,0.0594,-0.0959,0.0637
1635676817156,6.3125,-2.8848,9.7500,0.0467,-0.0502,0.0126
1635676817158,6.3555,-2.7168,10.0078,0.0296,-0.0055,-0.0182
1635676817160,6.1680,-2.4512,9.5469,-0.0246,0.0264,-0.0598
1635676817186,5.8555,-2.1738,8.8828,-0.0374,0.0445,-0.1034
1635676817188,5.7109,-1.4844,8.1484,-0.0725,0.0721,-0.1427
1635676817190,5.6641,-0.6680,7.8711,-0.2715,0.1168,-0.1321
1635676817217,5.3906,-0.4453,7.7539,-0.7769,0.1455,-0.0651
1635676817219,5.6680,-3.9609,6.9609,-1.1553,0.1710,0.0435
1635676817220,6.2383,-6.0391,7.6563,-1.0146,0.2520,0.0498
1635676817247,5.7500,-3.2910,8.5703,-0.7861,0.3125,-0.0587
1635676817249,5.4922,-2.2715,8.5781,-0.8916,0.3337,-0.0459
1635676817250,5.5391,-2.9023,8.3516,-1.1367,0.3518,-0.0427
1635676817275,5.7617,-2.9863,8.3438,-1.3115,0.3901,-0.0608
1635676817276,5.8281,-2.9395,8.5781,-1.4219,0.4199,-0.0959
1635676817277,5.9531,-3.0566,8.5703,-1.5410,0.4360,-0.1267
1635676817304,5.8789,-2.9980,8.1797,-1.6318,0.4446,-0.1757
1635676817305,5.6641,-2.7969,7.7188,-1.6426,0.4509,-0.2417
1635676817306,5.4453,-2.6426,7.1563,-1.6182,0.4680,-0.3000
1635676817335,5.2031,-2.5449,6.5273,-1.5781,0.4934,-0.3438
1635676817336,4.9805,-2.6230,6.2070,-1.4775,0.5146,-0.3853
1635676817337,4.8281,-2.7480,6.2461,-1.4072,0.5176,-0.4246
1635676817369,4.7773,-2.8242,6.0820,-1.4297,0.5063,-0.4661
1635676817371,4.4258,-2.7305,5.8203,-1.5254,0.4829,-0.5181
1635676817376,4.1992,-2.9102,5.8359,-1.6172,0.4487,-0.5640
1635676817396,4.1836,-3.3965,5.8633,-1.7256,0.4031,-0.6099
1635676817400,4.0664,-3.9785,5.7383,-1.8076,0.3486,-0.6553
1635676817407,3.9355,-4.6289,5.7578,-1.7363,0.2976,-0.6904
1635676817414,3.7188,-5.0391,5.8477,-1.5234,0.2625,-0.6904
1635676817419,3.4180,-5.2461,5.8867,-1.2471,0.2242,-0.6704
1635676817445,3.1543,-5.4531,5.8047,-0.9717,0.1838,-0.6396
1635676817449,2.9727,-5.5977,5.5977,-0.7217,0.1498,-0.6045
1635676817454,2.9316,-5.8164,5.5195,-0.5034,0.1211,-0.5791
1635676817465,3.0918,-5.9609,5.5781,-0.3555,0.0934,-0.5469
1635676817480,3.3750,-6.1406,5.8125,-0.2617,0.0604,-0.5044
1635676817486,3.5352,-6.3633,6.0391,-0.1416,0.0232,-0.4768
1635676817511,3.6543,-6.6563,6.1875,0.0222,-0.0066,-0.4353
1635676817516,3.7266,-6.7578,6.2930,0.1935,-0.0374,-0.3865
1635676817521,3.7695,-6.5000,6.4727,0.3340,-0.0630,-0.3311
1635676817544,3.6934,-6.0469,6.5664,0.3967,-0.0843,-0.2683
1635676817550,3.7031,-5.5352,6.5000,0.3647,-0.1034,-0.2045
1635676817555,3.8008,-5.1406,6.4414,0.2529,-0.1077,-0.1373
1635676817559,3.9395,-4.9336,6.2500,0.0828,-0.1034,-0.0640
1635676817565,4.2656,-5.1992,6.2813,-0.0331,-0.1034,-0.0065
1635676817578,4.5273,-5.8320,6.5000,0.0137,-0.1183,0.0201
1635676817586,4.7969,-6.0586,6.8789,0.5635,-0.1523,0.0456
1635676817590,4.7773,-5.6133,6.8945,0.9648,-0.1609,0.0435
1635676817616,4.7305,-4.9063,6.9063,1.2793,-0.1609,0.0530
1635676817628,4.7305,-4.3086,6.8594,1.3770,-0.1747,0.0721
1635676817632,4.7344,-3.8535,6.7773,1.2158,-0.2098,0.0817
1635676817638,4.8711,-3.4785,6.6211,0.9565,-0.2534,0.0711
1635676817643,5.0156,-3.5137,6.5977,0.7329,-0.2651,0.0626
1635676817666,4.9961,-3.7344,6.8086,0.5742,-0.2588,0.0797
1635676817677,5.2031,-4.1992,6.8320,0.5435,-0.2491,0.0977
1635676817693,5.5078,-4.3438,7.3320,0.6284,-0.1896,0.1265
1635676817699,5.3008,-4.8555,7.8672,0.7349,-0.1512,0.1445
1635676817703,5.5625,-4.6758,8.2344,0.9604,-0.1045,0.1243
1635676817708,5.3789,-4.2734,8.1797,1.0498,-0.0673,0.1743
1635676817717,5.2305,-4.3633,7.7461,1.0713,-0.0396,0.2041
1635676817721,5.1758,-3.6055,7.5352,1.1250,-0.0258,0.2052
1635676817757,5.6289,-3.2930,7.6133,1.1016,0.0189,0.2136
1635676817775,5.4961,-3.9551,7.6875,0.8467,0.0423,0.2424
1635676817806,4.7656,-3.2031,7.6484,0.7061,0.0232,0.1829
1635676817822,4.7461,-1.9775,7.3086,0.6245,-0.0141,0.1371
1635676817827,5.4453,-2.7910,7.4453,0.5181,0.0115,0.1403
1635676817841,5.3086,-4.0000,7.8672,0.4180,0.0338,0.1423
1635676817856,5.0703,-3.2051,7.8203,0.4744,0.0317,0.0860
1635676817861,5.2148,-3.0137,7.6406,0.5234,0.0455,0.0732
1635676817865,5.1016,-3.5996,7.6953,0.5327,0.0572,0.0797
1635676817871,4.9648,-3.6191,7.5508,0.6040,0.0381,0.0775
1635676817876,4.9063,-2.4551,7.2539,0.6787,0.0402,0.0317
1635676817888,5.0586,-1.9893,6.9805,0.5479,0.0530,0.0126
1635676817906,5.2344,-1.3545,7.1289,0.2158,0.0626,-0.0034
1635676817911,5.3906,-2.4980,7.9570,-0.2747,0.0626,0.0424
1635676817915,5.3906,-4.3672,8.6094,-0.4832,0.0945,0.0520
1635676817921,5.4180,-2.8223,8.6641,-0.4087,0.0934,-0.0055
1635676817925,5.4531,-3.0039,8.3750,-0.4214,0.1083,0.0105
1635676817939,5.3594,-3.9570,8.2656,-0.4055,0.1360,0.0232
1635676817943,5.1758,-3.4277,8.1641,-0.3428,0.1392,-0.0002
1635676817948,5.1289,-3.2090,7.8164,-0.3928,0.1434,-0.0161
1635676817957,5.0664,-3.2773,7.6719,-0.4917,0.1626,-0.0289
1635676817962,5.0820,-3.5059,7.7070,-0.5649,0.1732,-0.0342
1635676817966,5.1641,-3.5879,7.8359,-0.5576,0.1816,-0.0438
1635676817972,5.1445,-3.6094,7.8945,-0.4958,0.2019,-0.0246
1635676817977,5.0742,-3.8203,7.8672,-0.4534,0.2200,0.0009
1635676817989,4.9844,-4.0430,7.8828,-0.4375,0.2253,0.0179
1635676817994,4.9844,-4.0313,7.8398,-0.4258,0.2222,0.0190
1635676818035,4.9297,-3.8242,7.7539,-0.4194,0.2083,0.0147
1635676818054,4.8750,-3.6836,7.6133,-0.4375,0.1987,0.0243
1635676818058,4.8633,-3.6738,7.4883,-0.4810,0.1924,0.0349
1635676818064,4.8047,-3.6133,7.3984,-0.5439,0.1827,0.0296
1635676818070,4.8008,-3.6367,7.4375,-0.6152,0.1764,0.0158
1635676818086,4.9219,-3.9590,7.7539,-0.6714,0.1785,-0.0087
1635676818103,4.9922,-4.0039,7.8164,-0.7417,0.1827,-0.0374
1635676818108,5.0195,-4.0508,7.6133,-0.7769,0.2041,-0.0534
1635676818119,4.9727,-4.3398,7.5664,-0.7012,0.2402,-0.0480
1635676818135,4.8477,-4.5234,7.6445,-0.5830,0.2764,-0.0172
1635676818151,4.7266,-4.5352,7.5859,-0.5098,0.3020,0.0158
1635676818157,4.6133,-4.4453,7.4766,-0.5142,0.3083,0.0264
1635676818168,4.5273,-4.4063,7.3906,-0.5786,0.3030,0.0264
1635676818184,4.4805,-4.4063,7.3711,-0.6670,0.2944,0.0254
1635676818189,4.5508,-4.5039,7.5195,-0.7661,0.2805,0.0275
1635676818193,4.6875,-4.7383,7.6133,-0.8809,0.2561,0.0222
1635676818199,4.7734,-4.8398,7.5547,-1.0127,0.2317,0.0179
1635676818204,4.8086,-5.0156,7.3633,-1.1270,0.2274,0.0296
1635676818231,4.7773,-5.0508,7.1992,-1.1787,0.2754,0.0732
1635676818236,4.8047,-5.3555,7.3281,-1.1709,0.3125,0.0945
1635676818241,4.7813,-5.4648,7.4023,-1.1621,0.3562,0.1212
1635676818247,4.6133,-5.4453,7.4688,-1.1641,0.3945,0.1423
1635676818258,4.4570,-5.4180,7.5742,-1.1611,0.4316,0.1563
1635676818263,4.3086,-5.3320,7.5938,-1.1348,0.4680,0.1615
1635676818280,4.1367,-5.1758,7.4648,-1.0908,0.4978,0.1647
1635676818286,3.9629,-5.2031,7.2969,-1.0303,0.5190,0.1647
1635676818313,3.7910,-5.2891,7.0977,-0.9482,0.5347,0.1615
1635676818317,3.6543,-5.2773,6.8828,-0.8555,0.5371,0.1403
1635676818322,3.4844,-5.0156,6.7070,-0.7490,0.5254,0.1062
1635676818327,3.4160,-4.9297,6.5352,-0.6992,0.5063,0.0764
1635676818346,3.3965,-4.9336,6.3828,-0.7461,0.4763,0.0435
1635676818364,3.3965,-4.8359,6.2422,-0.8481,0.4446,0.0083
1635676818395,3.4473,-5.0508,6.1016,-0.9385,0.4116,-0.0161
1635676818411,3.6113,-5.3672,5.9531,-0.9854,0.3733,-0.0268
1635676818444,3.8750,-5.6133,5.9258,-0.9863,0.3423,-0.0246
1635676818458,3.8516,-5.8633,6.0586,-0.9194,0.3232,-0.0151
1635676818477,3.8340,-6.0352,6.1719,-0.7930,0.2976,-0.0012
1635676818495,3.8145,-6.2461,6.2539,-0.6084,0.2678,0.0073
1635676818511,3.7715,-6.3125,6.2070,-0.3713,0.2360,0.0137
1635676818526,3.7266,-6.1836,6.0977,-0.1630,0.2062,0.0201
1635676818542,3.6836,-6.0547,5.9922,-0.0182,0.1827,0.0254
1635676818546,3.7461,-5.9219,6.0234,0.0222,0.1561,0.0254
1635676818551,3.8594,-5.7773,6.0742,-0.0470,0.1370,0.0190
1635676818575,4.0117,-6.0352,6.3047,-0.1310,0.1392,0.0264
1635676818593,4.2695,-6.5352,6.5938,-0.2065,0.1572,0.0445
1635676818610,4.4805,-7.0391,6.8633,-0.2788,0.1924,0.0721
1635676818626,4.6211,-7.5078,7.3125,-0.3491,0.2520,0.1105
1635676818630,4.7461,-7.8984,7.6563,-0.4331,0.3318,0.1647
1635676818635,4.6758,-8.2109,7.8008,-0.4939,0.4285,0.2402
1635676818639,4.5117,-8.3672,7.9492,-0.4993,0.5464,0.3457
1635676818644,4.2461,-8.4609,8.1719,-0.4673,0.6733,0.4617
1635676818658,3.9785,-8.3984,8.1875,-0.4597,0.7881,0.5635
1635676818673,3.5527,-7.9844,8.0625,-0.4768,0.8979,0.6455
1635676818679,3.2070,-7.6875,7.9961,-0.4832,0.9976,0.7075
1635676818684,2.9102,-7.3633,7.8086,-0.4958,1.0850,0.7446
1635676818689,2.6035,-6.9141,7.5156,-0.5000,1.1592,0.7671
1635676818694,2.4258,-6.6836,7.2461,-0.5000,1.2314,0.7798
1635676818699,2.3027,-6.6953,7.1445,-0.5054,1.2930,0.7827
1635676818703,2.3184,-6.7695,7.0469,-0.5142,1.3447,0.7744
1635676818708,2.1211,-6.4492,6.8516,-0.5044,1.3906,0.7607
1635676818713,1.9385,-6.1094,6.5859,-0.4629,1.4238,0.7466
1635676818718,1.7617,-6.0234,6.3125,-0.3992,1.4502,0.7275
1635676818723,1.4717,-5.7578,6.0078,-0.3225,1.4619,0.6978
1635676818727,1.2539,-5.3867,5.6953,-0.2598,1.4541,0.6563
1635676818732,1.0938,-5.1133,5.4102,-0.2162,1.4355,0.5977
1635676818737,1.0049,-4.7617,5.0820,-0.2034,1.4043,0.5283
1635676818742,0.9189,-4.5313,4.7344,-0.2183,1.3545,0.4500
1635676818746,0.7944,-4.3906,4.6016,-0.2257,1.2842,0.3625
1635676818752,0.6509,-4.0586,4.4961,-0.1874,1.2080,0.2678
1635676818757,0.4380,-3.6641,4.3789,-0.0746,1.1299,0.1594
1635676818762,0.3782,-3.5176,4.2227,0.0881,1.0381,0.0360
1635676818767,0.3159,-3.2891,4.0859,0.2445,0.9214,-0.1161
1635676818772,0.2417,-2.8770,3.9102,0.3936,0.7773,-0.2883
1635676818777,0.2394,-2.4961,3.7344,0.5181,0.6211,-0.4683
1635676818781,0.2896,-2.2539,3.7109,0.6167,0.4531,-0.6514
1635676818792,0.3662,-2.0508,3.8652,0.6797,0.2593,-0.8408
1635676818793,0.5146,-1.9912,4.1289,0.6426,0.0434,-1.0469
1635676818795,0.7539,-2.3359,4.5078,0.2201,-0.4397,-1.5469
1635676818799,1.8555,-4.3984,5.8555,-0.0651,-0.6660,-1.8018
1635676818820,2.4043,-6.1719,6.5898,-0.2097,-0.8726,-2.0547
1635676818837,2.9531,-7.6914,7.1602,-0.1650,-1.0576,-2.2637
1635676818842,3.9238,-8.0000,6.1328,-0.2300,-1.1719,-2.3379
1635676818847,5.5664,-7.6563,5.2695,-0.3726,-1.0420,-2.2324
1635676818852,7.1992,-9.1641,6.2109,-0.1597,-0.7192,-1.9463
1635676818857,7.9766,-10.4219,7.7500,0.0669,-0.3960,-1.5313
1635676818871,7.9258,-11.6484,9.1016,0.0605,-0.1555,-1.0625
1635676818886,7.5000,-13.2344,9.6094,-0.0810,0.0392,-0.6504
1635676818918,6.6484,-13.5469,9.0469,-0.1140,0.2094,-0.3491
1635676818934,5.5938,-11.9609,8.2344,0.0190,0.3667,-0.1342
1635676818939,4.5469,-9.9453,7.5977,0.0775,0.4966,0.0222
1635676818953,3.7695,-8.7344,7.0352,-0.0629,0.5796,0.1265
1635676818969,3.1719,-8.1250,6.5742,-0.2949,0.6221,0.1903
1635676818975,2.7480,-7.6719,6.2344,-0.5225,0.6382,0.2264
1635676818980,2.3711,-7.2773,6.0195,-0.6841,0.6318,0.2286
1635676818994,2.1230,-7.1055,6.0039,-0.7437,0.6030,0.2115
1635676818999,2.0840,-7.0625,5.8984,-0.7651,0.5591,0.2020
1635676819003,1.9365,-6.8086,5.6250,-0.7500,0.5020,0.2020
1635676819016,1.7666,-6.8008,5.5430,-0.6309,0.4402,0.2126
1635676819021,1.7900,-6.7969,5.3828,-0.4917,0.3796,0.2382
1635676819025,1.6279,-6.6094,5.1602,-0.3757,0.3188,0.2710
1635676819030,1.4697,-6.7578,5.1250,-0.2086,0.2593,0.3030
1635676819049,1.3691,-6.8281,5.2305,-0.0374,0.2041,0.3350
1635676819065,1.2178,-6.6836,5.2617,0.0839,0.1498,0.3679
1635676819082,1.0342,-6.4141,5.2734,0.1573,0.0966,0.3872
1635676819100,0.8906,-6.3672,5.4844,0.2095,0.0476,0.3936
1635676819117,1.0029,-6.4922,5.6680,0.2009,-0.0034,0.3892
1635676819133,1.0264,-6.4492,5.6523,0.1254,-0.0545,0.3818
1635676819139,0.9741,-6.4688,5.8125,0.0732,-0.1034,0.3594
1635676819149,1.2090,-6.9297,6.0664,0.0605,-0.1460,0.3340
1635676819166,1.4551,-7.0391,6.0898,0.0201,-0.1810,0.3191
1635676819182,1.3857,-6.8320,6.0234,0.0211,-0.1981,0.3074
1635676819187,1.3740,-6.7227,6.0664,0.0701,-0.1959,0.3052
1635676819198,1.5146,-6.7852,6.0977,0.1222,-0.1832,0.3093
1635676819203,1.6230,-6.8398,6.1016,0.1445,-0.1672,0.3201
1635676819209,1.6494,-6.7891,6.1680,0.1680,-0.1544,0.3210
1635676819213,1.7588,-6.9141,6.3672,0.2126,-0.1385,0.3191
1635676819218,1.9600,-7.2031,6.5430,0.2435,-0.1257,0.3125
1635676819229,2.1152,-7.3281,6.5664,0.2615,-0.1098,0.3052
1635676819248,2.0547,-7.1055,6.5352,0.2966,-0.0959,0.3020
1635676819259,2.0430,-6.8164,6.5781,0.3254,-0.0822,0.3083
1635676819278,1.9912,-6.5859,6.5742,0.3115,-0.0673,0.3137
1635676819294,1.9629,-6.5352,6.5781,0.2605,-0.0587,0.3210
1635676819313,1.9746,-6.4844,6.5117,0.1914,-0.0524,0.3232
1635676819329,1.9072,-6.4961,6.5039,0.1392,-0.0470,0.3201
1635676819346,1.9844,-6.6914,6.5273,0.1063,-0.0524,0.3137
1635676819362,2.0547,-6.8281,6.4727,0.1030,-0.0524,0.3020
1635676819376,2.0039,-6.9609,6.4375,0.1732,-0.0502,0.2988
1635676819395,2.0059,-7.0117,6.4805,0.2732,-0.0555,0.3062
1635676819409,2.0820,-6.9570,6.5977,0.3638,-0.0609,0.3042
1635676819442,2.1172,-6.9453,6.6953,0.4158,-0.0683,0.3137
1635676819459,2.1543,-7.0547,6.7148,0.4360,-0.0662,0.3286
1635676819477,2.0918,-7.0508,6.6914,0.4360,-0.0673,0.3467
1635676819491,1.9463,-6.8477,6.7266,0.4243,-0.0789,0.3625
1635676819509,1.9795,-6.8359,6.8086,0.4031,-0.0906,0.3743
1635676819526,1.9248,-6.9219,6.8242,0.3774,-0.0864,0.3967
1635676819530,1.8193,-6.8867,6.7773,0.3191,-0.0811,0.4116
1635676819542,1.8359,-7.0078,6.6953,0.2551,-0.0811,0.4211
1635676819555,1.7637,-7.0898,6.3828,0.2668,-0.0875,0.4329
1635676819560,1.6279,-7.0273,6.1602,0.5298,-0.0928,0.4766
1635676819564,1.4531,-6.9648,6.2617,0.6147,-0.1066,0.5063
1635676819570,1.3379,-6.8477,6.4297,0.6997,-0.1321,0.5229
1635676819575,1.1650,-6.6758,6.4961,0.7798,-0.1555,0.5454
1635676819580,0.9404,-6.4336,6.4453,0.8242,-0.1927,0.5645
1635676819585,0.7109,-6.2656,6.3242,0.8486,-0.2512,0.5796
1635676819590,0.5791,-6.2578,6.1523,0.9097,-0.3215,0.5840
1635676819594,0.4619,-6.3984,6.0430,1.0596,-0.3928,0.5869
1635676819599,0.2825,-6.3047,6.0469,1.2617,-0.4780,0.6040
1635676819604,0.0526,-5.9727,6.1953,1.5293,-0.5947,0.6191
1635676819608,0.0263,-5.9805,6.5898,1.8525,-0.7139,0.6362
1635676819613,0.1963,-6.2031,6.7539,2.2090,-0.8301,0.6616
1635676819617,0.1532,-6.0117,6.8867,2.6035,-0.9429,0.6797
1635676819621,0.1316,-5.7539,7.2305,3.0020,-1.0615,0.7212
1635676819626,0.2035,-5.4766,7.7305,3.3867,-1.1875,0.7358
1635676819630,0.3135,-5.2109,8.3359,3.7539,-1.2900,0.7583
1635676819635,0.5000,-5.1328,8.8828,4.0820,-1.3730,0.7998
1635676819639,0.7563,-4.7695,9.1641,4.2578,-1.4160,0.8350
1635676819645,0.8950,-3.8926,9.1719,4.1758,-1.4287,0.8784
1635676819649,1.0000,-3.0137,8.8984,3.8633,-1.4473,0.9385
1635676819657,1.2305,-2.1875,8.5781,3.4063,-1.4570,0.9902
1635676819664,1.4912,-1.5322,8.0703,2.8555,-1.4863,1.0420
1635676819665,1.5869,-1.3955,7.6563,2.3203,-1.5205,1.0947
1635676819670,1.6826,-1.7305,7.7734,1.9082,-1.5566,1.1445
1635676819674,2.1055,-2.4609,8.4063,1.7148,-1.5957,1.1738
1635676819678,2.7539,-3.2070,9.3203,1.7490,-1.6250,1.1602
1635676819683,3.3223,-3.1387,10.0234,1.9326,-1.5938,1.1445
1635676819687,3.5488,-2.7148,10.3359,2.2461,-1.5098,1.1133
1635676819691,3.6406,-2.2598,10.3906,2.5215,-1.4521,1.1016
1635676819695,3.8320,-1.6016,10.0234,2.6055,-1.4160,1.0986
1635676819702,3.9883,-0.9478,9.5469,2.5586,-1.3867,1.0791
1635676819706,4.2188,-0.5410,9.1406,2.4336,-1.3418,1.0576
1635676819733,4.4180,-0.3806,8.9531,2.2520,-1.2646,1.0527
1635676819738,4.5000,-0.2896,8.9141,2.0625,-1.1895,1.0439
1635676819743,4.6172,-0.4834,9.0547,1.8867,-1.1270,1.0254
1635676819754,4.7734,-0.8403,9.4453,1.7480,-1.0576,1.0029
1635676819759,4.8086,-1.2109,9.8125,1.7090,-0.9727,0.9775
1635676819784,4.8984,-1.3311,10.0078,1.7412,-0.8916,0.9468
1635676819789,4.9648,-0.9766,10.0234,1.7900,-0.8066,0.9082
1635676819794,4.8906,-0.4692,9.8750,1.7979,-0.7183,0.8745
1635676819804,4.8867,-0.0670,9.6484,1.7188,-0.6470,0.8394
1635676819809,4.9297,0.1268,9.2266,1.5654,-0.5737,0.8042
1635676819837,4.8789,0.2896,8.8438,1.4082,-0.4993,0.7681
1635676819844,4.7656,0.2847,8.6797,1.2715,-0.4321,0.7349
1635676819851,4.7617,0.1268,8.6094,1.1504,-0.3694,0.7085
1635676819860,4.7695,0.0598,8.4922,1.0625,-0.3044,0.6777
1635676819861,4.6758,0.0742,8.5156,1.0078,-0.2417,0.6528
1635676819889,4.6094,0.0670,8.5469,0.9668,-0.1832,0.6348
1635676819890,4.5586,0.1771,8.5703,0.9385,-0.1395,0.6128
1635676819892,4.4609,0.3877,8.5781,0.9043,-0.0970,0.5859
1635676819920,4.3555,0.5479,8.5625,0.8467,-0.0630,0.5552
1635676819922,4.3086,0.7397,8.4766,0.7671,-0.0385,0.5210
1635676819924,4.2578,0.9404,8.3438,0.6753,-0.0162,0.4839
1635676819949,4.1445,0.9668,8.2969,0.5806,0.0062,0.4487
1635676819951,4.0586,0.8618,8.2500,0.4902,0.0179,0.4138
1635676819953,4.0898,0.8184,8.2969,0.4233,0.0189,0.3796
1635676819980,4.2266,0.7422,8.2891,0.3860,0.0253,0.3467
1635676819982,4.3281,0.6270,8.3438,0.3616,0.0455,0.3264
1635676819984,4.3359,0.6104,8.2891,0.3381,0.0721,0.3147
1635676820010,4.2578,0.6699,8.2813,0.3062,0.0870,0.2957
1635676820011,4.2422,0.6606,8.4297,0.2605,0.0912,0.2742
1635676820013,4.1484,0.6582,8.5391,0.1658,0.1115,0.2393
1635676820040,4.1133,0.7661,8.5938,0.1392,0.1157,0.2286
1635676820042,4.0977,0.7109,8.7344,0.1147,0.1125,0.2222
1635676820044,4.1875,0.5938,8.7813,0.0988,0.1072,0.2126
1635676820069,4.2227,0.7397,8.6406,0.0924,0.1147,0.1987
1635676820073,4.1172,0.9238,8.5781,0.0850,0.1232,0.1829
1635676820076,4.0000,0.9692,8.5078,0.0573,0.1221,0.1680
1635676820090,3.9063,0.9453,8.4141,0.0254,0.1147,0.1477
1635676820097,3.8145,1.0215,8.3906,0.0052,0.1094,0.1232
1635676820108,3.7813,1.1172,8.4297,-0.0065,0.0977,0.1052
1635676820110,3.7891,1.1650,8.4844,-0.0257,0.0870,0.0892
1635676820141,3.7754,1.0527,8.6094,-0.0352,0.0785,0.0732
1635676820143,3.8223,0.8618,8.6953,-0.0363,0.0700,0.0573
1635676820144,3.8105,0.8330,8.7344,-0.0363,0.0626,0.0424
1635676820169,3.8770,0.8926,8.5391,-0.0299,0.0423,0.0137
1635676820172,3.9082,0.7612,8.6484,0.0009,0.0349,0.0073
1635676820174,3.8809,1.0908,8.7266,-0.0246,0.0317,-0.0065
1635676820190,3.9160,0.9814,8.6328,-0.0608,0.0147,-0.0129
1635676820192,3.9453,0.8423,8.4063,-0.0587,0.0051,-0.0140
1635676820220,3.9063,0.9624,8.4219,-0.0342,-0.0077,-0.0065
1635676820221,3.9805,1.0361,8.6094,-0.0331,-0.0247,-0.0204
1635676820222,4.2148,0.9668,8.7031,-0.0735,-0.0396,-0.0236
1635676820248,4.2148,0.9214,8.7266,-0.1002,-0.0289,-0.0257
1635676820253,4.0625,0.7852,8.8516,-0.0863,-0.0215,-0.0300
1635676820254,4.1250,0.6460,8.9766,-0.0587,-0.0279,-0.0310
1635676820279,4.1719,0.6582,9.1094,-0.0374,-0.0279,-0.0342
1635676820280,4.1953,0.7729,9.1406,-0.0342,-0.0215,-0.0417
1635676820282,4.1172,0.8184,9.1250,-0.0533,-0.0172,-0.0385
1635676820312,4.0391,0.7876,9.0547,-0.0789,-0.0098,-0.0289
1635676820314,3.9902,0.7300,9.0234,-0.1033,-0.0055,-0.0204
1635676820316,3.9727,0.5649,9.0938,-0.1108,-0.0066,-0.0065
1635676820344,4.0859,0.4932,9.1563,-0.0906,-0.0119,0.0030
1635676820346,4.1250,0.5098,9.1797,-0.0565,-0.0013,0.0169
1635676820347,4.0469,0.6343,9.1641,-0.0289,0.0104,0.0317
1635676820372,4.0000,0.7202,9.2031,-0.0140,0.0157,0.0360
1635676820374,4.0703,0.6460,9.1484,-0.0140,0.0189,0.0317
1635676820376,4.1133,0.6104,9.0938,-0.0129,0.0232,0.0317
1635676820401,4.0859,0.7227,9.0547,-0.0129,0.0306,0.0307
1635676820404,3.9844,0.8330,9.0547,-0.0257,0.0338,0.0232
1635676820407,4.0000,0.8569,9.0547,-0.0544,0.0338,0.0211
1635676820421,4.0430,0.7227,9.0781,-0.0671,0.0317,0.0211
1635676820423,4.0820,0.6245,9.0547,-0.0608,0.0392,0.0232
1635676820453,4.0039,0.6533,9.0938,-0.0374,0.0498,0.0286
1635676820455,3.8594,0.6895,9.1094,-0.0118,0.0530,0.0317
1635676820457,3.7930,0.6870,9.1406,-0.0044,0.0413,0.0286
1635676820484,3.8008,0.6631,9.1094,0.0020,0.0317,0.0222
1635676820485,3.8145,0.7109,9.0859,0.0105,0.0274,0.0211
1635676820487,3.8398,0.7754,9.0391,0.0126,0.0200,0.0254
1635676820514,3.8320,0.7612,9.0391,0.0020,0.0147,0.0243
1635676820516,3.8535,0.7158,8.9844,-0.0087,0.0083,0.0232
1635676820518,3.8926,0.6128,8.9688,-0.0044,0.0072,0.0232
1635676820544,3.9141,0.4236,9.0625,0.0116,0.0083,0.0360
1635676820546,3.9102,0.3997,9.0234,0.0339,0.0125,0.0477
1635676820547,3.8633,0.5576,9.0078,0.0541,0.0200,0.0467
1635676820572,3.8848,0.5938,9.0625,0.0594,0.0200,0.0477
1635676820575,3.8867,0.6367,9.0078,0.0541,0.0211,0.0477
1635676820578,3.8438,0.7539,8.9297,0.0403,0.0253,0.0456
1635676820592,3.8398,0.7202,8.8984,0.0233,0.0253,0.0498
1635676820594,3.8320,0.6177,8.9297,0.0137,0.0189,0.0530
1635676820625,3.8828,0.5742,8.9375,0.0201,0.0147,0.0477
1635676820626,3.9277,0.5435,8.9531,0.0488,0.0094,0.0467
1635676820628,3.8672,0.6294,8.8516,0.0541,0.0125,0.0477
1635676820658,3.8418,0.6558,8.8906,0.0530,0.0072,0.0445
1635676820660,3.8281,0.6938,8.8516,0.0499,-0.0002,0.0435
1635676820662,3.6504,1.0293,8.7266,0.0286,-0.0353,0.0392
1635676820690,4.0820,0.7373,8.6875,-0.0331,-0.0566,0.0264
1635676820718,3.9492,0.4260,8.6797,-0.0480,-0.0428,0.0328
1635676820719,3.9258,0.6724,8.8438,-0.0193,-0.0481,0.0211
1635676820721,4.1250,0.6460,9.0859,-0.0118,-0.0449,-0.0023
1635676820723,4.2656,0.5527,9.2969,-0.0129,-0.0204,-0.0023
1635676820724,4.2383,0.7373,9.4297,-0.0055,0.0136,-0.0076
